3950 5917
1618 833 2115 919 XXXII.

1597 1121 1809 1192 Anno
1876 1118 1917 1193 1
1932 1118 2116 1193 198.

154 1377 1282 1484 Andrea8,Dalmatiae
1327 1377 1930 1461 etGroatiae
1968 1377 2213 1485 Dux,
2275 1382 2560 1486 regia
2622 1382 3237 1460 auctoritate
3301 1380 3524 1460 fun-

160 1521 495 1624 gitur,
588 1527 887 1622 atque
950 1539 1350 1596 snorum
1422 1518 1866 1624 majoum,
1961 1513 2339 1621 Geysae
2414 1527 2508 1597 et
2567 1517 3056 1623 Stephani
3116 1515 3519 1623 Regum,

423 1655 725 1759 dona,
785 1653 1743 1762 Archicpiscopatni
1803 1654 2332 1760 Spalatino
2397 1654 2658 1760 data,
2724 1656 3282 1736 confirmat.

553 1924 714 2018 Ego
793 1924 1116 2000 Andreas
1194 1925 1330 1999 Dei
1390 1928 1610 2019 gratia
1668 1925 2097 2017 Dalmatiae,
2186 1921 2597 2016 chroatiae,
2666 1924 2975 2017 Ramae‚
3058 1922 3522 2024 Chulmacque

170 2028 375 2118 Dux‚
429 2026 772 2101 confirmo
824 2027 904 2100 Β.
956 2027 1257 2102 Domnio
1313 2029 1645 2125 capellam
1701 2027 1774 2101 S.
1824 2027 2060 2126 Moysi
2111 2032 2179 2101 dc
2231 2028 2467 2103 Sancti
2511 2027 2841 2124 Stephani
2881 2032 2957 2102 in
3010 2027 3294 2121 Salona,
3367 2053 3524 2104 cum

176 2129 513 2204 omnibus
583 2130 673 2203 ad
743 2152 868 2205 cas
938 2129 1431 2227 pertinentibus
1498 2135 1571 2206 in
1640 2141 2087 2228 perpetuum„
2159 2154 2332 2228 quas
2404 2131 2566 2205 olim
2642 2133 2886 2206 Patres
2966 2135 3228 2221 nostri.
3309 2133 3522 2206 vide—

178 2235 350 2308 ficet
424 2232 674 2330 Geyza
757 2233 920 2307 Rex
982 2244 1056 2307 et
1124 2233 1513 2331 Stephanus
1593 2235 1820 2308 eidem
1905 2234 2273 2310 Ecclesiae
2352 2237 2756 2308 auctoritate
2835 2235 3058 2328 Regia
3129 2257 3523 2311 concesse-

178 2346 370 2442 runt,
445 2346 832 2412 statuentes
904 2338 1214 2429 scilicet,
1284 2348 1361 2411 ut
1418 2359 1559 2412 non
1628 2340 1840 2411 liceat
1910 2339 2116 2411 alicui
2183 2337 2380 2414 Bano
2400 2391 2426 2430 .,
2495 2339 2616 2412 vel
2685 2340 2998 2434 principi,
3070 2360 3198 2413 seu
3249 2339 3527 2414 cuilibet

180 2443 661 2514 tinisa-orum
729 2449 1148 2529 nostrorum,
1218 2440 1399 2515 hanc
1462 2451 1770 2515 nostram
1830 2439 2371 2516 confirmationis
2443 2445 2697 2516 seriem
2766 2442 3182 2534 infringere,
3259 2443 3380 2516 vel
3458 2447 3525 2516 ei

182 2566 365 2617 ausu
414 2546 792 2616 temerario
867 2548 1235 2634 contraire,
1309 2553 1445 2629 aut,
1491 2548 1716 2641 ipsam
1782 2542 2176 2618 Ecclesiam
2236 2548 2308 2617 in
2360 2545 2586 2641 aliquo
2660 2566 3078 2640 aggravare,
3150 2548 3304 2620 sive
3370 2548 3524 2640 ejus

12 2675 13 2706 ³
174 2649 343 2740 jura
406 2646 815 2719 diminuere.
924 2646 1057 2732 Qui
1107 2657 1337 2720 autem
1390 2648 1590 2720 aliter
1641 2645 1881 2721 facere
1932 2651 2463 2744 attemptaverit.
2540 2652 2786 2720 iratum
2837 2647 3087 2721 habeat
3153 2652 3404 2721 trinum
3458 2660 3527 2722 et

184 2771 393 2822 unum
446 2747 701 2839 Deum,
757 2758 829 2821 et
879 2759 1185 2823 nostram
1234 2749 1774 2844 indignationem
1826 2753 2148 2823 incurrat.
2221 2750 2426 2824 Anno
2477 2752 2753 2824 Domini
2805 2755 3024 2824 nostri
3074 2750 3245 2826 Jesu
3275 2751 3526 2825 Christi

186 2851 420 2925 1198.
503 2851 754 2926 Bano
846 2854 1322 2926 existente
1409 2852 1826 2943 Andron,
1909 2849 2217 2947 Georgia
2307 2853 2614 2928 Tiniensi
2701 2854 3097 2951 Episcopo,
3183 2852 3526 2928 Michaele

176 2955 642 3049 'fragm-iensi
691 2954 1081 3051 Episcopo,
1131 2955 1475 3029 Michaele
1525 2955 2007 3030 scardonensi
2057 2955 2435 3053 Episcopo,
2504 2955 2781 3030 Matheo
2843 2955 3298 3031 Gorbaviensi
3347 2957 3526 3054 Epi-

186 3080 440 3153 scopo⁹
493 3056 854 3130 Macharia
901 3057 1191 3151 Comite‚
1244 3059 1510 3156 Joseph
1547 3059 1839 3150 Comite,
1892 3058 2038 3133 Bea
2065 3057 2353 3133 Comite.
2406 3059 2602 3131 Hanc
2652 3070 2935 3134 nostrae
2989 3060 3526 3136 confirmationis

182 3164 509 3257 paginam
580 3159 833 3235 Petrus
896 3162 1110 3237 Ducis
1161 3161 1390 3236 Aulae
1463 3158 1933 3240 cancellarius
2005 3162 2384 3255 adnotavit,
2452 3162 2855 3238 Praestaldo
2924 3163 3124 3239 huius
3195 3170 3300 3240 rei
3366 3165 3525 3239 dato

184 3262 537 3339 Vratislao
595 3262 739 3338 filio
793 3264 1122 3340 Vratislai
1174 3266 1263 3339 de
1315 3265 1676 3362 Zagrahia.

180 3463 378 3521 ruina.
426 3465 705 3537 myficum
759 3466 975 3520 sacrum
1010 3467 1065 3521 τ.
1101 3468 1184 3522 ιιι.
1224 3486 1277 3538 p.
1314 3468 1435 3522 228.

1587 4040 2155 4124 XXXIII.

1605 4354 1814 4427 Anno
1892 4352 2131 4426 1199.

180 4618 688 4721 AndreaS,
753 4614 1307 4696 Dalmatiae
1372 4626 1464 4695 et
1525 4613 1997 4696 Croatiae
2057 4618 2292 4722 Dux,
2356 4619 2645 4722 regio
2701 4616 2925 4722 jur'e
2986 4624 3306 4720 utenS,
3371 4640 3534 4697 ur·-

569 4753 724 4835 his
788 4753 1173 4858 Spalati
1255 4753 1790 4833 libertates
1864 4753 2532 4861 jurejurando
2597 4753 3156 4833 confirmat.

507 5051 669 5153 Ego
722 5051 1047 5126 Andreas
1116 5053 1250 5126 Dei
1303 5054 1528 5146 gratia
1578 5051 1960 5127 Dalmatiae
2015 5061 2088 5124 ot
2137 5047 2459 5126 Croatiae
2526 5050 2715 5144 Dux,
2776 5054 2939 5145 juro
2994 5071 3202 5146 super
3254 5056 3534 5123 sanctas

184 5159 520 5255 reliquias
572 5155 786 5231 vohis
841 5154 1097 5252 Spalati
1146 5156 1564 5253 principibus
1627 5154 1891 5229 firmam
1942 5177 2188 5251 pacem
2241 5164 2312 5228 et
2362 5155 2788 5246 libertatem3
2858 5155 3020 5229 mihi
3089 5172 3361 5249 quoque
3416 5160 3536 5226 aut

188 5259 328 5337 filio
410 5272 529 5336 aut
600 5259 1134 5335 successorihus
1213 5263 1388 5334 meis
1468 5258 1800 5333 tributarii
1870 5281 1959 5332 ne
2032 5262 2203 5333 sitis.
2308 5257 2727 5356 Episcopum
2795 5280 2970 5332 vero
2991 5309 3014 5349 ‚
3094 5265 3212 5329 aut
3279 5249 3530 5329 Comi-

184 5373 349 5462 tem,
412 5388 624 5467 quem
680 5360 933 5439 clerus
986 5373 1057 5438 et
1105 5365 1396 5461 populus
1468 5366 1829 5458 elegerint,
1902 5360 2369 5455 confirmah03
2437 5372 2510 5440 et
2565 5365 2754 5460 lege,
2819 5362 3184 5458 antiquitus
3257 5362 3536 5437 consti-
