3950 5917
64 1461 67 1482 Ε

64 1491 65 1502 1

3276 393 3427 463 245

1538 1008 2022 1093 CLXVI.

556 1313 762 1384 Anno
823 1311 1058 1385 1299.
1126 1313 1323 1404 [crab
1377 1313 1453 1386 6.
1505 1321 1674 1386 ante
1720 1315 1969 1404 lentum
2020 1315 2156 1388 SS.
2221 1316 2613 1389 Trinitatis.
2705 1317 2975 1390 Bodas.

151 1572 681 1657 vladislaus
763 1576 959 1657 Rex
1050 1575 1602 1657 discordias
1696 1576 2213 1682 Nobilium,
2309 1604 2508 1660 cum
2587 1579 3012 1660 Prelatis
3092 1592 3188 1659 et
3249 1580 3445 1660 Ba—

151 1714 518 1795 tonibus
583 1713 897 1821 Regni
959 1716 1484 1796 Slavoniae
1576 1717 2307 1820 quoad-modum
2371 1720 3197 1797 exercituationis
3260 1719 3427 1798 ba·-

407 1854 701 1957 bitas‚
766 1859 1254 1959 componit
1331 1865 1421 1933 et
1492 1878 1799 1933 novos
1861 1855 2342 1934 articulos
2404 1880 2702 1960 super
2761 1881 2870 1934 eo
2935 1856 3155 1935 edit.

1969 2140 2341 2204 Commissi«)
2383 2146 2658 2221 propria
2707 2143 2964 2205 Domini
3010 2144 3218 2221 Regis.

418 2351 846 2426 wladislaus
900 2353 1029 2425 Dei
1081 2357 1314 2447 gracia
1369 2352 1526 2425 Rex
1552 2351 2343 2454 Ηο11ς111·10.,“1301101010,Δ
2388 2352 2733 2426 Fidelibus
2786 2358 3040 2427 nostris
3094 2353 3419 2446 Egregiis

143 2466 202 2528 et
244 2455 592 2530 Nobilibus
647 2456 1084 2529 Vniuersitati
1158 2454 1496 2530 Nobilium
1577 2456 1802 2551 Regni
1871 2460 2089 2530 nostri
2159 2456 2529 2529 Sclauonie
2610 2458 2896 2531 salutem
2969 2469 3040 2529 et
3091 2463 3424 2551 graciam.

145 2556 287 2631 Cum
337 2559 442 2634 bis
494 2557 741 2633 diebus
795 2582 920 2656 pro
975 2563 1180 2634 certis
1236 2558 1442 2633 rebus
1496 2570 1565 2633 et
1616 2563 1929 2653 negociis
1983 2564 2236 2633 vestris
2308 2581 2669 2633 commune
2738 2561 3166 2634 commodum
3241 2564 3422 2635 illius

146 2661 337 2756 Regni
386 2668 608 2738 nostri
662 2664 1257 2750 concernentibus,
1312 2665 1395 2734 ad
1450 2686 1581 2737 nos
1636 2674 1865 2736 certos
1916 2663 2168 2737 fratres
2220 2687 2306 2735 sc
2359 2668 2647 2737 nuncios
2701 2675 2979 2738 vestros
3032 2668 3423 2754 misissetis,

145 2765 315 2838 iidem
381 2771 564 2840 inter
616 2768 746 2840 ulia
800 2766 998 2840 nobis
1052 2779 1555 2863 exposuerunt:
1665 2768 1966 2854 Qualiter
2038 2790 2174 2841 non
2244 2768 2510 2842 modica
2578 2773 2941 2841 contencio
3009 2779 3080 2840 et
3132 2779 3426 2841 contro-

144 2874 338 2943 uersia
410 2875 594 2944 inter
663 2894 795 2944 vos
864 2895 949 2944 ac
1018 2872 1332 2945 dominos
1402 2872 1713 2944 Prolatos
1785 2883 1855 2944 et
1908 2873 2218 2944 Baroues
2290 2871 2467 2945 bona
2523 2883 2592 2944 et
2645 2877 3133 2968 possessiones
3182 2878 3250 2944 in
3303 2874 3423 2946 illo

147 2969 357 3067 Regno
412 2986 655 3048 nostro
709 2974 1065 3064 babentes,
1132 2979 1411 3049 racione
1466 2980 2041 3049 exercituacionis
2091 2976 2240 3049 fieri
2294 2987 2363 3048 et
2416 2980 2576 3049 oriri
2631 2981 3089 3052 consueuerit.
3196 2977 3284 3050 Et
3336 2977 3428 3049 ob

142 3077 199 3147 id
242 3078 428 3152 uobis
502 3080 843 3152 humiliter
914 3083 979 3151 in
1035 3102 1329 3176 persona
1411 3084 1705 3152 omnium
1787 3091 2094 3152 vestrum
2176 3079 2668 3174 supplicabant..
2747 3092 2823 3152 vt
2876 3081 3007 3153 boc
3059 3085 3427 3175 negocium

142 3203 283 3255 cure
331 3183 591 3256 babere
655 3194 726 3253 et
777 3206 928 3254 cum
986 3183 1275 3256 dominis
1328 3187 1523 3279 ipsis,
1581 3188 1693 3277 qui
1747 3195 1820 3254 vt
1873 3182 2234 3279 prefertur,
2290 3182 2465 3256 bona
2511 3193 2581 3256 01
2612 3189 3101 3278 possessiones
3155 3189 3221 3255 in
3265 3208 3428 3255 me-

142 3283 237 3355 dio
283 3291 496 3360 vestri
556 3298 624 3358 et
675 3291 745 3359 in
796 3288 913 3359 illo
985 3287 1227 3378 Regno
1299 3298 1535 3361 nostro
1606 3286 1959 3372 baberent,
2043 3290 2318 3359 racione
2383 3288 2762 3360 huiusmodi
2816 3292 3422 3374 exercituacionis,

144 3386 292 3462 bona
345 3391 599 3468 media.
678 3391 928 3463 bouum
1011 3395 1210 3463 etiam
1267 3391 1538 3462 modum
1592 3394 1876 3487 reperiri
1953 3391 2412 3485 dignaremur„
2497 3394 2612 3484 qui
2666 3396 2868 3464 etiam
2949 3389 3149 3463 vobis
3230 3403 3428 3464 esset

141 3493 513 3580 tolerabilis,
571 3507 641 3566 et
692 3496 1016 3591 deinceps
1071 3499 1352 3568 occasio
1407 3496 1683 3578 alterius
1738 3495 2081 3568 discordie
2135 3498 2307 3566 iuter
2357 3517 2490 3565 vos
2546 3494 2934 3567 aboliretur.
3015 3495 3161 3566 Nos
3217 3498 3424 3586 igitur

138 3618 267 3669 cum
317 3599 586 3673 eisdem
640 3599 930 3671 dominis
976 3621 1059 3670 ac
1096 3602 1346 3671 ceteris
1402 3598 1824 3672 consiliariis
1879 3602 2132 3672 nostris
2186 3597 2548 3693 superinde
2601 3609 2998 3686 tractantes,
3054 3620 3176 3694 pro
3230 3599 3425 3670 vlte-

137 3702 276 3773 riori
329 3708 566 3798 quiete
618 3726 703 3773 nc
757 3703 1117 3775 commodo
1175 3714 1243 3774 et
1296 3703 1580 3774 vtilitate
1635 3707 1988 3797 Vtriusque
2039 3704 2271 3799 partis.
2347 3698 2775 3796 presentibus
2831 3713 2901 3771 et
2954 3705 3425 3775 consencien-

138 3802 289 3878 tibus
340 3806 595 3879 ibidem
666 3807 947 3901 prefatis
1017 3810 1279 3879 nunciis
1354 3811 1630 3890 vestris,
1705 3807 1832 3879 bos
1889 3805 2357 3902 infrascriptos
2430 3806 2752 3878 articulos
2807 3809 2871 3877 111
2929 3804 3114 3878 facto
3177 3806 3427 3910 huius7

139 3909 295 3981 modi
350 3914 930 3984 exercituacionis
985 3911 1292 3983 edendos
1348 3914 1717 3982 statuimus.
1809 3909 2146 4006 Inprimis„
2202 3911 2380 4004 quod
2436 3910 2524 3981 de
2559 3914 2828 4003 triginta
2886 3908 3097 3982 tribus
3153 3911 3421 3983 colonis

134 4021 425 4086 teneatur
479 4037 660 4086 vnus
715 4037 928 4109 eques
984 4015 1155 4086 leuis
1211 4023 1574 4098 armature„
1649 4013 1735 4085 de
1799 4023 2067 4086 centum
2143 4037 2313 4085 vero
2386 4026 2526 4086 tres
2601 4019 2888 4107 01101103,
2963 4024 3034 4086 01
3085 4018 3187 4087 310
3241 4037 3428 4087 cou-

137 4130 503 4211 sequenter.
614 4118 707 4189 lta
764 4118 1110 4206 videlicetq
1167 4118 1345 4211 quod
1401 4118 1573 4189 tales
1630 4117 1939 4189 homiues
1996 4117 2410 4211 stipendiarii
2464 4109 2603 4190 uon
2650 4118 3066 4190 muliebriter
3117 4116 3428 4191 vestibus

136 4225 427 4306 30110013,
486 4244 790 4316 auroque
847 4233 916 4293 et
967 4226 1282 4316 gemmis„
1338 4222 1620 4315 aliisque
1678 4221 1765 4293 ad
1819 4222 2066 4293 cultum
2121 4220 2552 4317 apparatibus
2607 4244 2688 4293 se
2734 4233 3002 4308 ornent,
3056 4221 3180 4294 sed
3236 4227 3426 4294 iuxta

138 4334 423 4398 veterem
482 4349 742 4398 morem
798 4329 1303 4420 progenitorum
1360 4336 1747 4397 vestrorum
1802 4326 2060 4396 viribus
2099 4336 2168 4398 et
2203 4330 2410 4396 armis
2465 4329 2814 4421 conspicui
2871 4330 3026 4414 sint,
3083 4324 3427 4399 habeant-

138 4448 253 4519 que
302 4430 613 4516 loricam.
679 4431 946 4522 galeam
1002 4439 1072 4501 et
1124 4430 1413 4512 hastam,
1488 4433 1637 4502 siue
1689 4430 1847 4501 loco
1902 4429 2097 4502 haste
2153 4452 2382 4502 arcum
2440 4431 2817 4502 manualem
2875 4453 3024 4500 cum
3079 4431 3426 4524 pharetra,

137 4540 196 4600 et
242 4556 489 4627 equum
547 4534 854 4606 adminus
911 4544 1172 4628 septem
1227 4534 1345 4606 vel
1399 4545 1556 4605 octo
1614 4533 1916 4605 florenos
1972 4537 2116 4604 auri
2171 4535 2535 4606 valentem.
2617 4534 2780 4604 ltem
2838 4533 3234 4605 conclusum
3290 4543 3427 4623 est,

138 4636 296 4727 quod
352 4638 607 4710 1101111111
659 4638 909 4710 Prelati
964 4647 1034 4708 et
1089 4636 1420 4720 BaroneS.
1478 4642 1589 4732 qui
1644 4642 1707 4708 in
1764 4637 2109 4729 Hungaria
2166 4642 2416 4729 pariter
2477 4649 2546 4706 et
2599 4637 2963 4709 Sclauonia
3039 4638 3214 4709 bona
3287 4638 3427 4709 ba-

138 4734 303 4828 bent,
356 4747 643 4815 racione
694 4742 1052 4826 1101101010,
1106 4745 1174 4812 10
1230 4742 1343 4813 1110
1399 4741 1642 4834 Regno
1682 4752 1918 4813 nostro
1956 4742 2324 4813 Sclauonie
2380 4739 2782 4816 habitorum.
2838 4753 3195 4814 teneantur
3250 4763 3425 4834 spe-

138 4843 380 4918 cialiter
451 4857 693 4938 gentes
766 4868 886 4939 pro
958 4868 1241 4917 numero
1295 4846 1749 4939 Jobagiouum
1824 4866 2099 4916 suorum
2156 4848 2226 4915 in
2280 4867 2573 4939 corpore
2652 4845 2828 4916 illius
2911 4844 3134 4938 Regni
3211 4849 3428 4917 nostri

136 4965 246 5037 pro
295 4948 704 5023 defensioue
759 4950 1064 5022 eiusdem
1120 4960 1383 5034 tenere,
1440 4973 1571 5021 nec
1627 4972 1749 5020 eas
1804 4948 1891 5019 de
1943 4946 2060 5018 illo
2115 4947 2360 5041 Regno
2416 4960 2486 5020 et
2537 4971 2574 5018 a
2624 4946 3063 5043 Capitaneatu
3117 4947 3426 5021 eiusdem

138 5046 417 5126 debeant
469 5053 793 5126 diuellere
849 5076 976 5126 seu
1029 5063 1485 5147 sequestrare.
1566 5052 1732 5124 11010
1788 5051 2186 5124 conclusum
2238 5064 2382 5124 est:
2440 5052 2618 5146 quod
2672 5051 2902 5125 Banus
2939 5051 3161 5145 Regni
3207 5056 3436 5126 nostri

143 5151 492 5228 Sclauonie
541 5155 1047 5253 capitaneatum
1113 5155 1700 5252 stipendiariorum
1755 5164 2145 5228 vestrorum
2199 5154 2328 5227 sibi
2382 5154 2755 5227 vendicare
2807 5177 2943 5227 non
2980 5159 3218 5251 possit.
3280 5156 3430 5228 Sed

145 5257 327 5332 talem
382 5259 817 5356 capitaneum
873 5282 1002 5334 uos
1055 5283 1150 5334 ex
1200 5262 1599 5333 auctoritate
1654 5269 1887 5331 nostra
1941 5260 2299 5353 eligemus.
2403 5258 2491 5331 Et
2541 5258 2810 5356 quidem
2860 5260 3096 5347 talem,
3175 5264 3289 5354 qui
3335 5259 3435 5332 ad

145 5357 262 5432 hoc
311 5363 606 5440 oll'ieium
657 5364 948 5438 idoneus
1002 5376 1073 5437 et
1124 5373 1448 5458 acceptus
1501 5366 1652 5451 erit,
1707 5364 1955 5457 quique
2009 5384 2162 5434 cum
2213 5361 2530 5456 gentibus
2582 5367 2836 5437 vestris
2896 5363 2984 5437 ad
3035 5362 3446 5443 mundatum.
