3950 5917
472 414 578 492 10

466 632 949 720 praesumptor
1007 626 1077 696 in
1132 643 1216 694 ea
1272 629 1510 694 contra
1563 624 1898 717 premissa
1949 621 2225 710 fecerit,
2273 643 2316 693 a
2369 629 2607 694 nostro
2672 620 2971 718 collegIo
3046 619 3468 693 excludatur.
3578 620 3790 708 Quod

468 731 537 812 si
588 726 806 801 dictus
876 725 1175 800 Licinius
1242 747 1377 798 nec
1444 725 1762 820 legaliter
1832 728 1900 798 in
1969 747 2095 798 sua
2164 724 2484 799 Ecclesia
2545 727 2917 820 perstiterit
2983 723 3285 812 haeres·
3366 723 3494 798 sed
3546 748 3786 799 even-

469 841 715 1031 atpaer
733 840 1229 1032 υὲθίἲὲἓιὲἓὶιε
1278 829 1653 920 accedens,
1707 835 1777 906 et
1825 832 1898 920 in
1940 851 2065 906 sua
2117 830 2350 904 mallet
2399 832 2617 926 prima
2670 828 3047 903 adhaerere
3082 826 3458 920 Ecclesia‚·
3484 838 3558 902 ut
3594 829 3788 902 Pre-

785 1117 871 1188 X.
977 1116 1066 1188 Ut
1116 1116 1339 1189 nullus
1388 1115 1774 1212 Episcopus
1826 1126 2109 1189 nostrae
2159 1117 2563 1211 provinciae
2617 1114 2868 1187 audeat
2917 1117 2988 1188 in
3023 1113 3325 1209 quolibet
3359 1112 3576 1208 gradu
3608 1114 3786 1185 Sla-

469 1223 775 1293 vinicam
829 1221 1125 1315 linguam
1176 1242 1635 1315 promovere3
1690 1230 1917 1292 tamen
1950 1222 2024 1292 in
2059 1219 2388 1291 clericatu
2441 1222 2506 1291 dr
2557 1218 2968 1292 monachatu
2998 1217 3153 1291 Deo
3201 1217 3581 1292 deservire.
3629 1218 3791 1290 Nec

470 1329 543 1396 in
600 1347 721 1396 sua
776 1324 1094 1396 Ecclesia
1160 1328 1337 1396 sinat
1407 1346 1564 1397 eum
1629 1328 1878 1397 missas
1950 1322 2217 1414 facere,
2296 1333 2570 1419 praeter
2641 1326 2701 1396 si
2769 1325 3257 1396 necessitatem
3328 1321 3796 1396 Sacerdotum

468 1427 781 1514 baberet.
853 1450 978 1523 per
1030 1428 1589 1524 supplicationem
1646 1451 1684 1499 a
1738 1427 2055 1500 Romano
2125 1426 2456 1500 Pontifice
2525 1426 2871 1500 licentiam
2941 1429 3010 1499 ei
3059 1426 3511 1500 sacerdotalis
3571 1430 3796 1499 mini-

472 1536 666 1606 sterii
718 1531 982 1605 tribuat.

785 1688 907 1760 XI.
1009 1686 1101 1760 Ut
1141 1687 1525 1784 Episcopus
1565 1685 2014 1760 Chroatorum
2051 1685 2507 1780 (Nouensis)‚
2538 1689 2713 1761 sicut
2746 1709 2878 1760 nos
2914 1707 3188 1778 omnes,
3222 1695 3500 1759 nostrae
3519 1684 3800 1759 Eccle—

475 1796 625 1868 siae
673 1791 1239 1887 Metropolitanae
1295 1788 1613 1864 subesse·
1648 1813 1727 1864 se
1782 1795 1973 1864 sciat.

786 1946 932 2018 XII.
1044 1946 1240 2034 Quod
1316 1950 1374 2020 si
1446 1946 1601 2019 Rex
1674 1952 1738 2020 dc
1789 1947 2130 2022 Proceres
2204 1945 2653 2020 chroatorum
2709 1969 2951 2020 omnes
3007 1946 3421 2018 dioeceseos
3474 1944 3792 2040 Episco—

476 2074 717 2148 porum
771 2051 945 2123 infra
997 2052 1246 2124 limites
1302 2061 1580 2124 nostrae
1632 2049 2202 2148 Metropolitanae
2257 2073 2384 2125 suo
2440 2055 2715 2147 cupiunt
2763 2049 3118 2123 vindicare
3171 2048 3509 2140 Pontifici,
3566 2049 3670 2141 (h.
3722 2072 3796 2121 e.

474 2157 819 2253 Episcopo
899 2155 1274 2247 Νοιιθιιεί),
1354 2156 1576 2227 nullus
1655 2180 1747 2227 ex
1825 2160 2080 2230 nostris
2159 2178 2284 2253 per
2365 2159 2662 2227 omniam
2741 2157 3164 2251 provinciam
3245 2176 3487 2226 eorum
3562 2176 3800 2248 neque

475 2263 1041 2354 regenerationes
1112 2259 1343 2342 faciat..
1415 2282 1636 2354 neque
1707 2259 2066 2332 Ecclesias
2137 2259 2253 2331 vel
2322 2258 2778 2356 Presbyteros
2854 2267 3243 2346 consecret,
3314 2266 3453 2329 tum
3522 2259 3590 2329 in
3646 2258 3800 2330 suis

435 2362 755 2438 -sedibus
827 2361 1406 2436 commorantibus
1457 2385 1583 2459 pro
1627 2366 1763 2434 mie
1818 2385 1991 2459 opus
2047 2366 2251 2456 (sic).
2361 2362 2677 2458 Quisquis
2734 2361 2820 2433 ad
2872 2384 3001 2435 nos
3058 2365 3460 2450 accesserit,
3524 2383 3802 2432 conse-

476 2472 683 2555 crari.
737 2471 1164 2560 regenerari
1245 2465 1552 2538 Chrisma
1610 2465 1738 2539 sibi
1790 2466 1938 2539 dari
1989 2470 2408 2563 poposcerit
2479 2465 2739 2562 absque
2793 2466 3110 2561 scrupulo
3167 2469 3350 2538 omni
3401 2487 3530 2561 per
3577 2473 3801 2537 totam

474 2575 902 2669 provinciam
955 2576 1103 2666 ipsa
1158 2569 1467 2642 tribuant.
1571 2570 1679 2641 De
1733 2582 2013 2643 caetero
2069 2581 2296 2643 autem
2349 2594 2502 2642 cum
2555 2593 2682 2642 suo
2737 2570 3066 2643 Pontifice
3117 2570 3271 2642 Deo
3324 2568 3610 2641 reddant
3659 2591 3804 2639 ra-

474 2680 734 2748 tionem
787 2675 873 2746 de
927 2675 1032 2748 his
1079 2673 1417 2765 omnibu3‚
1473 2697 1648 2778 quae
1701 2677 1769 2746 in
1814 2680 1918 2748 eis
1955 2674 2381 2748 Christianae
2429 2674 2809 2770 Religionis
2863 2674 3116 2768 dogma
3168 2672 3484 2763 defuerit,
3553 2681 3803 2745 nostra

475 2803 716 2852 coram
768 2780 919 2852 Deo
977 2782 1399 2854 conscientia
1455 2787 1563 2851 est
1616 2777 1948 2851 absoluta.

788 2936 968 3008 XIII.
1017 2935 1108 3007 Ut
1157 2940 1227 3009 in
1278 2934 1622 3024 Ecclesia.
1675 2934 1792 3008 ubi
1839 2935 2213 3032 Presbyter
2265 2937 2539 3007 occisus
2586 2908 2717 3024 est.
2773 2944 2929 3006 ante
2985 2931 3522 3006 satisfactionem
3572 2933 3803 3025 ipsius

472 3041 597 3112 vel
665 3039 927 3135 plebis„
1000 3050 1073 3110 ut
1143 3061 1518 3131 congruum
1587 3042 1718 3134 ipsi
1784 3038 2128 3136 Episcopo
2198 3037 2509 3128 videtur,
2580 3039 2802 3111 nullus
2855 3041 3134 3111 missam
3185 3036 3434 3124 faciat3
3505 3043 3573 3106 et
3624 3042 3698 3105 ut
3752 3058 3804 3105 a

477 3142 911 3239 Presbyteris
975 3167 1091 3216 res
1146 3143 1507 3217 Ecclesiae
1572 3165 1711 3216 non
1767 3143 2237 3232 destruantur3
2303 3165 2529 3237 neque
2601 3142 2818 3214 semel
2897 3150 3214 3236 suscepta
3268 3140 3585 3212 Ecclesia
3639 3140 3806 3211 sine

478 3271 689 3319 causa
744 3248 1178 3343 relinquatur.
1288 3247 1484 3334 Quod
1555 3251 1613 3320 si
1685 3248 1880 3319 aliter
1939 3247 2224 3336 fecerit,
2299 3246 2522 3319 donec
2590 3246 2852 3342 perdita
2923 3249 3278 3333 restituat,
3351 3253 3422 3316 et
3472 3241 3808 3314 Ecclesia

478 3356 751 3452 propria
808 3355 1119 3447 accipiat,
1176 3355 1823 3424 excommunicetur.

792 3507 973 3579 XIV.
1028 3508 1118 3579 Ut
1170 3529 1428 3579 uxores
1494 3510 1767 3603 proprie
1838 3506 2164 3600 deinceps
2216 3526 2355 3578 non
2408 3505 2859 3594 dimittantur,
2934 3507 3066 3576 nisi
3128 3513 3406 3600 propter
3475 3501 3803 3574 fornica-

477 3613 792 3699 tionem3
845 3610 1024 3706 quod
1076 3615 1136 3683 si
1191 3613 1340 3706 quis
1398 3610 1750 3698 dimiserit.
1805 3613 1907 3682 sic
1959 3619 2394 3705 permaneat3
2440 3618 2510 3681 et
2561 3617 2634 3680 ut
2684 3606 3022 3680 haeredes
3077 3630 3269 3695 suos,
3324 3628 3574 3680 servos
3627 3627 3812 3678 suos

478 3716 770 3788 litterate
839 3714 1076 3788 studiis
1150 3716 1456 3806 (latinis)
1526 3714 1815 3787 tradant.
1923 3713 2342 3807 Quicumque
2433 3710 3000 3784 Christianitatem
3092 3711 3467 3807 perfectam
3534 3708 3812 3781 babere

479 3822 797 3915 cupiunt,
869 3830 940 3890 ut
1009 3818 1105 3891 illi
1177 3840 1303 3892 eos
1373 3821 1705 3891 instanter
1775 3821 2184 3912 corripiant.
2240 3827 2309 3888 et
2361 3819 2490 3911 ipsi
2545 3839 2669 3887 eos
2723 3814 3015 3888 libenter
3067 3814 3478 3904 exaudiant,
3531 3835 3668 3885 non
3723 3823 3816 3885 ut

476 3926 911 4024 peregrin05‚
968 3922 1093 3996 sed
1145 3930 1219 3994 ut
1264 3926 1600 4018 proprios.

792 4079 945 4151 XV.
1002 4078 1199 4165 Quod
1252 4081 1315 4151 si
1369 4077 1700 4153 sacerdos
1772 4079 2274 4149 incontinenter
2322 4085 2602 4172 propter
2656 4078 2872 4171 ipsam
2938 4078 3420 4148 continentiam
3485 4076 3814 4168 primam,

480 4206 683 4278 quam
738 4188 1016 4257 sortitus
1070 4192 1211 4268 est,
1277 4193 1630 4277 separatus
1677 4206 1716 4253 a
1766 4185 2116 4255 consortio
2175 4180 2377 4268 cella.
2436 4190 2666 4253 teneat
2712 4201 3027 4266 uxorem.
3070 4184 3130 4252 si
3175 4202 3347 4252 vero
3394 4178 3590 4250 aliam
3656 4176 3816 4249 du·—

476 4290 687 4378 xerit‚
742 4289 1390 4360 excommunicetur.

792 4467 984 4541 Haec
1034 4471 1126 4539 ita
1180 4466 1407 4540 habita
1462 4465 1981 4554 deliberatione.
2039 4488 2214 4561 quae
2291 4487 2495 4561 supra
2550 4468 2800 4561 scripta
2855 4469 3320 4552 continentur,
3376 4471 3618 4535 cuncta
3673 4483 3822 4556 per

482 4569 791 4641 ordinem
848 4580 1084 4644 sancta
1141 4570 1462 4666 Synodus
1514 4569 1828 4642 Romano
1883 4568 2195 4642 Pontifici
2274 4568 2738 4644 confirmanda
2808 4592 2933 4664 per
3000 4568 3220 4640 dictos
3276 4589 3440 4639 suos
3494 4565 3816 4658 Legatos

478 4672 892 4768 Episcopus,
947 4684 1018 4746 et
1068 4673 1342 4746 Petrum
1393 4672 1876 4770 Presbyterum
1931 4672 2406 4769 spalatensem
2459 4677 2736 4746 insertis
2786 4674 3031 4745 litteris
3085 4674 3391 4745 nuntiare
3447 4669 3767 4743 decrevit
3790 4696 3814 4742 ε

481 4785 814 4872 quatenus
888 4776 1206 4850 divinitus
1261 4783 1575 4875 antiquae
1653 4777 2035 4869 Religionis
2118 4777 2366 4870 dogma
2437 4781 2506 4849 in
2575 4776 2915 4850 Ecclesiis
2985 4776 3468 4849 Dalmatiarum
3522 4772 3820 4848 arbitrio

483 4884 729 4956 summi
778 4879 1128 4955 Pontificis
1179 4885 1503 4957 universa
1554 4883 1925 4978 praelibata
1979 4885 2400 4954 sortirentur.
2492 4881 2633 4953 Sed
2688 4904 2843 4953 cum
2895 4884 3263 4954 terminare
3313 4889 3555 4951 cuncta
3610 4878 3818 4970 legi-

481 4991 647 5057 time
719 4990 991 5080 antiquo
1063 5008 1254 5058 more
1325 4987 1900 5082 praestolaremur
1954 5040 2215 5058 ......
2269 4984 2397 5057 fuit
2465 4984 2694 5058 fratris
2764 4989 2981 5058 nostri
3057 4984 3381 5079 Episcopi
3454 4981 3818 5054 Nouensis

484 5092 661 5181 (una
735 5100 804 5162 et
876 5087 1277 5162 Croatorum
1349 5091 1590 5163 slavici
1660 5092 1867 5181 ritus)
1941 5092 2054 5184 qui
2126 5089 2255 5161 sibi
2326 5089 2676 5161 vindicare
2759 5092 3039 5183 cupiens
3101 5090 3456 5183 primatum
3509 5086 3824 5157 Dalma-

485 5198 728 5265 tiarum
773 5194 1295 5291 Episcoporum.,
1349 5195 1509 5282 boc„
1568 5193 1746 5290 quod
1799 5216 1939 5265 non
1994 5191 2428 5289 expediebat,
2485 5203 2722 5266 contra
2777 5192 3022 5264 dictam
3079 5190 3429 5288 Synodum
3485 5192 3552 5261 in
3608 5194 3821 5262 auri-

489 5296 616 5368 bus
689 5299 1083 5393 apostolicis
1162 5300 1482 5392 injustum
1560 5300 1800 5390 inJ'ecit
1874 5307 2242 5370 certamen.
2352 5297 2565 5384 Quam
2638 5296 2725 5368 ob
2797 5320 2945 5368 rem
3014 5295 3335 5382 diversa.
3417 5303 3486 5366 et
3555 5298 3821 5368 nuntiis

484 5401 927 5476 recitantibus
974 5402 1060 5474 de
1106 5403 1212 5475 his
1248 5400 1750 5498 praesentibuS‚
1798 5410 1869 5473 et
1901 5403 2143 5476 litteris
2186 5401 2568 5497 patentibus
2622 5423 2762 5474 non
2812 5402 3150 5497 aequalia.
3207 5398 3609 5493 ambiguitas
3646 5397 3826 5470 Ro-
