3950 5917
3411 418 3515 494 69

154 628 242 698 ot
294 621 455 696 eius
508 619 1076 712 successorihus,
1148 644 1286 698 nec
1350 644 1493 698 non
1564 620 1891 701 Ecclesia
1958 623 2438 718 Regaliani,
2512 632 2583 697 et
2652 620 2877 698 eidem
2948 623 3126 698 sicut
3189 623 3377 698 Pani
3448 634 3522 698 et

164 724 624 800 Dioeceseno
676 734 925 800 nostro
974 737 1386 801 reverenter
1435 727 1772 818 obedir03
1829 728 2369 803 consvetudines
2422 730 2763 823 antiquas,
2819 749 2991 822 quas
3042 726 3129 800 ah
3185 736 3518 802 anteces-
3626 761 3634 768 ·

160 826 455 903 son-ibus
506 831 767 904 nostris
822 827 1237 905 observatas
1290 834 1779 928 comperimus,
1831 854 1963 928 per
2009 853 2168 922 nos,
2223 839 2294 905 et
2326 853 2454 927 per
2485 840 2783 905 nostros
2839 851 3292 905 successores
3343 851 3518 926 pre—

162 933 394 1005 emtis
444 935 705 1110 ἆσέ-ἰώ
774 929 1199 1026 obligatione
1258 938 1711 1030 promittimus
1784 934 2012 1009 eidem
2083 933 2412 1011 Ecclesia
2478 933 2928 1030 Traguriensi
2989 942 3324 1031 perpetuo
3377 931 3521 1006 ob-

168 1055 443 1109 servan
627 1044 765 1123 etc.

168 1208 380 1266 hei-s.
418 1212 669 1267 {enoris
704 1211 760 1266 di
795 1209 930 1267 Trou
964 1228 1086 1284 pag.
1120 1212 1208 1268 ⁷3.

1715 1720 2006 1803 LVI.

1125 2006 1339 2079 Anno
1406 2005 1970 2078 1252—1253.
2036 2027 2266 2106 prope
2337 2012 2645 2077 castrus·
2696 2003 2967 2078 Βαόοό.

176 2236 416 2324 Bela
482 2237 615 2320 lv,
686 2237 893 2320 Rex
954 2238 1343 2321 liberae
1408 2243 1867 2322 civitatis
1931 2241 2584 2347 privilegium
2647 2240 3019 2348 oppido
3083 2240 3421 2323 Crisio
3485 2268 3525 2320 a

293 2376 823 2483 Stephano
885 2383 1199 2459 totius
1260 2379 1807 2459 Slavoniae
1871 2379 2137 2458 Bano
2201 2403 2789 2460 concessum
2852 2380 3407 2460 confirmat.

496 2620 673 2694 Belo
725 2621 839 2695 dei
874 2626 1110 2717 gracia
1162 2622 1541 2717 Hungarie‚
1566 2621 1949 2713 Dalmacie‚
1987 2619 2309 2715 Groacie.,
2342 2623 2589 2715 Reme,
2637 2622 2913 2715 Servis,
2956 2623 3246 2715 Galicie‚
3284 2623 3529 2698 Lodo-

179 2726 427 2816 ustie,
466 2721 939 2822 Cumanieque
982 2726 1164 2798 Rex.
1250 2724 1579 2800 Omnibus
1633 2722 1882 2801 Christi
1937 2725 2250 2801 fidelibus
2301 2738 2698 2823 presentem
2750 2732 3067 2825 paginam
3120 2730 3531 2823 inspecturis

182 2827 480 2902 salutem
540 2831 611 2900 in
664 2849 843 2902 vero
908 2829 1207 2902 salutari.
1313 2829 1430 2902 Ad
1478 2831 1962 2905 vniuersorum
2042 2832 2367 2904 noticiam
2436 2830 2676 2904 harum
2730 2835 2920 2906 serie
2983 2832 3303 2906 volumus
3354 2852 3531 2927 per-

186 2934 459 3022 uenire,
521 2930 707 3026 quod
760 2931 1048 3007 dilectus
1104 2942 1175 3005 et
1209 2932 1432 3007 fidelis
1486 2943 1730 3007 noster
1781 2931 2173 3029 Stephanus
2227 2932 2444 3007 banus
2498 2937 2721 3008 tocius
2750 2935 3152 3026 Sclavenie‚
3188 2938 3258 3008 in
3293 2943 3531 3009 nostra

186 3038 564 3130 presencia
620 3036 1074 3131 corporaliter
1125 3039 1559 3129 constitutus,
1611 3037 1847 3111 literas
1903 3059 2095 3128 suas,
2147 3036 2531 3111 libertatem
2582 3038 2920 3134 hospitum
2975 3036 3063 3111 de
3094 3034 3246 3114 Cris
3300 3039 3534 3113 conti-

186 3146 463 3227 nentes,
518 3136 720 3211 nobis
757 3142 1201 3235 presentauit,
1237 3150 1482 3236 petens
1516 3143 1738 3237 ipsam
1771 3138 2157 3213 libertatem
2192 3149 2432 3215 nostro
2456 3142 2819 3238 priuilegio
2855 3139 3285 3232 confirmari3
3339 3144 3534 3216 cuius

190 3262 321 3314 nos
372 3244 707 3337 peticioni
760 3250 833 3314 ut
883 3241 1178 3316 decebat
1222 3242 1694 3317 fauorabiliter
1742 3244 2074 3333 inclinati,
2127 3243 2475 3317 literarum
2530 3267 2806 3318 suarum
2862 3249 3113 3320 seriem
3168 3244 3257 3316 de
3308 3245 3530 3317 uerbo

192 3343 282 3416 nd
327 3343 623 3417 uerbum
702 3344 992 3420 rescribi
1042 3346 1411 3438 facientes,
1464 3346 1572 3421 his
1652 3346 1969 3420 duximus
2023 3346 2489 3439 inserendam,
2543 3370 2828 3443 quarum
2895 3357 3097 3422 tenor
3148 3357 3277 3420 est.
3382 3347 3534 3420 Nos

188 3445 588 3543 Stephanus
640 3445 860 3522 banus
911 3454 1136 3524 tocius
1189 3447 1559 3524 Sclauonie
1632 3448 2100 3544 significamus
2153 3449 2468 3526 omnibus
2520 3472 2814 3548 presens
2861 3454 3184 3547 scriptum
3239 3454 3533 3548 inspec-

190 3554 392 3642 turis,
448 3550 634 3647 quod
685 3574 818 3626 nos
873 3575 998 3649 pro
1061 3553 1352 3627 vtilitate
1409 3577 1493 3627 ac
1543 3554 1811 3627 honore
1865 3553 2121 3627 domini
2187 3553 2407 3649 Regis
2478 3552 2770 3628 fecimus
2823 3577 2909 3627 ac
2958 3555 3338 3627 locauimus
3388 3576 3534 3627 no-

192 3676 352 3728 uam
408 3658 479 3727 dc
529 3654 813 3728 liberam
866 3657 1102 3730 villam
1154 3660 1226 3729 in
1280 3652 1530 3746 Urisio,
1587 3657 1829 3732 dantes
1883 3656 2263 3752 hospitibus
2317 3661 2386 3732 in
2443 3680 2528 3730 ea
2580 3657 3033 3732 habitantibus
3089 3657 3381 3732 eandem
3434 3658 3532 3730 li-

188 3756 563 3851 bertatem,
616 3782 749 3855 qua
799 3768 1075 3833 utuntur
1123 3760 1435 3859 hospites
1490 3760 1578 3833 de
1633 3759 1856 3834 Grecz
1911 3765 1978 3833 dc
2032 3760 2119 3834 de
2170 3784 2354 3835 noua
2408 3762 2572 3835 villa
2624 3760 2988 3856 Zagrabie.
3069 3762 3138 3834 A
3187 3769 3532 3858 potestate

193 3871 429 3936 autem
487 3860 771 3936 Comitis
810 3859 1181 3938 Grisiensis
1236 3868 1513 3938 omnino
1565 3864 1880 3937 duximus
1935 3863 2227 3938 eosdem
2280 3863 2732 3956 eximendos3
2787 3886 2883 3939 ex
2932 3888 3114 3938 nunc
3164 3864 3347 3937 idem
3378 3860 3533 3935 Co-

190 3987 347 4039 ·es
432 3962 806 4041 Crisiensis
883 3989 1019 4040 nec
1095 3967 1404 4043 iudicare
1482 3989 1708 4064 neque
1782 3967 2214 4041 descendere
2296 3988 2506 4064 super
2573 3989 2702 4042 eos
2757 3978 3088 4041 teneatur.
3197 3965 3533 4039 Volumus

182 4072 427 4166 igitur,
480 4074 665 4164 quod
716 4069 967 4143 nullam
1040 4071 1402 4144 collectam
1483 4072 1761 4144 soluere
1831 4068 2131 4143 debeant
2197 4069 2507 4166 hospites
2581 4070 2924 4144 antedicti.
3028 4070 3166 4143 Pro
3217 4067 3536 4142 libertate

186 4183 425 4247 autem
480 4175 815 4269 ipsorum,
878 4176 949 4246 in
998 4177 1216 4247 tercio
1257 4197 1463 4267 anno,
1518 4197 1559 4246 a
1613 4173 1772 4247 data
1823 4176 2288 4271 presencium,
2343 4172 2431 4245 de
2486 4174 2784 4269 qualibet
2817 4183 3013 4271 porta
3069 4170 3538 4265 Quadraginta

186 4277 529 4352 denarios
580 4273 790 4368 bano‚
842 4298 970 4373 pro
1022 4286 1335 4374 tempore
1380 4280 1779 4369 constituto,
1834 4277 2112 4352 soluere
2163 4274 2594 4350 tenebuntur.
2673 4277 2928 4350 Forum
2971 4279 3154 4348 enim
3205 4278 3541 4370 ipsorum,

194 4404 239 4455 ι
289 4378 503 4455 nohis
557 4401 997 4470 concessum,
1054 4380 1445 4456 celebretur
1490 4383 1709 4455 tercia
1755 4379 1959 4472 feria,
2015 4379 2103 4453 de
2144 4381 2339 4454 cuius
2390 4377 2641 4453 tributo
2668 4382 2740 4452 in
2777 4378 3028 4453 eodem
3079 4380 3299 4451 tercio
3354 4399 3537 4450 anno

192 4485 334 4559 due
385 4491 624 4581 partes
679 4481 887 4573 bano,
938 4489 1157 4557 tercia
1200 4506 1377 4559 vero
1414 4506 1575 4581 pars
1628 4486 1796 4581 ipsis
1822 4483 2204 4580 hospitibus
2230 4486 2511 4580 incipiat
2557 4486 2946 4557 ministrari.
3000 4480 3260 4554 Omnes
3309 4490 3538 4554 autem

192 4610 484 4678 causas,
550 4596 691 4659 tam
747 4589 1074 4679 maiores,
1130 4610 1329 4683 quam
1368 4591 1698 4679 minores,
1754 4591 1905 4661 siue
1958 4590 2029 4660 in
2084 4586 2196 4660 die
2250 4585 2410 4678 fori,
2466 4590 2615 4659 siue
2666 4591 2739 4659 in
2791 4586 2947 4680 alijs
3002 4583 3243 4659 diebus
3296 4606 3538 4658 emer-

190 4700 475 4787 gentes,
529 4693 753 4763 maior
782 4689 976 4778 ville,
1023 4713 1225 4786 quem
1262 4695 1641 4764 communis
1675 4690 1964 4788 populus
2021 4691 2337 4785 elegerit,
2388 4688 2638 4764 debeat
2670 4693 2939 4787 penitus
2990 4688 3324 4781 iudicare,
3378 4711 3539 4761 ma-

196 4797 308 4870 ior
356 4815 537 4867 vero
582 4793 777 4880 ville,
832 4796 896 4866 si
931 4793 1438 4890 querulantibus
1492 4798 1827 4869 iusticiam
1883 4795 2288 4889 denegaret,
2341 4793 2526 4867 idem
2578 4798 2799 4866 maior
2850 4791 3032 4866 Ville
3078 4814 3313 4866 coram
3366 4813 3541 4886 pre-

190 4901 439 4973 sencia
497 4897 715 4970 solius
765 4893 928 4969 bani
979 4919 1104 4993 pro
1157 4907 1468 4994 tempore
1516 4901 1865 4972 constituti
1915 4901 2297 4993 impetatur.
2402 4893 2663 4969 Citacio
2714 4901 2961 4994 quippe
3013 4898 3295 4970 maioris
3346 4893 3540 4985 ville,

196 5023 339 5076 non
385 5001 612 5092 aliter,
664 5003 803 5075 nisi
839 5023 991 5072 cum
1030 5000 1443 5097 specialibus
1494 5003 1711 5077 literis
1764 5000 1950 5092 bani,
2003 5000 2346 5074 mediante
2397 4998 2582 5073 bono
2614 5002 3037 5089 testimonio,
3065 4999 3217 5072 fieri
3265 4992 3543 5087 debeat,

200 5114 273 5180 et
301 5107 456 5202 ipse
491 5105 717 5178 maior
747 5103 917 5178 ville
955 5107 1196 5179 citatus
1232 5128 1360 5202 per
1395 5108 1779 5203 quempiam
1821 5104 2102 5195 bannm,
2154 5103 2330 5176 ultra
2369 5100 2564 5178 Gozd
2586 5105 2673 5197 *J
2728 5114 2799 5180 et
2832 5106 3008 5178 ultra
3043 5102 3375 5176 Drawam
3400 5119 3545 5171 non

296 5404 357 5472 “)
390 5404 563 5458 nane·
596 5404 735 5456 inter
769 5401 1071 5457 slavoniam
1102 5410 1157 5458 et
1191 5400 1485 5456 Cronium..
