3950 5917
461 431 565 510 ¹2

2057 950 2189 1035 V.

1570 1239 1777 1313 Am
1824 1238 1932 1312 92
1944 1238 2287 1324 7—928.
2377 1238 2682 1335 Spalaei.

458 1501 883 1584 Decreta
947 1501 1318 1608 Synodi
1410 1502 2041 1610 Spalatensis,
2133 1505 2790 1611 praesidente
2864 1503 3138 1610 Rege
3202 1502 3801 1587 Croatorunr

458 1639 963 1722 Tamislao
1041 1645 1464 1747 sancita,
1545 1646 1638 1722 in
1700 1641 2060 1747 quibus
2140 1645 2404 1723 inter
2465 1653 2816 1724 caetera
2896 1646 3298 1748 antiqua
3385 1641 3804 1725 Statuta

778 1791 872 1859 et
932 1780 1737 1861 consuetudines
1797 1779 2123 1887 Regni
2186 1779 2654 1863 Oroatiae
2724 1779 3472 1862 confirmantur.

846 2122 866 2142 .
914 2123 933 2143 .
982 2121 1004 2144 .
1063 2068 1246 2143 unde
1327 2070 1724 2167 frequenter
1802 2068 2050 2145 eadem
2116 2068 2558 2167 poscentibus
2625 2067 2828 2144 nobis
2898 2066 3359 2142 definitionem
3443 2069 3802 2165 recipere,

465 2172 602 2248 bac
672 2173 760 2248 de
830 2195 1042 2247 causa
1120 2174 1546 2248 terminando
1628 2176 2002 2267 injunctam
2072 2172 2204 2250 sibi
2273 2176 2504 2271 operis
2570 2172 2961 2267 Balgariam
3037 2180 3352 2270 petentes
3418 2169 3800 2245 Romano-

468 2300 618 2352 rum
669 2276 911 2371 Legati
960 2275 1422 2353 madalbertus
1476 2276 1893 2353 venerabilis
1943 2277 2330 2375 Episcopus
2384 2281 2449 2350 dc
2497 2277 2805 2351 Joannes
2875 2277 3038 2348 Dux
3087 2275 3368 2350 illustris
3420 2275 3582 2349 Dux
3634 2272 3801 2349 Cu—

462 2404 617 2458 mas
673 2380 925 2474 (Ducis
980 2377 1306 2474 Grum1?)
1379 2404 1556 2478 quae
1627 2392 1999 2478 sequuntur
2064 2381 2443 2478 Epistolae,
2514 2381 2601 2454 ad
2652 2403 2784 2456 nos
2836 2388 2997 2478 post
3043 2377 3387 2453 biennium
3460 2378 3796 2453 devene-

463 2494 642 2559 runt.
695 2484 1193 2559 Pervenientes
1245 2488 1451 2608 igitur
1496 2484 1786 2582 praefati
1829 2485 2070 2580 Legati
2122 2484 2211 2558 ad
2264 2484 2558 2558 confinia
2613 2493 2875 2578 nostra,
2928 2493 3000 2557 et
3037 2487 3216 2558 sicut
3263 2483 3396 2557 illis
3450 2505 3620 2580 opus
3662 2486 3799 2555 in—

453 2593 767 2684 junctum
821 2588 1225 2685 Apostolica
1269 2592 1587 2681 jussione
1639 2587 1809 2677 fuit,
1880 2589 2269 2684 Bulgariam
2319 2600 2814 2686 perrexerunt,
2869 2592 3114 2684 quique
3166 2596 3448 2683 peracto
3502 2590 3796 2681 negotio

464 2696 659 2790 pacis
727 2695 907 2766 inter
971 2692 1310 2788 Bulgaros
1383 2703 1454 2766 et
1527 2689 1816 2767 Oroates
1896 2696 2234 2789 repetito,
2302 2697 2435 2765 iter
2503 2692 2588 2765 ad
2655 2715 2786 2768 nos
2837 2690 3273 2766 Venerabilis
3324 2689 3801 2765 Madalbertus

462 2796 851 2895 Episcopus
905 2799 975 2869 in
1027 2795 1348 2870 Ecclesia
1403 2796 1793 2894 spalatensi
1847 2796 2270 2888 adveniens,
2325 2795 2748 2895 synodaliter
2796 2818 2927 2870 nos
2981 2794 3368 2892 Episcopos
3418 2794 3801 2885 Joannem,

462 2901 899 2992 Forminum,
972 2899 1376 2995 GregorIum
1451 2923 1605 2974 cum
1678 2897 2080 2975 Groatorum
2149 2904 2454 2998 principe
2508 2910 2579 2974 et
2630 2902 2781 2994 ejus
2833 2898 3236 2996 proceribus
3290 2902 3803 2993 congregavit3

458 3028 622 3078 cum
656 3003 897 3101 quibus
932 3004 1274 3097 residens,
1327 3015 1610 3079 cunctas
1649 3008 2051 3102 provinciae
2105 3008 2421 3100 antiquae
2471 3003 3034 3095 consvetudines,
3079 3007 3268 3096 justo
3323 3003 3804 3076 moderamine

462 3129 958 3206 perseverans,
1010 3107 1330 3200 firmavit,
1385 3111 1612 3182 omnia
1666 3110 2041 3184 secundum
2093 3118 2405 3182 veterum
2460 3117 2705 3182 statuta
2754 3112 2827 3180 in
2880 3107 3193 3182 omnibns
3221 3107 3559 3182 Ecclesiis
3610 3105 3807 3202 Epi—

462 3233 835 3309 scoporum
889 3212 1247 3309 privilegia
1302 3211 1774 3309 redintegrari.
1881 3213 1984 3286 Ita
2037 3212 2422 3286 dumtaxat:

778 3342 870 3417 Ut
918 3342 1240 3419 Ecclesia
1312 3343 1550 3417 Sancti
1616 3343 1928 3435 Domnii,
2002 3344 2179 3417 sicut
2249 3341 2336 3416 ab
2403 3345 2596 3416 initio
2667 3346 3022 3441 primatum
3100 3339 3439 3430 obtineat,
3491 3349 3564 3414 et
3612 3342 3806 3414 intra

463 3446 715 3522 limites
770 3446 1118 3522 dioecesis
1174 3471 1342 3522 suae
1414 3457 1660 3521 cuncta
1727 3450 2064 3522 canonice
2135 3456 2443 3543 peragat.
2551 3443 2878 3521 Similiter
2942 3467 3392 3541 unaquaeque
3443 3443 3810 3536 Ecclesia,

463 3551 588 3624 vel
642 3555 912 3643 civitas,
966 3574 1143 3648 quae
1176 3551 1559 3626 Pontificali
1611 3574 1895 3625 munere
1949 3554 2331 3648 constipata
2386 3554 2723 3641 consistit,
2776 3551 2977 3625 simul
3030 3548 3269 3624 sedem
3322 3571 3479 3621 cum
3528 3547 3804 3645 praeli-

462 3657 626 3729 nitis
665 3657 969 3730 terminis
1003 3655 1334 3731 Dioecesi
1384 3679 1555 3731 suae
1606 3679 1647 3728 a
1683 3654 1995 3730 Patribus
2047 3657 2364 3728 institutis
2416 3654 2827 3749 regulariter
2870 3652 3220 3743 abutatur3
3272 3661 3412 3725 tam
3441 3652 3810 3726 Jadertina

462 3757 789 3833 Ecclesia
826 3782 1025 3855 quam
1063 3768 1340 3834 ceterae
1375 3759 1741 3833 Ecclesiae
1757 3757 2281 3832 Dalmatiarum:
2318 3757 2685 3851 Arbeusis,
2719 3756 3113 3845 Veclensis,
3147 3755 3596 3846 AbsarensiS,
3616 3779 3809 3851 quae

467 3872 627 3939 sunt
661 3866 731 3936 in
769 3862 1178 3936 occidentali
1227 3873 1421 3960 parte
1468 3866 1761 3961 positae,
1812 3861 2179 3937 Ecclesiae
2231 3885 2406 3936 vero
2443 3863 2649 3953 aliae,
2688 3883 2864 3957 quae
2899 3864 2971 3935 in
3006 3863 3270 3935 oriente
3321 3859 3679 3951 habentur,
3724 3859 3810 3933 id

466 3977 578 4041 est
605 3967 1037 4061 stagnensis,
1090 3965 1486 4062 Ragusiana
1516 3976 1585 4040 et
1611 3963 2045 4041 Gatharitana
2097 3965 2411 4041 eamdem
2442 3966 2929 4063 plenitudinem
2967 3966 3202 4059 (cum)
3242 3963 3520 4039 sedibus
3549 3968 3614 4037 dc
3638 3974 3810 4037 ter-

467 4073 670 4146 minis
709 4074 852 4146 suis
886 4074 957 4143 in
997 4069 1309 4146 omnibus
1347 4071 1728 4145 catholicae
1781 4069 1941 4143 fidei
1994 4071 2245 4165 dogma
2300 4070 2780 4166 adsequuntur.
2840 4069 3193 4143 Nouensis
3247 4090 3421 4141 vero
3474 4067 3812 4141 Ecclesia

466 4198 610 4250 non
677 4174 1091 4271 Episcopum
1158 4178 1564 4272 antiquitus,
1638 4175 1764 4250 sed
1832 4172 2502 4272 Archipresbiterum
2573 4173 2698 4249 sub
2768 4172 3024 4247 ditione
3093 4172 3422 4270 Episcopi
3471 4171 3811 4246 habuisse

468 4282 933 4372 cognoscitur.
1040 4275 1326 4355 Constat
1402 4280 1705 4375 legitime
1783 4289 1860 4351 ut
1930 4282 2083 4375 ipse
2153 4278 2539 4376 Episcopus
2626 4282 2698 4352 in
2765 4276 3068 4374 qualibet
3132 4276 3456 4351 Ecclesia
3525 4298 3621 4348 ex
3691 4275 3810 4349 bis

465 4382 847 4475 Ecclesiis,
921 4405 1089 4479 quas
1160 4385 1391 4480 primis
1462 4381 1877 4479 temporibus
1947 4381 2274 4457 babuisse
2345 4382 2732 4479 Episcopos
2809 4380 3121 4456 omnibus
3174 4389 3402 4478 patet3
3454 4403 3610 4454 cum
3663 4382 3815 4454 sint

468 4489 782 4582 utrinque
830 4508 1070 4561 omnes
1115 4487 1505 4584 populatae,
1558 4495 1629 4559 et
1659 4485 1817 4559 Deo
1853 4485 2222 4578 adjuvante
2258 4485 2711 4560 Sacerdotum
2747 4495 2819 4559 et
2850 4485 3146 4583 plebium
3202 4488 3467 4581 copiam
3519 4482 3812 4556 haben-

470 4597 607 4679 tes,
660 4601 1082 4687 proponatur
1135 4594 1287 4665 sive
1340 4594 1411 4664 in
1459 4589 1957 4664 scardonitana
2011 4588 2358 4682 Ecclesia,
2412 4590 2530 4664 vel
2583 4590 2933 4682 Sisciana,
2988 4599 3105 4663 aut
3157 4599 3345 4661 certe
3396 4591 3468 4660 in
3520 4588 3813 4662 Delmi-

465 4695 672 4776 nensi
720 4693 1064 4767 Ecclesia.
1172 4693 1372 4782 Quod
1424 4697 1484 4768 si
1535 4698 1939 4767 immensum
1992 4692 2319 4790 pontificii
2373 4692 2602 4768 subire
2657 4695 2981 4784 delectat,
3027 4703 3098 4767 et
3146 4714 3352 4765 unam
3406 4691 3535 4767 sibi
3587 4690 3818 4764 dioe-

470 4800 736 4870 cesium
809 4796 1132 4872 sufficere
1201 4821 1341 4872 non
1412 4798 1603 4891 vult,
1681 4797 1920 4871 harum
1999 4800 2194 4870 trium
2266 4798 2799 4891 magnitudinem
2868 4798 3245 4871 Dioecesei
3312 4795 3637 4893 ponderis
3712 4795 3822 4868 ad

468 4904 814 4975 interitum
889 4923 1080 4974 suum
1156 4912 1228 4975 et
1296 4925 1535 4976 eorum
1608 4905 1974 4999 suscipiat,
2046 4902 2203 4975 dum
2254 4924 2479 4998 neque
2533 4901 2728 4997 plebs
2779 4901 3092 5000 perfecte
3147 4898 3231 4973 ab
3286 4923 3374 4973 eo
3427 4897 3822 4995 pontificali
3943 4921 3950 4930 ·

471 5026 757 5078 munere
811 5009 1166 5102 percipere
1210 5007 1442 5080 valeat
1476 5011 1763 5098 gratiam
1809 5008 2008 5098 Juxta
2067 5005 2473 5080 Sanctorum
2527 5006 2801 5079 Patrum
2854 5015 3129 5096 statuta,
3179 5027 3405 5099 neque
3456 5008 3605 5101 ipse
3659 5003 3817 5076 ad-

470 5110 756 5205 implere
806 5133 1000 5184 suum
1036 5113 1108 5183 in
1143 5114 1246 5184 eis
1286 5109 1587 5183 officium
1640 5111 1898 5201 valeat,
1955 5133 2113 5183 cum
2150 5114 2236 5184 sit
2271 5120 2549 5206 propter
2601 5112 2806 5184 multa
2861 5118 3195 5182 terrarum
3247 5108 3464 5204 spatia
3520 5106 3820 5182 difficile

472 5217 846 5310 peragrari.
952 5214 1076 5288 His
1128 5218 1220 5287 ita
1276 5215 1651 5289 secundum
1707 5214 2156 5311 apostolicam
2202 5216 2587 5306 jussionem
2634 5211 3097 5288 madalbertus
3149 5212 3567 5286 venerabilis
3619 5210 3818 5307 Epi-

476 5339 730 5413 scopus
798 5328 1265 5415 perscrutatus
1338 5321 1565 5391 omnia
1621 5322 1685 5390 dc
1739 5327 2089 5415 comperta
2141 5320 2512 5408 veraciter,
2566 5318 2864 5392 feliciter
2918 5320 3251 5406 sancivit3
3302 5319 3396 5388 ita
3450 5326 3525 5389 ut
3572 5316 3820 5390 nullus

471 5443 770 5518 unquam
804 5423 1004 5519 hujus
1044 5424 1489 5501 ordinationis
1532 5422 1832 5498 violator
1869 5426 2146 5516 existat,
2202 5446 2357 5496 cum
2411 5433 2654 5496 cuncta
2711 5445 2888 5519 quae
2942 5419 3318 5521 praelibata
3369 5444 3496 5517 per
3548 5419 3826 5496 dictum
