3950 5917
3347 471 3448 548 13

122 676 629 774 apocrisarium
702 674 1023 752 Romano
1083 674 1404 761 ,Pontifici
1456 675 1709 754 ruerint
1756 686 2191 777 praesentata
2244 687 2318 753 et
2363 673 2450 754 ab
2500 698 2592 755 eo
2645 675 2880 756 divina
2931 680 3334 756 auctoritate
3387 685 3454 755 d:

122 776 367 855 Sncti
421 779 615 856 Petri
664 801 797 878 per
848 803 1012 855 suas
1058 781 1345 874 litteras,
1413 785 1480 857 ὡ
1527 783 1689 881 palii
1740 785 2071 858 missione
2123 781 2542 859 confirmata.

120 955 305 1011 'affl
341 956 622 1027 illyricum
659 957 874 1012 Sum
908 958 965 1013 Τ.
997 958 1080 1014 m.
1115 976 1168 1032 p.
1204 960 1323 1014 1⁰³.
1374 960 1454 1016 Ex
1487 960 1620 1017 libro
1652 958 1827 1016 180st
1860 959 2082 1016 Historh
2116 957 2414 1016 salonitana
2447 960 2629 1030 major,
2663 962 2716 1015 in
2741 961 2984 1017 Archivio
3021 960 3240 1031 Capituli
3267 957 3453 1030 Spala-

444 1046 612 1099 «aab
646 1044 739 1100 illo
772 1054 1010 1117 tenpore
1041 1056 1319 1102 sumto.

1488 1329 2112 1348 Ἣ

1710 1659 1903 1744 vl.

1586 1948 1795 2022 Anno
1845 1946 2037 2022 928.

140 2211 319 2292 Leo
400 2208 557 2291 VI.
642 2209 1113 2291 Pontifex
1191 2209 1716 2318 Romanus,
1812 2210 2436 2319 Jadrensem,
2519 2210 3104 2318 Nouensem‚
3174 2210 3468 2292 Scar-

140 2350 716 2455 donensem‚
774 2347 1491 2456 Absarensem‚
1551 2348 2142 2457 Athensem‚
2226 2349 2920 2456 Spalatensem
2983 2362 3079 2431 et
3138 2348 3470 2455 Ragn-

146 2514 481 2570 sanum
558 2487 1263 2594 Episcopatum
1328 2493 1421 2567 in
1486 2486 2074 2569 Croatorum
2145 2500 2412 2571 terra
2488 2491 2816 2571 fuisse
2899 2499 3470 2570 attestatur.

459 2787 619 2861 Leo
671 2785 1056 2883 Episcopus
1136 2786 1403 2863 Servus
1455 2783 1834 2862 Servorum
1900 2787 2037 2860 Dei
2085 2787 2406 2867 Formino
2463 2797 2746 2862 sanctae
2798 2787 3268 2861 Jadaratensis
3320 2784 3473 2857 Ec-

144 2893 407 2966 deame
460 2891 852 2989 Episcopo„
908 2895 972 2963 dc
1025 2886 1366 2986 Gregorio
1422 2899 1702 2966 sanctae
1753 2890 2101 2965 Nouensis
2154 2889 2519 2966 Ecclesiae
2570 2891 2946 2987 Episcopo,
3027 2889 3474 2985 omnibusque

150 2995 528 3093 Episcopis
582 3017 712 3091 per
759 2994 1165 3069 Dalmatiam
1218 2992 1793 3071 commorantibus
1846 2994 2114 3070 dilectis
2166 2994 2322 3071 filiis
2378 3001 2442 3069 dc
2496 2994 2808 3070 fidelibus
2860 2997 3137 3070 nostris.

470 3151 659 3239 Quia
709 3153 1000 3246 gratuita
1052 3150 1185 3224 Dei
1216 3153 1718 3247 omnipotentis
1769 3150 2242 3226 misericordia
2294 3173 2427 3226 vos
2480 3154 2550 3223 in
2577 3150 2970 3248 Episcopali
3023 3150 3239 3224 infula
3293 3170 3477 3221 con-

150 3259 392 3346 stituit,
450 3254 737 3349 dignum
792 3264 901 3328 est
947 3264 1022 3328 ut
1068 3266 1308 3330 vestro
1360 3255 1886 3352 metropolitano
1941 3265 2224 3329 sanctae
2278 3255 2701 3351 spalatensis
2752 3255 3118 3329 Ecclesiae
3171 3252 3478 3326 Archio-

148 3364 447 3459 piscopo
502 3381 841 3432 summam
884 3362 1346 3433 reverentiam
1399 3359 1731 3433 exhibere
1759 3359 2199 3448 delectimini,
2252 3370 2586 3455 quatenus
2638 3381 2765 3455 per
2817 3358 3125 3432 ordinem
3179 3366 3253 3430 et
3301 3379 3479 3429 nor-

146 3487 331 3538 man
378 3466 701 3557 justitiae
755 3462 1147 3555 gradientes
1202 3467 1431 3538 securi
1483 3473 1554 3536 et
1603 3462 1943 3560 intrepidi„
1996 3464 2290 3538 valeatis
2343 3463 2431 3536 ad
2484 3463 2782 3536 divinam
2837 3462 3480 3557 contemplationem

144 3571 558 3666 pervenire.
665 3564 839 3640 Nam
893 3567 1049 3662 quid
1102 3567 1404 3643 deterius
1456 3589 1620 3643 esse
1674 3570 1999 3659 cernitur,
2050 3590 2249 3663 quam
2303 3566 2687 3663 Episcopus
2739 3569 3015 3665 proprio
3067 3565 3483 3662 Metropoli-

144 3683 308 3747 tano
365 3669 789 3745 inobediens
845 3693 1034 3758 esse,
1086 3694 1245 3745 cum
1296 3675 1617 3768 scriptum
1674 3674 1760 3746 sit
1802 3675 1872 3744 in
1923 3671 2260 3746 Africano
2340 3672 2676 3745 concilio:
2762 3670 2993 3766 „Nihil
3068 3669 3484 3766 Episcopum

150 3788 441 3874 praeter
526 3776 1019 3848 conscientiam
1093 3778 1351 3872 proprii
1418 3775 1924 3872 Metropolitani
1975 3776 2226 3871 aliquid
2275 3798 2488 3871 agere
2541 3775 2869 3849 debere.“
2950 3774 3040 3848 Et
3092 3778 3154 3847 si
3203 3777 3297 3846 ita
3350 3783 3484 3850 est.

146 3903 309 3954 cum
362 3881 638 3953 scimus
691 3881 846 3974 quia
899 3881 990 3951 ita
1045 3889 1178 3970 est„
1229 3888 1305 3952 ut
1351 3880 1575 3952 nullus
1627 3878 2013 3975 Episcopus
2067 3878 2317 3954 debeat
2366 3883 2711 3977 proprium
2763 3902 2957 3954 suum
2983 3877 3484 3973 Metropolitam

151 3987 542 4078 ignorare3
620 4004 746 4055 cur
795 4003 929 4056 vos
980 3981 1466 4057 Dalmatiarum
1517 3982 1845 4079 Episcopi
1921 3994 2432 4080 contemptores
2485 3993 2557 4057 et
2635 3988 2832 4080 quasi
2882 4005 3009 4079 per
3059 3983 3488 4055 latrocinium

146 4089 430 4161 alienas
486 4084 864 4160 Parochias
919 4086 1337 4182 diripientes,
1406 4089 1746 4183 usurpatis
1799 4086 2004 4161 vobis
2055 4087 2416 4184 profanum
2465 4109 2746 4177 nomen,
2817 4085 2999 4182 quod
3055 4083 3139 4157 ab
3196 4087 3486 4178 antiquis

150 4190 487 4264 Patribus
542 4188 745 4263 vobis
797 4200 1106 4286 ereptum
1157 4213 1321 4266 esse
1376 4194 1693 4264 cernitur.
1771 4189 1969 4264 Unde
2022 4212 2380 4265 monemus
2433 4213 2568 4266 vos
2618 4202 2695 4264 ut
2745 4211 2988 4265 omnes
3040 4186 3365 4284 Episcopi
3416 4189 3486 4260 in

154 4297 465 4393 propriis
519 4291 842 4368 limitibus
897 4297 1034 4367 sint
1085 4297 1408 4369 contenti.
1460 4295 1850 4368 Torminum
1907 4317 2200 4390 namque
2253 4315 2638 4392 monemus,
2702 4297 2795 4367 ita
2849 4314 3041 4368 suam
3095 4290 3489 4388 parochiam

156 4403 501 4476 retinere..
577 4397 1144 4493 quemadmodum
1196 4402 1268 4472 in
1322 4401 1614 4495 antiquis
1682 4397 2101 4494 temporibus
2155 4401 2428 4488 mansit,
2508 4398 2817 4476 similiter
2864 4394 3291 4470 Absarensis
3337 4394 3490 4468 Ec-

158 4502 435 4577 clesiae
489 4499 909 4598 Episcopum
964 4507 1032 4575 dc
1079 4502 1485 4577 Arbitanum
1551 4511 1756 4600 atque
1804 4502 2325 4598 Ragusitanum‚
2394 4500 2872 4600 Spalatensem
2923 4502 3130 4574 etiam
3181 4499 3493 4574 Archio-

156 4610 529 4703 piseopum
582 4608 654 4678 in
737 4603 1137 4680 Croatorum
1219 4617 1404 4680 terra
1454 4607 1772 4681 volumus
1853 4615 1928 4680 ut
1994 4611 2339 4705 propriam
2413 4629 2609 4681 suam
2686 4603 3093 4679 Parochiam
3172 4607 3493 4697 retineat,

158 4709 743 4805 quemadmodum
796 4713 1157 4805 antiquitus
1213 4710 1609 4784 Salonitana
1661 4710 1983 4784 Ecclesia
2037 4710 2391 4785 retinebat.
2463 4709 2635 4797 Quia
2689 4731 2828 4782 non
2880 4719 3110 4806 potest
3157 4708 3492 4782 Parochia

158 4816 569 4905 (terminari
622 4822 739 4886 aut
791 4811 1094 4907 definiri)
1147 4814 1326 4888 infra
1379 4837 1611 4889 muros
1667 4817 1990 4906 civitatis,
2072 4813 2199 4890 sed
2249 4836 2375 4911 per
2450 4813 2820 4908 longinqua
2890 4817 3105 4911 spatia
3160 4823 3492 4887 terrarum

160 4922 231 4991 in
278 4916 609 5014 plebibus
665 4926 738 4990 et
815 4918 996 4990 villis
1051 4928 1122 4992 et
1200 4920 1383 4991 curis
1438 4930 1509 4992 et
1557 4917 1896 4994 Ecclesiis
1974 4926 2048 4991 et
2113 4922 2184 4991 in
2260 4917 2510 5014 populo
2592 4920 2953 5014 antiquitus
3026 4918 3495 4990 determinato.

162 5021 583 5119 Gregorium
640 5043 847 5116 vero,
926 5025 1039 5118 qui
1090 5020 1425 5119 probitate
1507 5026 1835 5120 temporis
1886 5026 1953 5096 in
2037 5017 2442 5095 Groatarum
2516 5030 2703 5096 terra
2770 5022 3157 5120 Episcopus
3210 5020 3496 5092 effectus

160 5135 299 5214 est,
354 5129 827 5224 praecipimus
894 5129 964 5198 in
1018 5127 1168 5200 sola
1248 5123 1747 5201 scardonitana
1825 5125 2145 5199 Ecclesia
2196 5126 2664 5201 tantummodo
2744 5129 3156 5215 ministrare,
3236 5123 3501 5196 alienas

160 5229 547 5306 Parocbias
605 5233 671 5303 ei
725 5233 1181 5327 praecipimus
1232 5231 1420 5305 nullo
1474 5230 1682 5305 modo
1738 5231 2024 5328 amplius
2077 5252 2451 5327 usurpare3
2505 5236 2662 5328 quia
2717 5234 2776 5303 si
2830 5230 3097 5319 fecerit,
3151 5228 3304 5299 sine
3358 5224 3500 5300 du-

162 5329 273 5408 bio
331 5360 374 5409 a
428 5344 679 5408 nostro
731 5332 1143 5408 Pontificatu
1219 5339 1851 5409 excommunicatus
1906 5332 2225 5408 manebit.
2328 5336 2610 5409 Pallium
2664 5356 2865 5423 vero,
2946 5340 3020 5405 et
3068 5351 3266 5404 usum
3316 5332 3504 5428 pallii

158 5435 411 5517 hanni
486 5449 777 5514 sanctae
861 5437 1287 5537 Spalatensis
1361 5439 1727 5514 Ecclesiae
1806 5437 2385 5538 Archiepiscopo,
2464 5443 2644 5518 sicut
2720 5442 2991 5534 antiqua
3070 5436 3508 5512 consvetudo
