3950 5917
3267 404 3416 507 45‘1·

102 643 346 716 eodem
403 642 878 737 dependeant:
992 640 1233 726 Quoad
1303 644 1493 734 ipsos
1548 659 1719 713 vero
1775 650 1916 712 tres
1974 637 2394 712 Sclavoniae
2451 635 2853 728 Comitatus,
2929 638 3086 711 dum
3144 639 3435 714 effeetus

100 747 323 819 bonae
376 749 446 817 in
502 742 1194 818 Contributionalibus
1245 741 1819 838 Manipulationis.,
1895 765 1988 813 ex
2049 744 2218 836 ipsis
2275 740 2587 833 ejusdem
2642 740 2924 835 Consilij
2984 740 3433 837 Operationi-

101 847 228 922 bus
297 851 581 943 primum
651 847 1055 943 prodiverit‚
1136 856 1364 918 eotmn
1420 848 1605 917 circa
1661 846 1943 919 eosdem
2003 842 2376 917 Comitatus
2432 845 2892 917 Selavonioos
2951 844 3179 939 quoad
3236 843 3433 918 Con-

101 950 529 1024 tributionale
612 973 919 1045 quoque,
965 947 1335 1021 crebrofati
1408 945 1685 1038 Consilij
1763 947 1966 1038 Regii
2041 946 2263 1019 Curae
2345 957 2415 1019 et
2489 946 2871 1020 Direetioni
2944 946 3432 1039 Subjiciendos

99 1053 399 1147 benigne
473 1076 706 1126 sumus
779 1052 1251 1147 dispositurae.
1358 1050 1466 1122 De
1520 1051 1782 1145 reliquo
1830 1049 2297 1123 Fidelitatibus
2335 1049 2607 1122 Vestris
2653 1048 2887 1123 Gratia
2939 1050 3194 1123 Nostra
3237 1048 3433 1124 Cae-

102 1157 581 1250 sareo-Regia
633 1155 935 1250 benigne
999 1175 1383 1250 propensae
1437 1176 1813 1226 manemus.
1921 1153 2169 1225 Datum
2235 1155 2305 1225 in
2358 1153 2867 1226 Archi-Ducali
2925 1151 3220 1227 Civitate
3273 1152 3433 1225 No-

102 1270 239 1330 stra
293 1259 564 1332 Vienna
634 1260 959 1332 Austriae
1010 1257 1142 1329 Die
1210 1260 1422 1351 prima
1476 1256 1736 1328 Mensis
1792 1253 2112 1348 Augusti3
2187 1256 2394 1328 Anno
2448 1256 2722 1329 Domini
2775 1255 3169 1349 Millesimo‚
3242 1255 3433 1352 Sep-

98 1367 610 1455 tingentesimm
667 1363 1129 1454 Sexagesimo
1186 1358 1515 1454 Septimo.

419 1592 666 1664 Maria
724 1592 1115 1664 Therasia
1189 1615 1275 1664 m.
1332 1615 1395 1700 p.

1976 1818 2230 1893 Comes
2286 1817 2629 1913 Georgius
2682 1818 2945 1895 Fokete
2998 1844 3087 1894 m.
3161 1844 3226 1917 p.

2129 2023 2481 2099 Ladislaus
2534 2023 2776 2100 Battba
2829 2049 2918 2098 m.
2975 2048 3036 2121 p.

1602 2327 1658 2389 A
1713 2339 1885 2408 ter-90
1904 2354 1925 2389 :

414 2539 894 2631 Reverendi5‚
965 2543 1523 2634 Honorabilibus,
1595 2484 2095 2640 spectabilibus
2169 2569 2251 2618 ao
2317 2544 2727 2640 magnificis,
2805 2546 3189 2642 Magnifiois
3268 2552 3433 2622 item

4 2727 5 2730 Ἴ
82 2641 426 2736 Egregijs
484 2646 549 2714 dc
609 2642 996 2736 Nobilibus,
1067 2668 1201 2717 nec
1269 2669 1410 2719 non
1480 2647 1929 2722 prudentibus
2003 2671 2088 2720 ae
2158 2647 2690 2746 Circumspectis
2740 2650 2825 2723 N.
2894 2650 2980 2723 N.
3032 2650 3432 2745 Regnorum

82 2755 492 2817 nostrorum
544 2745 956 2837 Dalmatiae,
1019 2744 1338 2822 Oroatiae
1394 2753 1459 2821 dc
1514 2751 1929 2825 Solanoniae
1976 2751 2340 2827 Universis
2412 2752 2712 2828 Statibus
2769 2757 2834 2825 dc
2885 2753 3250 2829 Ordinibus
3304 2758 3432 2828 deo.

80 2846 449 2921 Fidelibus
503 2847 719 2924 Nobis
774 2849 1061 2924 dilectis.

625 3080 999 3157 Varasdini,
1041 3081 1150 3154 Ex
1205 3082 1485 3157 Officio„

1563 3336 1675 3427 (L.
1746 3337 1863 3429 S.)

70 3587 237 3657 orig.
274 3590 333 3639 in
369 3587 600 3642 Archivo
636 3588 805 3659 Regni
841 3587 1096 3643 croatiae.
1133 3589 1263 3643 Acta
1300 3590 1470 3658 Regni
1507 3589 1700 3659 Gongr.
1741 3591 1875 3646 1767
1910 3589 1998 3643 Nr.
2033 3593 2121 3647 51.

2856 5443 3008 5521 57*
