3950 5917
3312 399 3476 478 40⁸7

140 606 432 682 aliorum
496 605 946 678 Dominorum
998 606 1453 679 Terrestrium
1505 607 1688 698 loca,
1745 629 1898 679 cum
1950 607 2141 698 SuiS,
2198 630 2375 701 quae
2420 607 2725 702 adusque
2779 615 3152 704 portarunt,
3209 609 3474 681 oneri-—

141 708 271 786 bus
324 707 623 782 Publicis
685 708 891 782 modo
943 713 1232 806 praevio
1284 708 1794 806 Incorporanda
1849 734 1890 782 a
1948 710 2061 782 die
2118 711 2186 783 1.
2239 710 2656 784 Novembris
2711 710 3102 784 Secundum
3145 711 3476 785 Normam

145 812 478 886 hactenus
550 816 892 902 usitatam,
965 811 1256 885 stabilita
1315 823 1539 885 autem
1616 812 1835 886 semel
1901 815 2197 887 antelata
2268 812 2469 888 Nova
2524 818 3000 910 repartitione,
3073 814 3472 888 Secundum

145 917 331 989 illam
383 918 888 1011 praestationes
942 914 1124 991 Suas
1176 916 1664 990 Peccuniarias
1719 917 1807 989 ad
1863 915 2121 991 Cassas
2178 917 2682 992 Comitatenses
2735 918 3279 992 adminstrandas
3333 919 3478 990 ha·-

146 1018 444 1108 bebunt3
500 1018 1088 1107 Quemadmodum
1144 1023 1347 1094 etiam
1401 1019 1965 1116 praespecificata
2018 1020 2334 1093 Militaria
2405 1020 2619 1112 Loca,
2700 1044 2875 1116 quae
2931 1020 3055 1095 sub
3127 1022 3474 1118 Incorpo-

144 1126 481 1196 rationem
537 1123 809 1212 cadent,
868 1133 939 1195 et
988 1123 1319 1197 hactenus
1373 1146 1509 1197 non
1566 1123 2103 1215 contribuerunt,
2160 1147 2360 1218 quam
2413 1129 2698 1220 primum
2755 1129 3141 1222 conscripta
3195 1124 3476 1216 fuerint,

142 1226 529 1322 iisdemque
591 1230 1170 1322 proportionatum
1243 1249 1417 1299 onus
1488 1226 1969 1322 adrepartitum
2026 1231 2390 1319 exstiterit,
2444 1250 2583 1300 non
2638 1239 2998 1324 expectata
3047 1232 3250 1301 etiam
3305 1232 3482 1304 uni-⁶.

144 1331 448 1404 versalis
505 1328 1046 1425 conscriptionis
1118 1340 1189 1402 et
1256 1333 1714 1426 repartitionis
1785 1329 2262 1419 ratificatione,
2332 1332 2732 1404 Provisorie
2804 1337 3026 1404 statim
3099 1332 3186 1406 ad
3256 1336 3477 1405 instar

148 1434 436 1506 aliorum
493 1432 925 1506 contribuere
981 1443 1050 1504 et
1086 1434 1498 1530 praestanda
1550 1444 1907 1529 praestare
1963 1433 2346 1523 debebunt3
2415 1435 2548 1508 illis
2593 1445 2819 1507 tamen
2864 1434 3284 1532 Hospitibus,
3340 1458 3471 1509 seu

145 1535 461 1610 Patribus
513 1534 810 1609 familias
888 1541 1228 1634 exceptis,
1301 1540 1413 1632 qui
1469 1547 1624 1610 actu
1680 1548 1876 1610 extra
1949 1538 2264 1632 Regnum
2338 1541 2404 1610 in
2463 1537 2723 1612 Castris
2793 1543 3048 1614 nostris
3121 1543 3470 1613 constituti

148 1650 335 1727 sunt,
389 1639 495 1713 his
534 1643 712 1712 enim
768 1651 841 1712 ut
894 1650 1117 1713 semet
1168 1663 1292 1736 pro
1330 1641 1555 1713 futuro
1607 1641 1726 1714 vel
1781 1642 1868 1714 ad
1920 1640 2308 1729 Militarem,
2363 1643 2481 1716 vel
2525 1642 3024 1716 Provincialem
3054 1653 3301 1718 statum
3337 1666 3469 1715 re-

151 1743 437 1817 solvere
489 1746 781 1839 possint,
834 1743 1223 1839 Respirium
1276 1766 1496 1839 usque
1549 1744 1842 1817 Primam
1907 1743 2323 1819 Novembris
2392 1745 2577 1819 Anni
2631 1750 2980 1840 sequentis
3039 1744 3239 1818 1746
3296 1746 3476 1835 dari,

140 1849 420 1939 juterea
477 1857 701 1919 autem
758 1850 948 1944 ipsos
1000 1850 1071 1920 in
1128 1857 1329 1939 statu,
1385 1871 1521 1941 quo
1576 1848 1867 1920 antehac
1920 1847 2199 1939 fuerint,
2252 1849 2541 1944 relinqui
2596 1851 2935 1922 volumus.
3016 1848 3104 1922 Ut
3153 1871 3366 1945 porro

464 1949 861 2023 Octavo:
916 1951 1139 2023 Etiam
1170 1953 1353 2023 circa
1381 1950 1951 2046 Regulamentum
1987 1951 2278 2024 Militare
2298 1953 3061 2043 JnterimalisProvisio
3111 1953 3248 2032 fiat.
3306 1954 3468 2025 cle-

146 2062 416 2125 menter
466 2055 908 2146 resolvimus,
962 2065 1036 2126 ut
1067 2064 1226 2150 post
1260 2053 1510 2128 factam
1547 2055 2203 2151 Incorporationem,
2260 2066 2328 2127 et
2365 2059 2675 2151 eousque
2709 2059 2777 2129 in
2813 2056 3125 2129 Partibus
3161 2056 3294 2129 illis
3334 2057 3474 2128 ba·-

145 2166 390 2230 ctenus
445 2160 763 2230 usitatum
814 2157 1107 2230 Militare
1159 2158 1754 2253 Regulamentum,
1809 2181 1965 2230 cum
2018 2157 2410 2253 Hungarico
2465 2160 2965 2253 Regulamento
3030 2163 3474 2255 comportari,

142 2268 220 2332 et
288 2263 359 2332 in
414 2259 655 2355 quibus
725 2265 795 2333 in
866 2265 1103 2357 specie
1171 2266 1439 2358 punctis
1511 2260 1596 2334 ab
1658 2265 1967 2355 jnvicem
2042 2262 2378 2352 differant,
2449 2268 2812 2358 punctatim
2882 2266 3313 2355 investigari,
3383 2286 3478 2334 ae

148 2363 421 2435 demum
487 2366 705 2460 primo
762 2368 1097 2457 cognosci
1151 2375 1383 2461 queat,
1439 2375 1654 2437 utrum
1706 2388 1829 2461 pro
1885 2364 2112 2438 futuro
2171 2370 2372 2438 etiam
2426 2371 2612 2460 prius
2666 2367 3232 2461 Regulamentum
3278 2365 3475 2438 Mili-

143 2476 324 2557 tare,
400 2467 579 2562 quod
634 2472 703 2540 in
757 2467 1032 2564 Syrmio
1088 2479 1158 2541 et
1201 2470 1519 2562 jnl‘eriori
1577 2469 1948 2542 Sclavonia
2019 2470 2349 2544 hactenus
2413 2474 2727 2543 usitatum
2783 2469 2932 2559 fuit,
3003 2474 3071 2543 in
3129 2492 3254 2543 suo
3303 2493 3470 2544 esse

144 2570 693 2666 relinquendum,
748 2573 866 2644 vel
920 2575 987 2645 in
1043 2571 1285 2667 quibus
1338 2576 1603 2668 punctis
1651 2571 2198 2661 modificandum,
2255 2575 2370 2645 vel
2424 2574 2623 2669 plane
2679 2573 2916 2647 nefors
2971 2572 3471 2667 abrogandum,

145 2681 220 2745 et
271 2677 341 2745 in
396 2675 624 2746 locum
677 2675 855 2747 illius
908 2675 1370 2768 Hungaricum
1425 2676 2018 2774 Regulamentum
2049 2675 2295 2749 ibidem
2351 2677 2804 2749 inducendum
2849 2677 2998 2752 sit?
3034 2682 3341 2766 interea,
3398 2687 3472 2749 et

144 2799 461 2871 eousque
515 2777 756 2851 Partes
821 2779 978 2851 illae
1030 2802 1295 2875 poenes
1350 2779 1679 2851 hactenus
1732 2766 2028 2852 habitum
2084 2780 2648 2874 Regulamentum
2717 2780 3008 2853 Militare
3077 2783 3472 2876 provisorie

144 2891 485 2953 maneant.
593 2881 759 2954 Ideo
836 2881 1243 2960 commissio
1306 2883 1482 2955 haec
1531 2888 1982 2984 praemissam
2039 2883 2326 2957 duorum
2378 2884 2766 2978 Militarium
2817 2885 3473 2978 Regulamentorum

142 2980 743 3060 combinationem
797 2984 1154 3059 Communi
1206 2985 1445 3060 labore
1500 2990 1828 3077 instituet,
1893 2995 1963 3059 et
2017 2988 2172 3082 quid
2225 3009 2351 3083 pro
2406 2987 2631 3060 futuro
2689 2998 2975 3061 eatenus
3027 2988 3473 3062 Statuendum

144 3110 315 3160 esse
371 3088 713 3160 censeat?
769 3092 1158 3184 opinionem
1215 3112 1407 3163 suam
1465 3089 1847 3180 submittet3
1902 3090 2170 3162 Interea
2230 3100 2456 3163 autem
2511 3094 2647 3183 (uti
2697 3096 3150 3186 praemissum
3198 3093 3342 3182 est)
3402 3102 3476 3164 et

144 3213 368 3283 usque
424 3189 817 3286 ulteriorem
882 3194 1373 3265 resolutionem
1444 3203 1513 3266 et
1564 3194 2103 3289 Dispositionem
2176 3202 2477 3265 nostram
2550 3194 2883 3268 hactenns
2936 3198 3003 3266 in
3061 3195 3337 3289 Syrmio
3393 3204 3468 3265 et

143 3289 521 3388 Sclavonia
566 3295 1031 3368 introductum
1083 3296 1650 3391 Regulamentum
1703 3295 1997 3368 Militare
2053 3296 2278 3368 debite
2335 3296 2840 3388 observandum
2896 3297 3253 3369 ordinabit.

459 3397 758 3472 Nono:
830 3400 1159 3487 Quamvis
1214 3398 1483 3494 quidem
1540 3421 1635 3472 ex
1685 3399 2022 3472 relatione
2079 3399 2360 3472 Comitis
2399 3400 2567 3472 Bani
2621 3400 2746 3475 sub
2799 3402 2908 3473 die
2963 3400 3033 3471 4.
3062 3399 3217 3490 Julij
3261 3395 3470 3471 1740

144 3500 489 3578 submissa
548 3513 850 3598 apareat,
907 3503 1089 3599 quod
1143 3504 1374 3577 Status
1429 3511 1499 3575 et
1550 3503 1842 3590 Ordines
1900 3503 2123 3600 Regni
2179 3501 2495 3574 Croatiae
2540 3506 2885 3597 petierint,
2957 3514 3028 3574 ut
3077 3503 3471 3586 Dominium

141 3603 488 3690 Comitum
526 3605 812 3703 Erdody
846 3606 1091 3680 Kutina
1131 3606 1406 3698 dictum,
1461 3610 1648 3679 iuxta
1687 3607 2064 3680 Articulum
2104 3605 2226 3678 51.
2274 3605 2458 3678 Anni
2498 3605 2691 3679 1741
2740 3605 3100 3678 Comitatui
3141 3604 3476 3680 Crisiensi

142 3712 218 3780 in
272 3708 521 3804 Regno
579 3705 898 3782 Croatiae
953 3714 1084 3784 sito
1139 3710 1649 3806 Incorporetur,
1706 3734 1790 3782 ac
1844 3714 2049 3784 etiam
2104 3732 2379 3783 eorsum
2436 3707 2870 3781 contribuere
2923 3719 3262 3799 teneatur,
3317 3730 3477 3782 cum

142 3821 381 3907 tamen
434 3811 777 3886 indubium
834 3818 944 3907 sit,
1002 3815 1179 3909 quod
1237 3815 1604 3887 antelatum
1655 3814 2044 3887 Dominium
2098 3814 2430 3887 hactenus
2460 3813 2546 3887 ad
2566 3811 2974 3906 juferiorem
3030 3812 3480 3902 sclavoniam

144 3926 222 3987 et
258 3915 535 4010 quidem
591 3939 631 3989 a
687 3916 786 3989 62
843 3918 1311 3992 sessionibus
1326 3916 1791 4004 contribuerit,
1851 3927 1920 3990 et
1974 3920 2035 3990 si
2087 3918 2268 3989 idem
2304 3918 2690 3991 Dominium
2745 3916 3058 4014 praefato
3114 3895 3484 3992 comitatui

144 4016 513 4116 Crisiensi,
570 4018 884 4116 adeoque
955 4021 1201 4116 Regno
1259 4020 1606 4109 Croatiae,
1680 4043 1831 4093 cum
1891 4042 2046 4110 suo,
2118 4019 2300 4117 quod
2353 4021 2684 4094 hactenus
2757 4023 3203 4119 supportavit,
3259 4041 3482 4094 onere

146 4124 659 4232 incorporetur,
708 4123 872 4197 illud
921 4128 1192 4199 aerario
1246 4134 1486 4198 nostro
1539 4124 1765 4217 Regio
1820 4126 1890 4197 in
1943 4123 2191 4196 furtum
2247 4124 2650 4198 decederet.
2702 4125 2862 4198 ideo
2919 4126 3296 4198 clementer
3345 4146 3482 4196 re-

145 4223 518 4318 solvimus»,
573 4238 647 4298 ut
698 4249 1008 4322 eousque
1063 4229 1289 4303 donec
1342 4231 1701 4301 memorati
1757 4228 1986 4302 Status
2045 4238 2112 4301 et
2164 4227 2458 4302 Ordines
2514 4228 2943 4319 edocuerint,
3023 4228 3205 4325 quod
3258 4250 3484 4324 repe-

141 4332 339 4403 titum
394 4331 783 4404 Dominium
832 4331 1076 4404 Kutina
1132 4355 1265 4405 non
1319 4331 1553 4406 Armis
1618 4355 1656 4404 a
1711 4331 1935 4404 Turca
1989 4343 2492 4428 recuperatum,
2565 4333 2692 4407 sed
2747 4333 2877 4408 alia
2931 4334 3260 4430 peculiari
3310 4353 3484 4406 mo·-

136 4433 430 4506 dalitate
494 4434 579 4507 ad
628 4434 1068 4508 Sclavoniam
1141 4434 1536 4509 inferiorem
1593 4437 1996 4532 applicatum
2053 4438 2165 4526 sit,
2242 4435 2426 4508 idem
2476 4436 2863 4510 Dominium
2935 4437 3217 4511 ulterius
3291 4457 3483 4530 quo-

146 4560 289 4632 que
360 4540 432 4610 in
482 4533 777 4611 medium
852 4537 1162 4631 ejusdem
1219 4538 1663 4631 Sclavoniae,
1744 4540 1829 4612 ad
1904 4539 2036 4614 sibi
2102 4542 2419 4634 proxime
2480 4543 2781 4632 vicinum
2844 4540 3095 4614 ibidem
3161 4539 3482 4613 Comita-

136 4650 332 4730 tum,
416 4664 455 4713 a
525 4645 968 4738 proportione
1031 4644 1422 4716 sessionum
1492 4665 1766 4719 suarum
1847 4642 2283 4717 contribuere
2356 4653 2427 4716 et
2489 4664 2703 4716 onera
2778 4642 3044 4739 publica
3108 4653 3472 4740 praestare

140 4742 423 4820 debeat.
528 4744 619 4817 Et
665 4747 823 4841 quia

466 4848 882 4922 Decimo:
934 4849 1146 4921 Facta
1193 4846 1444 4944 Syrmij
1489 4858 1557 4921 et
1592 4848 1937 4923 inferioris
1987 4849 2403 4922 Sclavoniae
2457 4850 2664 4922 modo
2719 4854 3007 4946 praevio
3062 4851 3366 4923 resoluta
3406 4861 3481 4926 et

142 4950 466 5024 ordinata
521 4950 1108 5049 Incorporatione,
1163 4955 1336 5025 ratio
1373 4952 1899 5027 Tricesimarum
1953 4952 2286 5044 ¹hactenus
2323 4956 2390 5025 in
2430 4951 2761 5048 Confinijs
2816 4953 3042 5048 Regni
3082 4954 3482 5048 Hungariae

144 5065 222 5128 et
260 5053 581 5129 Croatiae
637 5057 977 5130 adversus
1014 5055 1484 5144 sclavoniam,
1537 5065 1607 5128 et
1640 5059 1951 5130 vicissim
2015 5059 2083 5127 in
2123 5055 2456 5149 Confinijs
2510 5057 2928 5130 Sclavoniae
2983 5068 3218 5132 contra
3272 5058 3484 5131 Hun-

146 5162 421 5254 gariam
459 5168 531 5232 et
568 5157 909 5233 Croatiam
946 5164 1314 5256 positarum
1355 5169 1693 5254 cessaret,
1748 5159 1906 5232 ideo
1947 5156 2246 5253 benigne
2286 5163 2683 5251 annuimus3
2735 5160 2824 5234 Ut
2861 5171 3217 5256 postquam
3260 5184 3484 5257 prae-—

146 5267 522 5342 missorum
553 5262 1024 5359 Incorporatio
1060 5267 1126 5337 in
1166 5264 1481 5337 effectum
1521 5262 1810 5336 deducta
1846 5263 2078 5351 fuerit,
2119 5263 2409 5337 eaedem
2444 5263 2906 5339 Tricessimae
2942 5265 3125 5338 illinc
3158 5266 3487 5339 tollantur

147 5376 227 5460 et
261 5367 349 5440 ad
389 5389 575 5441 nova
615 5365 922 5441 Confinia
957 5390 1206 5443 versus
1245 5367 1609 5468 Turcicum
1640 5370 1859 5464 posita
1899 5366 2437 5459 transferantur3
2491 5367 2802 5442 Tellonia
2837 5378 3065 5443 tamen
3100 5373 3169 5443 in
3199 5369 3484 5467 Syn-mio
