3950 5917
3376 449 3531 521 223

1727 1090 2003 1173 (321.

801 1402 1009 1475 Anno
1073 1400 1310 1481 1490.
1393 1402 1474 1475 In
1531 1403 1805 1475 Castris
1850 1425 2081 1498 prope
2132 1403 2375 1476 villam
2428 1403 2915 1497 Farkashyda.

185 1681 631 1786 Diploma
726 1682 1324 1786 inaugurale
1407 1680 1902 1788 vladislai
1963 1679 2322 1787 Regis,
2416 1679 2762 1786 Regno
2829 1679 3295 1810 croatiae
3358 1707 3526 1762 se-

1446 1823 1854 1924 paratim
1919 1819 2258 1898 datum.

505 2091 653 2165 Nos
704 2090 1130 2165 wladislaus
1210 2091 1344 2165 Dei
1394 2095 1629 2186 gracia
1683 2089 2035 2185 Hungarie
2108 2089 2574 2185 Bobemieque
2627 2089 2787 2163 Rex
2862 2112 2947 2163 ac
2995 2089 3301 2166 Marcbio
3356 2089 3529 2164 Mo-

188 2197 384 2268 rauie
440 2203 573 2267 etc.
679 2193 1280 2290 Recognoscimus
1335 2204 1405 2268 et
1454 2206 1698 2269 tenore
1752 2197 2190 2291 presencium
2241 2203 2477 2267 notum
2531 2193 2846 2282 facimus,
2930 2193 3171 2289 quibus
3244 2194 3529 2290 expedit

190 2301 586 2371 vniuersis:
671 2297 869 2385 Quod
924 2322 1077 2371 cum
1115 2299 1220 2372 bis
1274 2298 1516 2372 diebus
1571 2296 2038 2395 superioribus
2093 2297 2596 2371 Serenissimus
2650 2295 2981 2394 Princeps
3035 2297 3326 2371 condam
3382 2297 3527 2371 do-

192 2405 417 2474 minus
470 2400 763 2475 mathias
817 2401 977 2474 Rex
1028 2401 1380 2497 Hungarie
1435 2413 1505 2475 et
1556 2402 1885 2475 Bohemie
1939 2411 2073 2474 etc.
2150 2401 2616 2497 predecessor
2665 2412 2906 2474 noster
2955 2399 3137 2474 bone
3193 2406 3527 2476 memorie

189 2503 274 2577 ab
331 2505 465 2577 bac
515 2506 672 2578 luce
726 2503 987 2599 absque
1039 2505 1316 2578 heredis
1368 2506 1651 2600 legitimi
1708 2506 1971 2578 solacio
2030 2505 2478 2590 decessisset„
2532 2503 2806 2578 Domini
2860 2504 3109 2577 Prelati
3164 2515 3232 2577 et
3287 2504 3524 2578 Baro-

189 2631 345 2697 neS‚
403 2613 754 2705 ceterique
806 2607 1154 2682 Primores
1208 2618 1278 2681 et
1328 2612 1634 2684 vniuersi
1697 2608 1932 2681 Incola
1985 2607 2212 2701 Regni
2285 2610 2620 2695 eiusdem„
2694 2608 2780 2679 ad
2834 2630 3007 2704 quos
3080 2609 3346 2682 scilicet
3415 2614 3525 2682 ius

191 2711 497 2806 eligendi
577 2733 836 2785 novum
898 2712 1168 2807 Regem
1238 2736 1330 2785 ex
1386 2716 1853 2786 vetustissima
1934 2711 2160 2805 Regni
2240 2714 2454 2807 ipsius
2535 2711 2848 2784 libertate
2904 2722 2974 2784 et
3027 2711 3525 2786 consuetudine

195 2814 589 2890 deuolutum
676 2819 1079 2907 exstiterat,
1168 2817 1828 2906 animaduertentes,
1910 2838 1990 2888 se
2064 2818 2370 2913 principe
2450 2814 2731 2890 orbatos
2808 2838 3007 2906 esse,
3100 2838 3234 2888 nec
3310 2838 3526 2912 posse

195 2919 559 2993 commode
614 2930 683 2992 et
737 2922 886 2993 sine
941 2919 1164 3015 Regni
1221 2924 1416 3012 graui
1470 2919 1874 2993 detrimento
1931 2919 2180 2993 diutius
2234 2923 2457 3015 capite
2514 2942 2795 2992 carere:
2868 2919 3037 2991 Post
3088 2920 3318 3016 plures
3367 2929 3522 2992 tra-

195 3033 414 3096 ctatus
488 3023 576 3095 de
644 3045 827 3097 nouo
899 3022 1098 3116 Rege
1169 3021 1490 3119 eligendo
1563 3033 1633 3096 et
1696 3021 2117 3120 preficiendo
2189 3026 2369 3095 inter
2438 3045 2517 3096 se
2582 3022 2880 3108 habitos,
2964 3024 3206 3097 oculos
3278 3029 3525 3098 mentis

192 3128 496 3221 ipsorum
547 3130 618 3198 in
671 3148 799 3200 nos
855 3130 1329 3219 coniJecerunt
1372 3137 1443 3199 et
1478 3130 1730 3200 ceteris
1788 3125 2102 3199 omnibus
2156 3125 2571 3223 principibus
2627 3125 3042 3216 christiani3‚
3097 3131 3519 3223 competito-

190 3227 377 3302 ribus
430 3230 699 3302 scilicet
749 3233 1031 3319 nostris„
1104 3233 1219 3326 qui
1270 3229 1599 3303 videlicet
1647 3230 1962 3324 Regnum
2019 3233 2236 3325 ipsum
2296 3231 2605 3304 similiter
2657 3227 3073 3319 ambiebant,
3146 3251 3278 3302 nos
3349 3253 3525 3326 pre-

193 3333 513 3423 tulerunt,
596 3332 860 3429 sibique
940 3357 1094 3405 cum
1174 3333 1636 3430 infrascriptis*
1706 3332 2251 3410 condicionibus„
2334 3336 2551 3429 pactis
2626 3343 2694 3405 et
2748 3332 3050 3404 articulis
3130 3335 3200 3405 in
3251 3331 3521 3427 Regem

193 3435 675 3530 dominumque
741 3447 810 3508 et
879 3441 1251 3533 principem
1326 3439 1686 3530 elegerunt
1755 3445 1826 3509 et
1897 3437 2277 3509 solenniter
2350 3441 2992 3531 pronunciauerunt.
3083 3436 3195 3507 Ac
3245 3435 3520 3509 tandem

193 3542 424 3612 missis
502 3538 701 3612 nobis
774 3539 1045 3614 obuiam
1102 3539 1188 3612 de
1245 3563 1481 3613 eorum
1554 3539 1781 3613 medio
1854 3540 2195 3612 nonnullis
2263 3538 2553 3613 Prelatis
2620 3550 2690 3612 et
2743 3539 3124 3612 Beronibus
3178 3543 3243 3610 in
3302 3541 3521 3634 ipsum

191 3639 508 3737 Regnum
563 3642 911 3737 Hungarie
964 3643 1261 3716 feliciter
1312 3643 1749 3717 coronandos
1803 3643 2345 3716 introduxerunt.
2402 3641 2702 3729 Quorum
2758 3643 3023 3739 quidem
3085 3643 3520 3715 articulorum

190 3750 446 3842 primus
502 3755 628 3818 est.
712 3745 909 3833 Quod
983 3747 1296 3842 Regnum
1372 3748 1721 3842 Hungarie
1777 3770 1929 3820 cum
1987 3751 2241 3821 ceteris
2292 3746 2557 3843 Regnis
2613 3756 2683 3819 et
2733 3749 3107 3842 prouinciis
3162 3744 3289 3820 sibi
3345 3746 3522 3819 sub-

190 3851 424 3940 iectis,
506 3849 960 3946 dominosque
1013 3850 1326 3925 Prelatos
1378 3862 1448 3924 et
1500 3851 1837 3940 BaroneS,
1911 3873 2154 3924 omnes
2209 3851 2550 3925 ecclesias
2625 3851 3279 3946 ecclesiasticasque
3347 3872 3521 3946 per-

192 3975 432 4042 sonas,
496 3975 580 4024 ac
633 3952 917 4028 Nobiles
973 3964 1042 4027 et
1096 3958 1433 4043 ciuitates,
1508 3977 1637 4026 nec
1686 3976 1822 4026 non
1881 3965 2157 4027 ceteros
2210 3956 2482 4028 Incolas
2538 3966 2608 4026 et
2658 3954 3154 4027 Inhabitatores
3212 3952 3517 4026 eiusdem

188 4056 418 4152 Regni
471 4057 1035 4130 conseruabimus
1069 4061 1135 4131 in
1174 4057 1464 4153 antiquis
1508 4055 1808 4142 sut-ibus„
1863 4057 2275 4153 PriuilegiiS„
2330 4057 2894 4148 Immunitatibus.,
2947 4055 3397 4130 Libertatibus
3452 4067 3527 4130 et

192 4158 814 4235 consuetudinibus
868 4160 1288 4260 approbatis,
1345 4166 1413 4234 in
1468 4158 1707 4258 quibus
1764 4162 2029 4234 scilicet
2082 4184 2205 4257 per
2257 4162 2454 4235 diuos
2528 4163 2867 4258 quondam
2922 4161 3160 4257 Reges
3217 4182 3523 4235 conser-

188 4267 354 4354 uati,
426 4263 806 4361 quibusque
860 4267 1082 4360 gauisi
1137 4275 1206 4336 et
1258 4269 1367 4338 vsi
1422 4265 1716 4350 fuerunt,
1790 4268 1906 4354 ita,
1981 4265 2161 4360 quod
2215 4266 2433 4338 nullas
2487 4288 2771 4361 prorsus
2828 4264 3212 4355 NouitateS,
3268 4287 3519 4360 quem-

191 4368 556 4441 admodum
635 4368 942 4464 prefatus
1023 4368 1360 4464 quondam
1444 4369 1756 4442 dominus
1822 4368 2110 4440 Mathias
2164 4368 2320 4441 Rex
2374 4369 2663 4460 fecerat,
2742 4373 2808 4441 in
2867 4367 3243 4441 eorundem
3297 4370 3520 4442 detri-

193 4481 494 4544 mentum
574 4482 644 4545 et
716 4476 1279 4569 oppressionem,
1362 4497 1447 4544 ac
1526 4482 1764 4545 contra
1845 4473 2319 4546 huiuscemodi
2401 4477 2711 4569 antiquas
2784 4470 3134 4545 libertates
3216 4476 3520 4566 ipsorum

191 4575 316 4647 sub
374 4575 601 4671 aliquo
657 4580 922 4671 quesito
980 4577 1217 4649 colore
1269 4575 1808 4665 introducamus,
1861 4576 2279 4649 introductas
2335 4599 2507 4649 vero
2559 4583 2689 4673 per
2718 4579 2942 4672 ipsum
2981 4575 3515 4649 serenissimum

190 4678 484 4752 condam
541 4680 882 4753 dominum
954 4679 1277 4753 Mathiam
1330 4679 1597 4776 Regem
1669 4680 2096 4770 aboleamus,
2168 4679 2747 4754 contribucionem
2822 4691 3047 4752 autem
3106 4701 3228 4753 seu
3286 4689 3516 4753 taxam

190 4787 392 4856 vnius
448 4781 692 4855 floreni
747 4783 924 4856 nulla
982 4787 1263 4856 racione
1318 4787 1706 4880 exigamusq
1780 4784 1904 4857 sed
1961 4788 2254 4880 antiquis
2328 4787 2547 4874 iustis5
2621 4785 2981 4858 ordinariis
3039 4792 3109 4855 et
3163 4787 3518 4857 consuetis

188 4885 634 4983 prouentibus
689 4886 1032 4982 regalibus
1087 4891 1390 4960 contenti
1444 4911 1607 4960 esse
1662 4886 2062 4976 debeamus,
2118 4890 2276 4960 item
2334 4888 2512 4983 quod
2565 4888 2743 4960 bona
2802 4899 2869 4959 et
2925 4889 3056 4960 alia
3113 4905 3518 4984 quecunque

189 4990 352 5062 Jura
409 4991 724 5079 aliorum,
778 5014 903 5087 per
951 4991 1286 5087 prefatum
1345 4992 1632 5063 condam
1692 4992 2034 5063 dominum
2085 4990 2402 5063 Mathiam
2452 4991 2715 5085 Regem
2774 5002 2839 5063 et
2895 4991 3298 5085 Reginalem
3357 4989 3517 5061 Ma-

190 5097 535 5182 iestatem
619 5118 704 5166 ac
758 5099 957 5167 etiam
1010 5117 1134 5189 per
1187 5095 1361 5167 alios
1445 5116 1889 5189 quoscunque
1966 5096 2143 5165 male
2225 5103 2293 5167 et
2345 5105 2578 5189 preter
2653 5099 2835 5167 viam
2891 5094 3076 5166 Juris
3160 5103 3519 5188 occupata„

193 5204 363 5271 visis
413 5209 486 5270 et
523 5203 930 5271 examinatis
983 5198 1258 5270 Juribus
1313 5198 1567 5286 taliumq
1623 5203 2043 5269 remittamus
2100 5208 2169 5267 et
2223 5196 2552 5270 faciamus
2609 5203 2810 5270 etiam
2867 5222 2990 5294 per
3043 5198 3217 5271 alios
3272 5201 3519 5270 remitti

193 5301 319 5389 bis,
403 5323 691 5397 quorum
775 5305 1199 5375 exstiterunt.
1306 5302 1501 5388 Item„
1587 5300 1766 5396 quod
1841 5300 2185 5373 Coronam
2266 5301 2489 5396 Regni
2562 5302 2648 5374 de
2706 5302 3014 5376 manibus
3094 5303 3525 5375 dominorum

190 5405 619 5480 Prelatorum
675 5416 743 5478 et
798 5405 1136 5478 Baronum
1194 5406 1371 5477 nulla
1427 5428 1522 5478 ex
1577 5428 1812 5494 causaq
1867 5406 1983 5477 vel
2040 5409 2307 5500 quesito
2365 5407 2627 5496 colore,
2702 5407 2880 5478 nulla
2938 5409 3140 5478 etiam
3196 5406 3524 5479 industria
