3950 5917
1978 1026 2364 1113 CLIX.

950 1320 1160 1392 Anno
1235 1314 1473 1390 uos.
1569 1316 1654 1391 ι.
1708 1316 1981 1415 mam
2026 1317 2202 1410 teau
2243 1339 2302 1390 a.
2359 1317 2698 1415 comma
2748 1317 3034 1391 aaut.
3116 1316 3382 1391 suaa.

507 1576 1088 1663 vladislaus
1149 1578 1349 1663 Rex
1409 1582 1899 1686 antiquam
1962 1579 2791 1664 consvetudinem
2853 1579 3178 1690 Regni
3236 1578 3782 1684 Slavoniae,

507 1728 607 1822 ut
663 1713 1505 1800 Protbonotarius
1575 1717 1896 1827 Regni
1988 1729 2431 1828 tempore
2520 1719 3206 1827 depositionis
3265 1718 3382 1800 ab
3439 1717 3779 1800 oflicio

510 1857 1078 1966 cujuslibet
1165 1855 1408 1938 Bani
1501 1856 1948 1966 ciusdem
2039 1857 2506 1965 Sigillum
2594 1862 2685 1940 in
2778 1855 3185 1939 medium
3274 1855 3438 1938 88.
3498 1853 3779 1936 100.

1372 1995 1765 2078 afferre
1827 2007 2319 2103 teneatur,
2382 1996 2940 2079 confirmat.

819 2457 1269 2551 wladislaus,
1318 2459 1453 2533 Dei
1504 2460 1740 2554 gracia
1798 2456 1958 2533 Rex
2009 2456 2358 2554 Hungarie
2410 2469 2480 2533 et
2529 2458 2862 2534 Bobemie
2913 2461 3042 2533 dcc.
3146 2456 3492 2534 Fidelibus
3556 2457 3784 2531 uostris

511 2566 860 2654 vniuersis
911 2572 985 2639 et
1034 2563 1323 2657 sing-ulis
1374 2560 1730 2638 Nobilibus
1781 2572 1855 2637 et
1903 2563 2191 2652 alterius
2252 2565 2558 2638 cuiusuis
2626 2572 2845 2639 status
2895 2573 2969 2637 et
3016 2561 3447 2637 condicionis
3511 2580 3782 2657 posses-

513 2671 803 2746 sionatis
871 2665 1257 2742 bominibus
1317 2665 1542 2759 Regni
1611 2670 1831 2741 nostri
1903 2665 2273 2740 Sclauouie
2341 2667 2629 2741 salutem
2682 2675 2756 2741 et
2800 2669 3128 2762 graciam.
3232 2665 3349 2738 Ex
3398 2664 3682 2762 querelis
3727 2670 3787 2733 et

509 2769 1130 2873 supplicacionibus
1183 2772 1582 2844 nunciorum
1625 2780 2043 2862 vestrorum,
2095 2769 2479 2846 nominibus
2531 2781 2604 2845 et
2649 2773 2721 2843 in
2772 2773 3093 2869 personis
3142 2769 3617 2845 Vniuersitatis
3662 2788 3783 2837 ve-

510 2887 658 2957 stre
707 2873 910 2950 nobis
968 2876 1307 2971 porrectis
1373 2875 1860 2966 intelleximus,
1931 2874 2221 2971 qualiter
2270 2896 2403 2948 vos
2455 2897 2497 2948 a
2550 2874 2880 2950 diutumis
2948 2872 3373 2972 temporibus
3440 2870 3785 2948 introducta

510 2990 588 3056 et
634 2999 858 3074 vsque
927 2976 1014 3051 ad
1074 2976 1208 3051 bec
1258 2988 1568 3073 tempora
1650 2977 2017 3052 obseruata
2098 2978 2615 3069 consuetudine,
2694 2988 2767 3050 et
2835 2977 3105 3075 quidem
3140 3051 3145 3056 ,
3177 2978 3299 3052 tali
3373 2998 3638 3075 semper
3693 2974 3787 3044 vsi

508 3080 870 3159 fuissetis:
966 3080 1163 3169 Quod
1212 3080 1772 3156 Protbonotarius
1843 3090 2085 3156 vester
2135 3093 2445 3177 tempore
2498 3080 2962 3178 deposicionis
3014 3080 3101 3154 ab
3153 3082 3390 3156 officio
3463 3076 3791 3154 cuiuslibet

509 3186 688 3261 Bani
734 3189 979 3277 vostri,
1029 3185 1323 3281 sigillum
1375 3185 1832 3260 authenticum
1883 3188 1953 3260 in
2008 3184 2302 3259 medium
2374 3188 2589 3259 vestri
2657 3183 2909 3259 afferre
2977 3194 3356 3274 teneretur,
3423 3195 3495 3257 et
3543 3181 3793 3256 tandem

510 3288 680 3372 illud
727 3311 854 3387 pro
908 3289 1253 3381 euitanda,
1305 3290 1739 3387 tollendaque
1792 3293 2032 3386 quauis
2086 3291 2504 3386 suspicione,
2579 3312 2714 3386 que
2766 3288 3020 3363 exinde
3096 3300 3341 3385 posset
3392 3290 3684 3374 euenire,
3732 3288 3793 3354 in

509 3402 747 3492 partes
799 3395 1155 3469 secaretis.
1262 3393 1478 3482 Quam
1549 3393 1819 3490 quidem
1890 3392 2447 3469 consuetudinem
2518 3397 2788 3468 tametsi
2856 3392 3362 3467 Prothonotsrii
3428 3392 3633 3465 vestri
3677 3407 3793 3482 pro

508 3508 822 3594 tempore
900 3501 1280 3573 existentes
1360 3520 1638 3595 semper
1713 3496 2274 3572 obseruauerunt.
2379 3497 2637 3570 Tamen
2705 3496 3052 3592 Egregius
3121 3496 3419 3571 condam
3484 3494 3792 3588 Magister

507 3600 864 3678 «lohannes
909 3600 998 3675 de
1029 3600 1381 3676 Korotbna
1434 3600 1853 3692 Palatinalis,
1906 3613 1980 3674 et
2012 3602 2189 3674 illius
2242 3600 2466 3695 Regni
2501 3605 2741 3694 nostri,
2767 3601 3358 3691 Protbonotarius,
3413 3607 3564 3699 post
3611 3593 3794 3670 abla-

509 3707 786 3780 cionem
838 3728 881 3777 a
927 3702 1133 3779 fidele
1185 3715 1422 3780 nostro
1475 3702 1844 3800 Magnifico
1883 3704 2199 3780 Ladislao
2252 3702 2340 3778 (le
2376 3703 2655 3802 Kanysa
2708 3705 2970 3801 pridem
3021 3705 3215 3779 Bauo
3247 3715 3490 3779 vestro
3540 3701 3797 3784 factam,

510 3810 806 3904 sigillum
875 3811 1087 3906 ipsius
1160 3808 1616 3883 authenticum
1668 3831 1862 3882 more
1915 3810 2090 3884 alias
2142 3819 2477 3883 consueto
2529 3812 2748 3884 vestri
2798 3812 2870 3882 in
2923 3808 3214 3883 medium
3267 3831 3411 3883 non
3461 3806 3795 3890 attulisset,

510 3912 640 3990 sed
680 3911 846 3986 illud
894 3912 1070 4009 apud
1126 3935 1205 3986 se
1259 3935 1480 4008 vsque
1532 3912 1620 3985 ad
1672 3922 1958 3986 mortem
2015 3934 2206 3986 suam
2258 3923 2715 4001 reseruasset,
2767 3935 2899 3986 nec
2952 3916 3113 3986 sciri
3165 3922 3431 4009 posset,
3484 3932 3616 4007 quo
3674 3907 3791 3979 de-

507 4025 787 4092 uentum
840 4018 1241 4091 exstitisset.
1333 4015 1481 4103 Qua
1519 4039 1611 4090 ex
1646 4038 1723 4089 re
1771 4021 2276 4113 suspicaremur
2326 4017 2619 4114 aliquam
2671 4016 3035 4091 falsitatem
3088 4038 3299 4113 posse
3352 4014 3603 4090 medio·
3630 4022 3797 4086 tem-

506 4141 680 4219 pore
732 4123 805 4194 in
858 4125 1306 4193 emanacioue
1383 4121 1756 4194 litterarum
1835 4120 2011 4209 lieri,
2093 4143 2225 4217 que
2295 4125 2360 4194 in
2431 4121 3008 4218 periclitacionem
3089 4120 3350 4194 Jurium
3430 4127 3795 4193 vestrorum

509 4231 862 4320 vergeret.
969 4224 1432 4322 Supplicatum
1502 4227 1726 4322 itaque
1799 4229 2060 4300 exstitit
2126 4223 2467 4298 Maiestati
2535 4234 2772 4299 nostre
2841 4227 2909 4298 in
2970 4227 3287 4322 personis
3339 4221 3795 4297 Vniuersitatis

509 4338 776 4418 vestre,
830 4337 908 4400 vt
956 4326 1114 4401 buic
1166 4328 1624 4419 sollicitudini,
1705 4330 2037 4425 simulque
2108 4331 2476 4425 suspicioni
2547 4339 2784 4402 vestre
2856 4338 3234 4426 opportune
3285 4327 3648 4424 prouidere
3696 4321 3794 4393 di-

509 4450 900 4528 gnaremur.
961 4432 1273 4528 Accepta
1326 4436 1530 4526 ig‘itur
1581 4442 1654 4510 et
1694 4433 1992 4529 admissa
2048 4435 2559 4529 supplicacione
2611 4443 2874 4523 vestra,
2927 4433 3243 4506 volumus
3299 4443 3369 4503 et
3423 4430 3797 4504 mandamus

511 4535 818 4609 fidelitati
867 4546 1107 4612 vestre
1160 4542 1344 4611 serie
1397 4540 1825 4633 presencium
1881 4536 2185 4628 firmiter,
2240 4546 2313 4609 vt
2349 4540 2652 4634 acceptis
2706 4535 3160 4633 presentibus,
3215 4539 3582 4610 vuiuersas
3630 4533 3803 4606 litte-

508 4662 628 4716 ras
677 4640 1141 4738 priuilegiales
1197 4639 1321 4714 sub
1375 4649 1751 4735 preattacto
1805 4641 2031 4733 sigillo
2085 4643 2218 4713 iam
2271 4639 2391 4713 fati
2444 4639 2738 4714 Ladislai
2792 4640 2878 4714 de
2930 4640 3208 4738 Kanysa
3279 4638 3450 4712 Bani
3526 4657 3798 4711 emana-

511 4753 648 4835 tas,
720 4743 807 4817 ad
879 4755 1162 4818 octauas
1234 4748 1537 4839 primitus
1589 4745 1658 4815 in
1710 4743 1826 4824 illo
1879 4742 2127 4840 Regno
2207 4755 2444 4818 nostro
2521 4745 2888 4817 Sclauouie
2966 4743 3415 4818 celebrandas
3498 4741 3800 4822 afferatis,

510 4857 714 4945 atque
766 4871 892 4944 per
943 4846 1342 4943 Magistrum
1391 4845 1979 4919 Prothonotarium
2032 4849 2149 4922 vel
2204 4847 2957 4945 Viceprotbonotarium
3030 4857 3335 4922 vostrum
3386 4850 3458 4920 in
3512 4845 3800 4936 margine

505 4954 810 5051 ipsarum
877 4952 1248 5024 litterarum
1320 4973 1556 5023 casum
1611 4960 1679 5023 et
1732 4955 2241 5026 ammissionem
2322 4953 2524 5047 sigilli
2586 4956 2959 5048 ‚preattacti
3036 4950 3372 5028 subscribi
3454 4949 3807 5024 incientes,

502 5077 727 5153 penes
780 5055 1075 5151 sigillum
1126 5057 1336 5151 ipsius
1389 5052 1684 5128 Ladislai
1736 5055 1825 5128 de
1875 5054 2159 5154 Kauysa
2215 5057 2508 5151 sigillum
2579 5076 2848 5152 quoque
2901 5054 3123 5131 fidelis
3193 5058 3411 5130 nostri
3473 5046 3802 5147 magnifici

506 5157 793 5254 Georgii
845 5159 932 5232 de
982 5158 1227 5232 eadem
1278 5158 1559 5257 Kanysa
1615 5159 1923 5233 moderni
1973 5160 2145 5233 Bani
2199 5163 2414 5235 vestri
2464 5162 2534 5233 in
2588 5161 2857 5253 signum
2926 5181 3101 5233 vere
3152 5170 3225 5234 et
3275 5162 3452 5232 iuste
3525 5174 3799 5229 emana-

505 5265 730 5339 ciouis
780 5265 1079 5360 ipsarum
1130 5263 1503 5337 litterarum
1551 5262 2159 5359 presentandarum
2213 5264 2502 5359 appendi
2555 5262 2844 5337 faciatis.
2925 5263 3003 5336 Si
3037 5267 3152 5360 qui
3204 5284 3375 5336 vero
3430 5268 3667 5336 essent
3716 5276 3801 5326 ox

502 5364 739 5459 vobis,
818 5369 932 5463 qui
983 5389 1025 5440 a
1075 5371 1602 5463 presentacione
1656 5365 2045 5442 huiusmodi
2094 5367 2467 5441 litterarum
2519 5389 2792 5442 suarum
2862 5388 2944 5441 se
2981 5365 3486 5454 abstraxerint,
3564 5374 3633 5436 et
3682 5377 3793 5434 eas
