3950 5917
504 382 663 460 2⁷0

504 590 767 666 daban
822 599 893 663 et
933 589 1258 662 meeis.
1328 585 1553 660 Secus
1608 606 1745 658 uon
1798 582 2126 658 facturus.
2211 582 2456 655 naum
2493 576 2757 655 ndo.
2881 576 3171 655 ,Mai-ie
3223 577 3539 673 Vin-ginta.
3585 579 3769 654 Auno

506 693 778 769 Domini
826 691 1190 766 Hilleaimo
1242 691 1787 785 quingentesimo
1843 688 2113 760 decimo
2167 695 2393 760 sexto.
3285 711 3290 716 ·

1606 892 1925 973 (ww
1970 890 2234 971 339611·
2293 893 2724 970 mmm)

508 1083 652 1160 θὴς.
689 1083 853 1140 carth.
886 1086 940 1135 in
976 1081 1204 1135 Archivo
1240 1081 1409 1151 Regni
1443 1078 1699 1138 cto-tiae.
1736 1078 1871 1133 Priv.
1905 1077 1995 1131 Νι.
2042 1079 2160 1133 125.

1789 1555 2535 1642 cmxxxln.

971 1825 1177 1894 Anno
1239 1820 1474 1893 1517.
1545 1822 1764 1894 Fen-sa
1819 1821 1891 1895 2.
1953 1828 2114 1914 post
2165 1824 2412 1912 lectum
2469 1820 2554 1895 B.
2625 1819 2994 1896 Vatentm.
3073 1819 3344 1892 Busae.

503 2060 1074 2141 Ludovicus
1116 2060 1207 2140 Π.
1269 2057 1493 2165 Rex,
1558 2070 1652 2138 ut
1701 2057 2223 2138 inchoatae
2288 2069 2731 2162 octavae,
2795 2057 3075 2137 nullo
3135 2056 3572 2136 brevium
3617 2054 3777 2135 Bu-

505 2183 681 2263 dae
731 2179 1566 2263 celebrandorum
1620 2180 2224 2286 Judiciorum
2274 2191 2752 2284 respectu
2800 2178 3179 2283 habito,
3244 2180 3778 2258 continuari

1639 2304 2076 2408 possint,
2153 2304 2663 2405 permittit.

2364 2517 2736 2580 Commi-mo
2775 2519 3048 2600 propria
3106 2518 3354 2580 domini
3401 2517 3602 2598 Παρὰ.

810 2687 1223 2777 LodonicuS,
1276 2685 1389 2760 dei
1439 2688 1674 2780 gracia
1737 2684 1895 2759 Rex
1944 2684 2294 2781 Hungarie
2340 2695 2410 2759 et
2444 2686 2773 2759 Bohemie
2814 2690 2940 2759 dcc.
2993 2685 3364 2781 magnifici,
3419 2684 3687 2781 Egregij
3724 2694 3781 2755 et

502 2792 809 2885 Nobiles,
865 2792 1105 2865 fideles
1168 2788 1368 2864 nobis
1414 2788 1663 2862 dilecti.
1751 2788 2093 2864 Miseratis
2148 2790 2280 2862 huc
2328 2789 2416 2862 ad
2467 2789 2893 2864 Maiestatem
2946 2799 3248 2864 nostram
3306 2789 3488 2863 bunc
3538 2788 3779 2862 fidelem

503 2907 806 2973 nostrum
875 2894 1193 2968 Nobilem
1241 2893 1521 2968 Paulum
1601 2894 1936 2966 literatum
1993 2894 2078 2967 de
2132 2893 2514 2991 Neszpesa,
2584 2898 2900 2968 nuncium
2956 2904 3026 2967 et
3080 2904 3425 2968 oratorem
3479 2904 3780 2980 vestrum,

502 3002 932 3095 presencium
986 2997 1478 3087 exhibitorem3
1533 3000 1728 3072 cuius
1779 2998 2007 3071 medio
2063 3000 2488 3095 supplicastis
2542 2998 2768 3088 nobis,
2820 3008 2898 3071 vt
2932 3008 3291 3093 presentes
3327 3009 3610 3072 octauas
3641 2996 3781 3069 festi

502 3103 1021 3200 Epiphaniarum
1075 3103 1349 3175 Domini
1400 3105 1712 3198 proxime
1781 3106 2113 3196 preteriti,
2192 3125 2324 3197 que
2377 3106 2510 3174 iam
2565 3101 2653 3174 ad
2702 3103 2961 3176 litteras
3015 3113 3088 3176 et
3134 3100 3527 3175 Mandatum
3577 3100 3781 3173 Maie-

502 3211 693 3281 statis
753 3217 990 3282 nostre
1059 3206 1377 3280 inchoate
1432 3215 1693 3294 essent,
1764 3207 1850 3278 ad
1903 3203 2108 3280 finem
2161 3229 2383 3302 vsque
2454 3205 2789 3280 celebrari
2842 3216 2910 3280 et
2961 3205 3312 3279 Justiciam
3369 3203 3779 3279 causantibus

504 3309 880 3407 quibusque
933 3309 1385 3385 administrari
1434 3308 1672 3382 facere
1727 3309 2180 3402 dignaremur.
2291 3309 2436 3397 Qua
2492 3309 2761 3406 quidem
2816 3310 3322 3405 supplicacione
3404 3321 3632 3383 vestra
3681 3311 3784 3379 in-

499 3417 772 3489 tellecta
827 3426 897 3487 et
943 3413 1267 3504 admissa,
1348 3416 1838 3509 cupientesque
1886 3418 2080 3489 iustis
2133 3413 2512 3489 huiusmodi
2567 3425 2637 3486 et
2685 3413 2996 3488 honestis
3050 3413 3506 3509 peticionibus
3556 3414 3783 3486 vestris

500 3541 830 3610 annuere,
883 3522 1345 3594 commisimus
1398 3517 1509 3590 hic
1561 3525 1633 3590 et
1685 3535 1915 3591 coram
1972 3529 2043 3591 et
2094 3521 2309 3590 eciam
2365 3541 2489 3615 per
2539 3517 2772 3592 literas
2825 3527 3099 3593 nostras
3172 3516 3489 3591 fidelibus
3555 3518 3783 3590 nostris

497 3624 690 3696 Bano
745 3634 816 3695 et
861 3621 1232 3697 Vicebanis
1286 3645 1372 3694 ac
1419 3621 1753 3716 Magistro
1810 3622 2317 3716 prothonotario
2373 3631 2441 3694 et
2494 3620 2748 3696 Juratis
2800 3621 3273 3697 assessoribus
3345 3621 3551 3695 Sedis
3602 3619 3783 3693 Judi-

501 3730 712 3810 ciarie
764 3731 958 3806 istius
1012 3726 1249 3822 chni
1323 3729 1539 3806 nostri
1604 3725 2003 3817 Sclauonie
2079 3735 2154 3798 vt
2203 3748 2343 3802 non
2393 3735 2629 3800 curato
2683 3728 2902 3799 eciam
2957 3748 3072 3814 eo,
3127 3729 3187 3799 si
3238 3725 3509 3800 Judicia
3562 3725 3784 3812 Breuia

502 3835 566 3902 in
632 3834 948 3927 proximo
1019 3831 1132 3903 hic
1181 3829 1374 3930 Bude
1425 3825 1856 3901 celebrantur
1906 3829 2025 3901 vel
2077 3851 2241 3921 non
2322 3827 2867 3922 celebracionem
2924 3839 3316 3903 octauarum
3371 3832 3667 3926 ipsarum
3712 3823 3786 3898 ad

501 3932 704 4008 finem
758 3956 982 4028 vsque
1034 3935 1432 4007 continuare
1481 3942 1552 4005 et
1603 3931 2038 4008 causantibus
2091 3932 2400 4007 omnibus
2455 3913 2828 4007 secundum
2882 3933 3060 4006 deun
3104 3933 3459 4008 Justiciam
3514 3933 3785 4006 admini-

503 4048 725 4112 strare
777 4037 1071 4111 debeant
1123 4047 1193 4112 et
1235 4046 1630 4110 teneantur·
1681 4041 1899 4131 parati
1952 4040 2130 4110 enim
2187 4060 2446 4127 sumus
2501 4048 2576 4111 vt
2611 4037 2930 4126 diximus
2982 4037 3184 4112 vobis
3237 4048 3557 4133 tanquam
3600 4036 3788 4108 Bonis

500 4140 813 4218 fidelibus
865 4145 1117 4216 nostris
1170 4145 1240 4213 in
1292 4140 1450 4232 hijs,
1514 4162 1648 4236 que
1699 4142 1875 4214 iuste
1926 4151 1997 4215 et
2045 4141 2337 4216 honeste
2389 4142 2624 4215 facere
2678 4163 3068 4237 possumus,
3139 4163 3417 4238 semper
3496 4139 3786 4236 compla-

505 4268 689 4320 cere.
795 4245 1042 4319 Datnm
1093 4243 1284 4318 Bude
1362 4244 1534 4317 feria
1590 4244 1892 4318 secunda
1963 4249 2271 4342 proxima
2325 4256 2484 4341 post
2533 4244 2779 4318 festum
2835 4246 3026 4320 Beati
3080 4244 3424 4320 Valentini
3496 4244 3788 4318 Martii-is.

504 4351 711 4423 Anno
765 4349 1038 4424 Domini
1091 4347 1450 4424 Millesimo
1504 4347 2067 4443 Quingentesimo
2122 4349 2388 4424 decimo
2443 4352 2753 4448 septimo.

1994 4553 2323 4635 Ater-90.-

812 4718 1222 4817 magnificis,
1288 4719 1615 4816 Egregiis
1687 4731 1760 4795 et
1824 4719 2180 4797 Nobilibus
2232 4722 2676 4799 Vniuersitati
2737 4721 3076 4800 Nobilium
3143 4733 3213 4799 et
3280 4721 3790 4817 anguiculum-

506 4825 731 4923 Rem
803 4828 1020 4902 nostri
1072 4823 1467 4917 Solam,
1518 4823 1862 4900 Fidelsstns
1911 4825 2114 4904 nobis
2178 4827 2464 4904 dilectis.

1610 5029 1928 5113 (Siqillun
1973 5029 2238 5112 Remum
2280 5037 2709 5113 apprensum.)

502 5215 771 5292 Originule
805 5220 859 5271 in
893 5219 1125 5275 Archivo
1159 5217 1332 5296 Requi
1366 5217 1623 5275 Creatine.
1658 5218 1795 5273 Priv.
1830 5215 1917 5272 Νι.
1958 5220 2076 5273 128.
