3950 5917
453 427 554 501 72

448 632 763 707 molestia
815 641 888 705 et
937 631 1249 721 tristicia,
1304 629 1605 705 ostendit
1655 639 1726 704 et
1796 632 2112 727 apperire
2164 629 2483 723 diguatus
2554 641 2667 707 est
2714 631 2917 707 nobis
2985 631 3246 706 fontem
3300 655 3427 707 sue
3497 637 3808 709 miseri-—

446 735 711 824 cordio,
760 744 831 806 et
881 737 1065 808 misit
1089 732 1180 805 ad
1205 756 1362 825 nos,
1413 742 1734 829 tanquam
1787 756 1882 807 ex
1935 734 2091 807 celo
2147 733 2639 822 consolandos,
2691 735 3000 811 Illustres
3052 735 3462 831 Maguilicos
3507 747 3581 811 et
3607 742 3796 812 en·-

449 842 626 912 mios
677 841 874 913 viros
925 836 1348 910 Fridericum
1393 842 1459 908 dc
1509 836 2064 909 Bartholomeum
2091 836 2526 933 Frangepan,
2579 841 2695 933 qui
2748 837 3084 912 donarunt
3133 838 3335 914 nobis
3380 843 3452 913 in
3480 840 3798 938 Scyphis

448 946 515 1014 dc
562 942 831 1038 poculis
882 944 1113 1014 aureis
1167 944 1232 1012 dc
1266 943 1616 1033 argenteis
1666 941 1818 1036 plus
1857 962 2061 1035 quam
2106 943 2350 1030 viginti
2398 939 2610 1013 Millia
2652 940 3086 1014 Marcharum
3135 946 3206 1016 in
3257 946 3577 1039 pecunia,
3630 966 3798 1018 vno

445 1043 666 1119 verbo
722 1049 793 1118 in
828 1042 1126 1139 Scyphis
1179 1048 1410 1136 magni
1462 1045 1745 1117 valoris.
1818 1042 1910 1115 Et
1957 1053 2321 1138 postquam
2395 1042 2568 1119 deus
2622 1047 3006 1140 mitigasset
3058 1055 3129 1118 et
3181 1049 3551 1121 auertisset
3597 1050 3796 1120 iram

444 1171 643 1223 suam
695 1171 736 1221 a
790 1146 1018 1238 nobis,
1075 1147 1663 1221 considerauimus
1735 1150 2103 1221 seruicium
2157 1156 2227 1218 et
2297 1146 2775 1220 condicionem
2845 1148 3089 1221 horum
3158 1149 3514 1223 illustrium
3566 1153 3794 1224 viro-

443 1273 622 1342 rum,
677 1261 749 1325 et
799 1250 1202 1324 domuimus
1266 1254 1370 1324 eis
1422 1274 1635 1325 vnum
1676 1259 1985 1323 nostrum
2038 1250 2293 1340 locum,
2347 1253 2463 1345 qui
2514 1261 2624 1325 est
2672 1272 2891 1347 penes
2934 1250 3165 1344 Mare,
3231 1252 3536 1326 Vinodol
3588 1254 3798 1345 (vo-

442 1357 708 1446 catum)
763 1377 918 1427 cum
973 1352 1287 1428 omnibus
1342 1357 1485 1428 suis
1548 1355 2080 1450 appertinencijs
2149 1363 2222 1426 et
2273 1351 2587 1427 omnibus
2657 1353 3010 1449 questibus
3063 1355 3153 1428 ad
3222 1355 3475 1429 dictum
3544 1357 3794 1429 locum

437 1455 932 1554 spectantibus,
984 1456 1310 1554 predictis
1364 1458 1631 1532 scilicet
1680 1456 2036 1530 Friderico
2091 1461 2157 1529 dc
2208 1457 2721 1547 Bartholomeo,
2773 1459 2907 1533 illis
2962 1468 3034 1530 et
3081 1458 3352 1531 illorum
3395 1457 3788 1533 heredibus

438 1565 505 1634 dc
553 1559 1066 1657 posteritatibus
1119 1562 1269 1634 iure
1322 1564 1652 1657 perenni,
1705 1565 1825 1650 ita,
1877 1571 1956 1633 vt
2009 1583 2351 1656 nunquam
2422 1559 2507 1631 ab
2579 1560 2825 1634 iisdem
2893 1564 3109 1657 recipi
3179 1565 3470 1658 possint,
3542 1563 3796 1635 taliter

435 1664 736 1738 tenenda
791 1675 864 1737 et
912 1664 1361 1761 possidenda,
1414 1667 1591 1738 sicut
1642 1674 1714 1738 et
1763 1685 1895 1738 nos
1949 1674 2153 1737 antea
2221 1663 2655 1759 possedimus
2710 1674 2782 1737 et
2847 1669 3208 1738 tenuimus.
3315 1661 3788 1741 Notificantes

436 1769 638 1842 simul
690 1776 762 1841 et
813 1767 973 1858 hoc,
1027 1767 1211 1865 quod
1264 1771 1324 1842 si
1375 1790 1555 1842 vnus
1609 1769 1877 1841 illorum
1932 1766 2265 1840 deficeret
2316 1770 2467 1842 sine
2519 1767 2805 1857 herede,
2860 1791 2956 1839 ex
3007 1777 3168 1840 tunc
3220 1768 3520 1843 heredes
3575 1769 3784 1843 alte-

433 1874 578 1947 rius
628 1881 909 1944 teneant
962 1881 1032 1943 et
1081 1871 1482 1968 possideant
1519 1872 1717 1945 illum
1771 1872 2021 1944 locum.
2078 1868 2286 1943 Cuius
2340 1869 2636 1943 confinia
2687 1870 2775 1942 ad
2826 1871 3382 1963 Tramontanam,
3435 1876 3792 1969 imprimis

434 1983 546 2048 est
597 1972 842 2049 fluuius
897 1984 967 2046 et
1016 1976 1214 2049 locus
1283 1975 1487 2067 Rika,
1531 1978 1599 2047 in
1654 1984 1888 2048 monte
1957 1978 2168 2048 maris
2220 1972 2651 2068 incipieud03
2724 1984 2795 2046 et
2843 1983 3079 2048 nostra
3133 1973 3349 2047 libera
3403 1997 3581 2071 aqua
3635 1975 3790 2049 Ri-

439 2078 668 2170 china,
741 2100 965 2173 vsque
1035 2080 1451 2175 ponticulum
1520 2100 1739 2173 penes
1809 2077 2154 2150 Prohouo.
2233 2076 2454 2150 Trans
2525 2099 2772 2172 aquam
2840 2081 3057 2173 prima
3109 2088 3292 2150 meta
3346 2088 3455 2153 est
3504 2083 3577 2151 in
3630 2101 3797 2153 vno

433 2182 687 2278 lapide,
742 2185 814 2255 in
868 2204 1003 2278 quo
1075 2192 1184 2257 est
1230 2183 1452 2255 littera
1524 2181 1592 2253 A
1645 2191 1827 2254 meta
1882 2190 1953 2254 et
2022 2203 2197 2277 aqua
2269 2183 2577 2275 sequitur
2642 2179 2903 2272 libera,
2959 2203 3092 2276 que
3164 2204 3337 2276 aqua
3389 2204 3484 2254 ex
3536 2193 3796 2256 monte

435 2295 677 2359 nostro
734 2283 1189 2359 Grobnicensi
1245 2294 1316 2358 et
1367 2283 1665 2358 confinio
1723 2289 2029 2374 scaturit,
2085 2306 2316 2356 murus
2372 2306 2575 2379 supra
2627 2284 2987 2356 inchoatur
3037 2288 3108 2357 in
3158 2284 3596 2367 Jilievicheh,
3658 2289 3785 2382 qui

432 2387 679 2462 dicitur
723 2389 1043 2480 Prezum,
1114 2411 1348 2461 murus
1400 2392 1468 2461 in
1523 2391 1787 2484 piscina
1852 2387 1940 2460 ad
1993 2387 2453 2484 praputische,
2499 2410 2594 2460 ex
2661 2389 2777 2460 illa
2846 2398 3040 2483 parte
3094 2387 3501 2478 Terstenik,
3569 2390 3792 2464 locus

434 2502 661 2568 autem
737 2491 1104 2566 Terstenik
1173 2502 1405 2564 manet
1470 2501 1711 2566 noster
1777 2501 1849 2564 et
1900 2495 2190 2583 integer.
2295 2490 2409 2562 Ex
2459 2490 2906 2586 Praputische
2978 2490 3065 2563 ad
3117 2491 3338 2586 Kupin
3391 2490 3678 2583 kamen,
3737 2516 3784 2564 a

428 2594 640 2691 kupin
693 2595 943 2668 kamen
998 2595 1083 2667 ad
1137 2596 1312 2669 lisen
1365 2594 1640 2684 kamen,
1696 2618 1736 2666 a
1790 2595 1966 2666 lisen
2021 2594 2271 2666 kamen
2326 2594 2410 2665 ad
2439 2594 2575 2666 hila
2628 2593 2841 2684 voda,
2893 2598 2964 2667 in
3015 2594 3200 2667 valle
3253 2594 3647 2690 Papruthio.
3708 2596 3786 2667 A

429 2698 616 2772 valle
667 2698 1026 2795 papruthio
1082 2698 1168 2770 ad
1221 2710 1522 2771 montem
1549 2697 2003 2788 Berinschek,
2059 2720 2100 2769 a
2149 2708 2380 2770 monte
2408 2696 2838 2771 Berinschek
2865 2697 2951 2770 ad
2999 2696 3414 2788 Gromache,
3471 2722 3511 2770 a
3568 2697 3788 2772 Gro-

433 2802 677 2874 mache
732 2802 819 2873 ad
869 2801 1191 2874 Brezidin
1245 2810 1316 2874 et
1365 2799 1834 2897 Babinopolie.
1906 2801 2057 2872 Hec
2110 2811 2268 2873 sunt
2317 2822 2493 2873 vero
2549 2800 2844 2874 confinia
2899 2824 2941 2872 a
2993 2811 3225 2874 monte
3281 2804 3488 2874 maris
3540 2824 3790 2898 vsque

426 2903 900 2999 Babinopolie.
1004 2904 1083 2976 In
1148 2909 1367 2979 maius
1439 2903 1650 2978 robur
1710 2903 2000 3001 predicti
2066 2902 2228 2976 doni
2298 2923 2425 3000 pro
2498 2914 2736 2978 eterna
2808 2908 3139 2976 memoria
3211 2904 3525 2977 dedimus
3593 2909 3792 3001 ipsis

428 3006 788 3079 Friderico
844 3011 911 3079 dc
959 3006 1447 3081 Bartholomeo
1495 3007 1623 3082 has
1679 3019 1953 3081 nostras
2008 3008 2270 3081 litteras
2326 3018 2645 3104 appertas
2700 3030 2856 3080 cum
2909 3017 3146 3082 nostro
3203 3008 3454 3104 duplici
3507 3010 3780 3101 sigillo.

430 3109 567 3182 Per
617 3132 860 3185 manus
913 3109 1265 3205 prudentis
1316 3111 1610 3185 hominis
1666 3111 1979 3205 Magistri
2047 3110 2354 3202 Farcasij
2414 3112 2617 3183 electi
2668 3114 2741 3185 in
2791 3111 2973 3184 Aula
3028 3109 3437 3204 Cancelarij.
3516 3112 3790 3186 Datum

426 3216 498 3286 in
548 3211 805 3287 Dobra.
859 3213 1068 3287 Anno
1123 3213 1377 3287 domini
1427 3214 1519 3288 Μ.
1569 3212 1683 3287 GC
1728 3213 2213 3309 sexagesimo.
2267 3213 2493 3308 Regni
2537 3218 2756 3289 nostri
2802 3237 2982 3288 anno
3030 3218 3373 3310 vigesimo
3422 3225 3654 3289 sexto.

1986 3341 2099 3434 (L.
2155 3340 2270 3437 S.)

426 3515 679 3571 licrcelic.
731 3517 952 3573 Notitiae
990 3519 1222 3589 praelim.
1259 3535 1381 3589 pag.
1420 3520 1541 3572 19⁵.

1886 4038 2298 4121 Lvln.

1406 4318 1614 4390 Anno
1670 4315 1908 4389 1263.
2007 4319 2122 4389 die
2185 4316 2312 4389 21.
2374 4317 2805 4390 Decembris.

418 4573 873 4658 Urbanus
936 4578 1063 4658 IV.
1127 4577 1380 4682 Papa
1445 4577 1806 4681 Belam,
1880 4583 2195 4657 totius
2259 4578 2811 4660 Slavoniae
2892 4580 3294 4687 Ducem,
3376 4588 3468 4663 in
3532 4611 3794 4690 pro-

1544 4718 2098 4796 tectionem
2162 4721 2626 4822 suscipit.

728 5060 1044 5137 Urbanus
1113 5061 1500 5159 Episcopus
1555 5073 1688 5137 ete.
1794 5063 2066 5137 Dilecto
2120 5063 2260 5138 filio
2314 5064 2527 5139 nobili
2575 5070 2731 5140 viro
2786 5068 2864 5142 B.
2933 5068 3112 5142 Duci
3165 5067 3566 5163 Sclavenie,
3629 5096 3794 5150 sa-

414 5166 623 5240 lutem
677 5177 809 5242 etc.
914 5164 1051 5240 Pro
1103 5165 1268 5241 fidei
1316 5170 1577 5241 meritis
1650 5176 1783 5257 est,
1855 5178 1989 5240 etc.
2094 5168 2275 5241 Hine
2326 5180 2461 5261 est,
2516 5171 2700 5266 quod
2766 5193 2900 5247 nos
2968 5178 3103 5247 tuis
3166 5183 3237 5246 et
3290 5178 3638 5249 carissimi
3697 5183 3786 5256 in

416 5267 688 5346 Christo
742 5271 860 5345 filii
910 5274 1130 5345 nostri
1174 5269 1253 5344 B.
1309 5269 1613 5366 Ungarie
1666 5270 1883 5364 Regis
1943 5271 2257 5363 Illustris,
2327 5278 2538 5369 patris
2592 5277 2712 5365 tui,
2767 5275 3370 5372 supplicationibus
3422 5280 3784 5376 inclinati,

412 5395 781 5469 personam
832 5384 1017 5451 tuam
1072 5398 1225 5451 cum
1272 5374 1522 5451 ducatu
1574 5374 1951 5452 Sclavonie
2007 5397 2092 5449 ac
2146 5376 2233 5450 de
2269 5376 2513 5472 Olcha,
2568 5377 2656 5452 de
2708 5377 3010 5475 Bragna,
3063 5379 3401 5480 Symigia,
3457 5381 3630 5459 Sala
3690 5397 3786 5463 ot
