3950 5917
1430 1228 2146 1316 ccxxxlv.
2227 1305 2234 1314 ,

1114 1566 1320 1638 Anno
1383 1564 1615 1639 1712.
1698 1566 1821 1639 1⁷6.
1868 1568 2066 1659 Majt'.
2136 1567 2459 1641 Viennae.

120 1853 550 1934 Carolus
609 1850 737 1931 ΙΙΙ.
800 1850 1004 1940 Rex
1066 1850 1179 1931 de
1243 1850 1763 1932 fidelitate
1827 1851 2412 1935 Groatarum
2501 1859 2904 1938 noviter
2994 1859 3444 1964 edoctus,

120 1990 534 2071 eosdem
628 1988 740 2068 de
833 1988 1563 2071 conservandis
1688 2014 2021 2071 eorum
2100 1990 2504 2097 Juribus
2599 2002 2695 2072 et
2788 1993 3443 2078 libertatibus

1337 2132 1837 2209 certiores
1900 2127 2254 2208 reddit.

118 2426 548 2502 GAROLUS
629 2427 887 2500 Sextus
966 2426 1217 2498 Divina
1293 2425 1601 2499 Favente
1683 2424 2060 2498 Clementia
2156 2424 2437 2498 Electus
2516 2426 2978 2502 Romanorum
3074 2430 3462 2527 Imperator·

116 2531 423 2627 Semper
494 2530 874 2624 Augustus,
956 2526 1392 2617 Germaniae,
1472 2528 1973 2632 Hispaniarum,
2053 2526 2491 2623 Hungariae,
2571 2529 2969 2622 Bohemiae,
3041 2533 3448 2624 Dalmatiae,

695 2630 1014 2705 croatiae
1068 2641 1137 2704 et
1190 2631 1607 2704 Sclaveniae
1658 2630 1841 2721 Rex,
1895 2630 2324 2704 Archi-Dux
2375 2632 2700 2706 Austriae
2753 2640 2880 2707 dcc.

441 2888 864 2980 Reverendi,
928 2886 1409 2976 Honorabiles,
1490 2888 1917 2985 Spectabiles
1973 2912 2056 2962 ac
2109 2883 2481 2982 magnifici,
2539 2887 2902 2979 Generosi,
2958 2889 3259 2980 Fideles,
3308 2881 3443 2966 D'i-

14 3005 15 3092 1
86 2997 311 3070 lecti.
369 2993 589 3082 Quam
626 3003 820 3088 grata
853 2992 1069 3066 Nobis
1105 2992 1311 3065 fuerit
1361 2992 1706 3065 declarata
1758 3015 2025 3065 rursum
2081 2995 2250 3064 etin
2292 3014 2550 3087 nupero
2607 2991 2968 3068 Conventu
3002 2996 3452 3091 Zagrabiensi

119 3109 194 3172 et
247 3120 378 3195 per
431 3098 806 3171 Solenuem
856 3095 1301 3189 Legationem
1357 3119 1396 3167 a
1432 3094 1847 3169 fidelissimis
1901 3096 2311 3191 inclytorum
2361 3095 2760 3191 Regnorum
2813 3096 3220 3173 Nostrorum
3272 3101 3450 3174 Dal-

122 3205 408 3291 matiae,
464 3199 782 3276 croatiae
839 3210 908 3272 et
958 3199 1333 3273 Slavoniae
1388 3197 1688 3270 Statibus
1742 3201 1811 3269 in
1862 3197 2012 3271 Nos
2064 3208 2410 3293 totamque
2463 3201 2846 3293 Augustam
2899 3201 3190 3274 Domum
3264 3208 3447 3275 avita

118 3306 413 3379 devotio
492 3303 918 3400 providaque
999 3301 1553 3391 evertendarum,
1633 3310 1950 3396 quantum
2017 3299 2165 3372 fieri
2221 3311 2450 3394 queat,
2530 3301 2907 3376 futurorum
2988 3304 3447 3377 discriminum

118 3408 533 3496 Solicitudo,
587 3410 713 3503 ipsi
756 3406 1083 3498 Ablegati
1115 3404 1375 3492 Vestri,
1428 3402 1912 3492 Reverendus,
1963 3401 2396 3498 Spectabiles
2451 3416 2521 3476 et
2568 3405 2941 3500 Magnifici,
2998 3405 3447 3479 Generosus-

118 3535 260 3607 que
318 3509 575 3583 Comes
628 3509 986 3582 Emericus
1039 3507 1424 3603 Esterbazy
1477 3507 1564 3580 de
1618 3504 1976 3589 Galantha,
2047 3505 2432 3602 Episcopus
2495 3505 3005 3601 Zagrabiensis,
3077 3509 3314 3581 Abbas
3367 3510 3443 3581 B.

118 3615 392 3687 Mariae
444 3614 749 3706 Virginis
814 3612 899 3684 de
953 3610 1373 3707 Thoputzka,
1447 3608 1892 3683 Consiliarius
1965 3610 2127 3682 olim
2199 3608 2588 3682 Caesareus
2645 3622 2713 3682 et
2765 3611 2970 3702 officij
3046 3611 3323 3684 Banalis
3378 3616 3444 3685 in

121 3718 432 3791 Politicis
502 3715 1059 3801 Locumtenens,
1136 3715 1444 3787 Joannes
1523 3713 1961 3786 Draskovich
2031 3712 2118 3786 de
2189 3712 2620 3802 Trakostain,
2704 3711 3149 3786 consiliarius
3231 3738 3447 3810 nuper

114 3843 401 3917 quoque
458 3819 847 3892 Caesareus
902 3830 971 3889 et
1007 3816 1550 3890 Camerariorum
1609 3839 1731 3912 per
1780 3815 2194 3911 Hungariam
2233 3815 2587 3911 Magister,
2645 3816 3002 3889 Generalis
3040 3818 3444 3910 Vigiliarum

114 3923 556 4010 Praefectus,
612 3921 1063 3995 comitatuum
1107 3920 1486 3993 Valkowar
1538 3930 1608 3992 et
1654 3919 1925 3992 Burona
1983 3918 2356 4015 Supremus
2412 3919 2693 4010 Comes,
2749 3920 3041 4015 denique
3098 3921 3442 4016 Georgius

114 4027 409 4100 Plenich
458 4026 546 4098 de
601 4025 833 4115 Ottok,
888 4023 1332 4097 consiliarius
1386 4032 1583 4094 antea
1639 4026 1897 4117 pariter
1947 4021 2360 4110 Caesareus,
2432 4023 2965 4120 Regnorumque
3037 4025 3445 4112 Dalmatiae,

116 4129 452 4204 croatiae
525 4140 594 4201 et
648 4129 1022 4202 Slavoniae
1076 4128 1616 4211 Protonotarius,
1698 4128 2155 4199 testimonium
2234 4125 2597 4223 perbibere
2676 4139 3010 4225 poterunt.
3118 4128 3453 4202 Referent

115 4232 348 4306 Vobis
403 4231 635 4325 ijdem,
717 4232 872 4326 quid
927 4231 1012 4303 ad
1066 4254 1211 4303 rem
1268 4241 1402 4302 tam
1458 4231 1824 4302 salutarem
1880 4233 2156 4302 omnino
2228 4229 2710 4325 perficiendam
2766 4241 2837 4304 et
2888 4255 3085 4327 quam
3159 4233 3447 4306 solidis-

115 4342 302 4410 sime
411 4334 878 4408 stabiliendam
934 4334 1151 4406 Nobis
1205 4337 1671 4406 necessarium
1728 4338 1951 4404 visum
2008 4333 2247 4405 fuerit:
2304 4356 2528 4428 neque
2584 4335 2760 4406 adeo
2817 4334 3224 4426 dubitamus,
3282 4339 3442 4430 quin

112 4461 255 4513 una
313 4437 714 4525 Nobiscum,
796 4439 1179 4532 ubicunque
1257 4459 1425 4509 usus
1501 4438 1975 4534 postulaverit,
2055 4436 2206 4509 Vos
2288 4459 2492 4533 porro
2547 4437 2788 4509 sedulo
2861 4438 3221 4510 incubituri
3275 4441 3447 4512 sitis.

110 4543 348 4616 Vobis
401 4545 705 4615 vicissim
763 4541 1151 4614 firmissime
1224 4541 1664 4635 spondemuS,
1748 4563 1883 4613 non
1956 4541 2175 4612 solum
2235 4541 2481 4611 Vestra
2538 4540 2754 4613 Vobis
2816 4544 2998 4632 jura,
3074 4543 3449 4635 Privilegin

112 4659 189 4718 et
250 4650 704 4718 immunitates
762 4671 798 4716 a
858 4644 1069 4715 Nobis
1143 4643 1817 4738 Successoribusque
1890 4644 2158 4716 Nostris
2232 4643 2712 4715 inviolabiliter
2782 4646 3074 4740 Semper
3145 4668 3451 4719 conser-

110 4760 385 4832 vatum,
468 4751 590 4821 sed
677 4774 805 4820 nec
860 4760 1215 4844 praeterea
1299 4751 1655 4843 quicquam
1738 4751 2065 4819 omissum
2117 4750 2222 4826 iri,
2302 4746 2480 4842 quod
2537 4748 2623 4819 ad
2675 4752 3042 4839 ingenitam
3098 4750 3450 4825 Austriaci

111 4853 498 4945 Sanguinis
552 4852 1035 4946 benignitatem
1092 4862 1160 4923 et
1214 4852 1641 4923 clementiam
1716 4850 2314 4923 demonstrandam
2373 4851 2904 4946 Regnorumque
2976 4857 3227 4946 optime
3282 4875 3444 4924 me-

114 4963 405 5028 ritorum
465 4956 823 5027 commoda
879 4957 1158 5027 ulterius
1214 4954 1653 5048 provehenda
1727 4953 1964 5024 facere
2037 4962 2261 5049 queat.
2370 4953 2725 5048 Superest,
2788 4966 2859 5026 ut
2911 4954 3234 5051 probatos
3301 4957 3448 5045 jam

114 5060 473 5133 luculento
545 5060 806 5149 judicio
887 5067 1124 5132 vestro
1205 5061 1538 5153 ipsosmet
1613 5055 1996 5148 Ablegatos
2075 5067 2351 5129 vestros
2434 5058 2614 5129 obita
2698 5058 2874 5153 apud
2953 5059 3100 5131 Nos
3156 5059 3446 5152 egregie

112 5161 479 5237 functione
532 5163 827 5234 ‘reduces
883 5161 1151 5234 Nostris
1205 5181 1474 5255 quoque
1526 5158 1779 5230 Verbis
1835 5161 2419 5248 commendemus,
2474 5160 2761 5256 Vosque
2798 5162 2998 5234 simul
3035 5162 3122 5233 de
3159 5163 3449 5257 perenni

112 5269 345 5361 gratia
426 5265 675 5338 Nostra
732 5264 1352 5354 Caesareo-Regia
1410 5285 1607 5357 quam
1664 5267 2090 5354 certissimos
2144 5262 2534 5351 reddamus,
2617 5263 2800 5360 quod
2854 5275 2924 5336 et
2976 5262 3449 5337 lubentissime

118 5372 357 5442 auimo
417 5389 498 5439 ac
553 5368 1049 5471 benignissima·
1100 5372 1167 5440 in
1220 5367 1367 5438 Vos
1423 5385 1662 5439 omnes
1739 5376 1805 5438 et
1862 5368 2174 5463 singulos
2224 5365 2593 5438 voluntate
2674 5389 2852 5440 nunc
2924 5372 3209 5461 agimus.
3290 5368 3448 5442 Da-
