<?xml version="1.0" encoding="UTF-8"?>
<!DOCTYPE html PUBLIC "-//W3C//DTD XHTML 1.0 Transitional//EN"
    "http://www.w3.org/TR/xhtml1/DTD/xhtml1-transitional.dtd">
<html xmlns="http://www.w3.org/1999/xhtml" xml:lang="en" lang="en">
 <head>
  <title>
</title>
<meta http-equiv="Content-Type" content="text/html;charset=utf-8" />
  <meta name='ocr-system' content='tesseract 3.04.00' />
  <meta name='ocr-capabilities' content='ocr_page ocr_carea ocr_par ocr_line ocrx_word'/>
</head>
<body>
  <div class='ocr_page' id='page_1' title='image "./juraregnicroati00etcgoog/juraregnicroati00etcgoog_0368.png"; bbox 0 0 3950 5917; ppageno 0'>
   <div class='ocr_carea' id='block_1_1' title="bbox 530 398 685 482">
    <p class='ocr_par' dir='ltr' id='par_1_1' title="bbox 530 398 685 482">
     <span class='ocr_line' id='line_1_1' title="bbox 530 398 685 482; baseline -0.052 -1"><span class='ocrx_word' id='word_1_1' title='bbox 530 398 685 482; x_wconf 70' lang='grc'><strong>326.</strong></span> 
     </span>
    </p>
   </div>
   <div class='ocr_carea' id='block_1_2' title="bbox 499 598 3816 5464">
    <p class='ocr_par' dir='ltr' id='par_1_2' title="bbox 499 598 3816 5464">
     <span class='ocr_line' id='line_1_2' title="bbox 499 598 3816 701; baseline -0.002 -25"><span class='ocrx_word' id='word_1_2' title='bbox 499 602 865 697; x_wconf 73' lang='lat' dir='ltr'><strong>-quondam</strong></span> <span class='ocrx_word' id='word_1_3' title='bbox 916 602 1267 701; x_wconf 69' lang='lat' dir='ltr'><strong>Eustacby</strong></span> <span class='ocrx_word' id='word_1_4' title='bbox 1335 605 1642 680; x_wconf 81' lang='lat' dir='ltr'><strong>similiter</strong></span> <span class='ocrx_word' id='word_1_5' title='bbox 1707 603 1969 698; x_wconf 36' lang='lat' dir='ltr'><strong>Regni*</strong></span> <span class='ocrx_word' id='word_1_6' title='bbox 2003 602 2419 677; x_wconf 71' lang='lat' dir='ltr'><strong>Sclaveniae</strong></span> <span class='ocrx_word' id='word_1_7' title='bbox 2490 603 2684 694; x_wconf 73' lang='lat' dir='ltr'><strong>Bani,</strong></span> <span class='ocrx_word' id='word_1_8' title='bbox 2743 601 2884 676; x_wconf 54' lang='lat' dir='ltr'><strong>&#39;sub</strong></span> <span class='ocrx_word' id='word_1_9' title='bbox 2951 600 3357 698; x_wconf 70' lang='lat' dir='ltr'><strong>appendenti</strong></span> <span class='ocrx_word' id='word_1_10' title='bbox 3403 609 3480 672; x_wconf 86' lang='lat' dir='ltr'><strong>et</strong></span> <span class='ocrx_word' id='word_1_11' title='bbox 3529 598 3816 671; x_wconf 80' lang='lat' dir='ltr'><strong>authen-</strong></span> 
     </span>
     <span class='ocr_line' id='line_1_3' title="bbox 529 700 3815 800; baseline -0.001 -22"><span class='ocrx_word' id='word_1_12' title='bbox 529 711 668 779; x_wconf 88' lang='lat' dir='ltr'><strong>tico</strong></span> <span class='ocrx_word' id='word_1_13' title='bbox 740 706 967 800; x_wconf 78' lang='lat' dir='ltr'><strong>sigillo</strong></span> <span class='ocrx_word' id='word_1_14' title='bbox 1036 711 1143 781; x_wconf 89' lang='lat' dir='ltr'><strong>sui</strong></span> <span class='ocrx_word' id='word_1_15' title='bbox 1193 709 1516 794; x_wconf 74' lang='lat' dir='ltr'><strong>Banatus,</strong></span> <span class='ocrx_word' id='word_1_16' title='bbox 1596 706 1819 793; x_wconf 69' lang='lat' dir='ltr'><strong>Crisii„</strong></span> <span class='ocrx_word' id='word_1_17' title='bbox 1897 711 2096 780; x_wconf 77' lang='lat' dir='ltr'><strong>teru’o</strong></span> <span class='ocrx_word' id='word_1_18' title='bbox 2169 706 2280 780; x_wconf 89' lang='lat' dir='ltr'><strong>die</strong></span> <span class='ocrx_word' id='word_1_19' title='bbox 2350 707 2769 781; x_wconf 79' lang='lat' dir='ltr'><strong>inventionis</strong></span> <span class='ocrx_word' id='word_1_20' title='bbox 2841 706 2915 778; x_wconf 88' lang='lat' dir='ltr'><strong>S.</strong></span> <span class='ocrx_word' id='word_1_21' title='bbox 2985 703 3222 778; x_wconf 77' lang='lat' dir='ltr'><strong>Crucis</strong></span> <span class='ocrx_word' id='word_1_22' title='bbox 3301 706 3504 776; x_wconf 85' lang='lat' dir='ltr'><strong>Anno</strong></span> <span class='ocrx_word' id='word_1_23' title='bbox 3555 700 3815 775; x_wconf 80' lang='lat' dir='ltr'>Domini</span> 
     </span>
     <span class='ocr_line' id='line_1_4' title="bbox 535 805 3815 903; baseline -0.002 -17"><span class='ocrx_word' id='word_1_24' title='bbox 535 808 763 900; x_wconf 81' lang='lat'>1362,</span> <span class='ocrx_word' id='word_1_25' title='bbox 831 809 981 884; x_wconf 92' lang='lat' dir='ltr'><strong>Nos</strong></span> <span class='ocrx_word' id='word_1_26' title='bbox 1036 815 1213 885; x_wconf 90' lang='lat' dir='ltr'><strong>iuter</strong></span> <span class='ocrx_word' id='word_1_27' title='bbox 1264 822 1538 885; x_wconf 87' lang='lat' dir='ltr'><strong>caetera</strong></span> <span class='ocrx_word' id='word_1_28' title='bbox 1595 810 2046 885; x_wconf 80' lang='lat' dir='ltr'><strong>docebamur:</strong></span> <span class='ocrx_word' id='word_1_29' title='bbox 2119 808 2317 897; x_wconf 84' lang='lat' dir='ltr'><strong>Quod</strong></span> <span class='ocrx_word' id='word_1_30' title='bbox 2369 809 2689 885; x_wconf 85' lang='lat' dir='ltr'><strong>Universi</strong></span> <span class='ocrx_word' id='word_1_31' title='bbox 2742 809 3023 884; x_wconf 79' lang='lat' dir='ltr'><strong>Nobiles</strong></span> <span class='ocrx_word' id='word_1_32' title='bbox 3059 807 3551 903; x_wconf 76' lang='lat' dir='ltr'><strong>Jobbagyones</strong></span> <span class='ocrx_word' id='word_1_33' title='bbox 3606 805 3815 879; x_wconf 71' lang='lat' dir='ltr'><strong>Casti-i</strong></span> 
     </span>
     <span class='ocr_line' id='line_1_5' title="bbox 534 909 3814 1009; baseline -0.002 -23"><span class='ocrx_word' id='word_1_34' title='bbox 534 916 809 988; x_wconf 81' lang='lat' dir='ltr'><strong>maioris</strong></span> <span class='ocrx_word' id='word_1_35' title='bbox 861 912 1148 988; x_wconf 85' lang='lat' dir='ltr'><strong>Kemlek</strong></span> <span class='ocrx_word' id='word_1_36' title='bbox 1201 916 1508 989; x_wconf 88' lang='lat' dir='ltr'><strong>eiusdem</strong></span> <span class='ocrx_word' id='word_1_37' title='bbox 1561 914 1898 1009; x_wconf 86' lang='lat' dir='ltr'><strong>quondam</strong></span> <span class='ocrx_word' id='word_1_38' title='bbox 1948 913 2300 1009; x_wconf 79' lang='lat' dir='ltr'><strong>Eustachy</strong></span> <span class='ocrx_word' id='word_1_39' title='bbox 2349 914 2518 986; x_wconf 80' lang='lat' dir='ltr'><strong>Beni</strong></span> <span class='ocrx_word' id='word_1_40' title='bbox 2569 914 2966 987; x_wconf 85' lang='lat' dir='ltr'><strong>accedendo</strong></span> <span class='ocrx_word' id='word_1_41' title='bbox 3045 915 3525 1007; x_wconf 75' lang='lat' dir='ltr'><strong>praesentiam.</strong></span> <span class='ocrx_word' id='word_1_42' title='bbox 3605 909 3814 982; x_wconf 82' lang='lat' dir='ltr'><strong>eidem</strong></span> 
     </span>
     <span class='ocr_line' id='line_1_6' title="bbox 534 1012 3813 1114; baseline -0 -27"><span class='ocrx_word' id='word_1_43' title='bbox 534 1016 945 1112; x_wconf 86' lang='lat' dir='ltr'><strong>quaerulose</strong></span> <span class='ocrx_word' id='word_1_44' title='bbox 999 1041 1202 1114; x_wconf 92' lang='lat' dir='ltr'><strong>super</strong></span> <span class='ocrx_word' id='word_1_45' title='bbox 1254 1040 1342 1091; x_wconf 90' lang='lat' dir='ltr'><strong>eo</strong></span> <span class='ocrx_word' id='word_1_46' title='bbox 1397 1016 1765 1113; x_wconf 80' lang='lat' dir='ltr'><strong>significari</strong></span> <span class='ocrx_word' id='word_1_47' title='bbox 1835 1028 2229 1091; x_wconf 85' lang='lat' dir='ltr'><strong>curassent:</strong></span> <span class='ocrx_word' id='word_1_48' title='bbox 2336 1017 2532 1105; x_wconf 84' lang='lat' dir='ltr'><strong>Quod</strong></span> <span class='ocrx_word' id='word_1_49' title='bbox 2602 1020 2730 1113; x_wconf 87' lang='lat' dir='ltr'><strong>ipsi</strong></span> <span class='ocrx_word' id='word_1_50' title='bbox 2799 1038 2922 1112; x_wconf 86' lang='lat' dir='ltr'><strong>per</strong></span> <span class='ocrx_word' id='word_1_51' title='bbox 2974 1014 3428 1090; x_wconf 85' lang='lat' dir='ltr'><strong>Castellanum</strong></span> <span class='ocrx_word' id='word_1_52' title='bbox 3491 1034 3688 1086; x_wconf 87' lang='lat' dir='ltr'><strong>suum</strong></span> <span class='ocrx_word' id='word_1_53' title='bbox 3740 1012 3813 1086; x_wconf 81' lang='lat' dir='ltr'><strong>de</strong></span> 
     </span>
     <span class='ocr_line' id='line_1_7' title="bbox 534 1118 3814 1217; baseline -0.002 -23"><span class='ocrx_word' id='word_1_54' title='bbox 534 1119 823 1194; x_wconf 78' lang='lat' dir='ltr'><strong>Kemlek</strong></span> <span class='ocrx_word' id='word_1_55' title='bbox 874 1132 944 1193; x_wconf 84' lang='lat' dir='ltr'><strong>et</strong></span> <span class='ocrx_word' id='word_1_56' title='bbox 995 1125 1143 1194; x_wconf 90' lang='lat' dir='ltr'><strong>eius</strong></span> <span class='ocrx_word' id='word_1_57' title='bbox 1197 1125 1391 1197; x_wconf 88' lang='lat' dir='ltr'><strong>vices</strong></span> <span class='ocrx_word' id='word_1_58' title='bbox 1443 1133 1795 1217; x_wconf 77' lang='lat' dir='ltr'><strong>gerentem</strong></span> <span class='ocrx_word' id='word_1_59' title='bbox 1851 1121 2276 1194; x_wconf 73' lang='lat' dir='ltr'><strong>intolerabile</strong></span> <span class='ocrx_word' id='word_1_60' title='bbox 2329 1120 2699 1217; x_wconf 88' lang='lat' dir='ltr'><strong>periculum</strong></span> <span class='ocrx_word' id='word_1_61' title='bbox 2759 1132 2829 1192; x_wconf 89' lang='lat' dir='ltr'><strong>et</strong></span> <span class='ocrx_word' id='word_1_62' title='bbox 2863 1118 3434 1216; x_wconf 70' lang='lat' dir='ltr'><strong>perturbationem</strong></span> <span class='ocrx_word' id='word_1_63' title='bbox 3487 1139 3630 1189; x_wconf 89' lang='lat' dir='ltr'><strong>non</strong></span> <span class='ocrx_word' id='word_1_64' title='bbox 3668 1138 3814 1189; x_wconf 88' lang='lat' dir='ltr'><strong>mo-</strong></span> 
     </span>
     <span class='ocr_line' id='line_1_8' title="bbox 532 1223 3812 1319; baseline -0.002 -21"><span class='ocrx_word' id='word_1_65' title='bbox 532 1223 754 1298; x_wconf 84' lang='lat' dir='ltr'><strong>dicam</strong></span> <span class='ocrx_word' id='word_1_66' title='bbox 822 1229 1130 1319; x_wconf 83' lang='lat' dir='ltr'><strong>perpessi</strong></span> <span class='ocrx_word' id='word_1_67' title='bbox 1201 1229 1626 1299; x_wconf 75' lang='lat' dir='ltr'><strong>exstitissent</strong></span> <span class='ocrx_word' id='word_1_68' title='bbox 1695 1238 1766 1297; x_wconf 91' lang='lat' dir='ltr'><strong>et</strong></span> <span class='ocrx_word' id='word_1_69' title='bbox 1834 1230 2153 1298; x_wconf 89' lang='lat' dir='ltr'><strong>continuo</strong></span> <span class='ocrx_word' id='word_1_70' title='bbox 2243 1235 2478 1297; x_wconf 88' lang='lat' dir='ltr'><strong>contra</strong></span> <span class='ocrx_word' id='word_1_71' title='bbox 2559 1225 2937 1296; x_wconf 89' lang='lat' dir='ltr'><strong>libertatem</strong></span> <span class='ocrx_word' id='word_1_72' title='bbox 3031 1228 3324 1319; x_wconf 87' lang='lat' dir='ltr'><strong>ipsorum</strong></span> <span class='ocrx_word' id='word_1_73' title='bbox 3409 1244 3502 1292; x_wconf 85' lang='lat' dir='ltr'><strong>ex</strong></span> <span class='ocrx_word' id='word_1_74' title='bbox 3583 1225 3812 1293; x_wconf 82' lang='lat' dir='ltr'><strong>inusita</strong></span> 
     </span>
     <span class='ocr_line' id='line_1_9' title="bbox 530 1325 3812 1424; baseline -0.001 -25"><span class='ocrx_word' id='word_1_75' title='bbox 530 1349 652 1408; x_wconf 74' lang='lat' dir='ltr'><strong>ana</strong></span> <span class='ocrx_word' id='word_1_76' title='bbox 708 1332 950 1401; x_wconf 80' lang='lat' dir='ltr'><strong>astutia</strong></span> <span class='ocrx_word' id='word_1_77' title='bbox 1003 1333 1069 1403; x_wconf 92' lang='lat' dir='ltr'><strong>iu</strong></span> <span class='ocrx_word' id='word_1_78' title='bbox 1125 1351 1216 1402; x_wconf 89' lang='lat' dir='ltr'><strong>eo</strong></span> <span class='ocrx_word' id='word_1_79' title='bbox 1265 1340 1696 1424; x_wconf 87' lang='lat' dir='ltr'><strong>paterentur:</strong></span> <span class='ocrx_word' id='word_1_80' title='bbox 1779 1327 1975 1416; x_wconf 83' lang='lat' dir='ltr'><strong>Quod</strong></span> <span class='ocrx_word' id='word_1_81' title='bbox 2031 1327 2208 1400; x_wconf 90' lang='lat' dir='ltr'><strong>idem</strong></span> <span class='ocrx_word' id='word_1_82' title='bbox 2266 1326 2691 1401; x_wconf 89' lang='lat' dir='ltr'><strong>Castellanus</strong></span> <span class='ocrx_word' id='word_1_83' title='bbox 2745 1351 2910 1400; x_wconf 89' lang='lat' dir='ltr'><strong>suus</strong></span> <span class='ocrx_word' id='word_1_84' title='bbox 2961 1328 3077 1401; x_wconf 82' lang='lat' dir='ltr'><strong>vel</strong></span> <span class='ocrx_word' id='word_1_85' title='bbox 3131 1330 3278 1399; x_wconf 89' lang='lat' dir='ltr'><strong>eius</strong></span> <span class='ocrx_word' id='word_1_86' title='bbox 3332 1325 3812 1417; x_wconf 74' lang='lat' dir='ltr'><strong>Vicesgerens,</strong></span> 
     </span>
     <span class='ocr_line' id='line_1_10' title="bbox 525 1429 3812 1527; baseline -0.001 -24"><span class='ocrx_word' id='word_1_87' title='bbox 525 1441 601 1503; x_wconf 88' lang='lat' dir='ltr'><strong>ut</strong></span> <span class='ocrx_word' id='word_1_88' title='bbox 666 1429 841 1504; x_wconf 80' lang='lat' dir='ltr'><strong>bona</strong></span> <span class='ocrx_word' id='word_1_89' title='bbox 911 1434 1208 1527; x_wconf 90' lang='lat' dir='ltr'><strong>ipsorum</strong></span> <span class='ocrx_word' id='word_1_90' title='bbox 1297 1455 1420 1527; x_wconf 90' lang='lat' dir='ltr'><strong>per</strong></span> <span class='ocrx_word' id='word_1_91' title='bbox 1498 1432 1876 1506; x_wconf 86' lang='lat' dir='ltr'><strong>huiusmodi</strong></span> <span class='ocrx_word' id='word_1_92' title='bbox 1960 1432 2391 1504; x_wconf 82' lang='lat' dir='ltr'><strong>adinventam</strong></span> <span class='ocrx_word' id='word_1_93' title='bbox 2456 1434 2604 1506; x_wconf 89' lang='lat' dir='ltr'><strong>eius</strong></span> <span class='ocrx_word' id='word_1_94' title='bbox 2677 1435 2984 1504; x_wconf 88' lang='lat' dir='ltr'><strong>astutiam</strong></span> <span class='ocrx_word' id='word_1_95' title='bbox 3085 1433 3472 1527; x_wconf 89' lang='lat' dir='ltr'><strong>opprimere</strong></span> <span class='ocrx_word' id='word_1_96' title='bbox 3564 1438 3812 1522; x_wconf 76' lang='lat' dir='ltr'><strong>posset,</strong></span> 
     </span>
     <span class='ocr_line' id='line_1_11' title="bbox 528 1533 3811 1631; baseline -0.001 -25"><span class='ocrx_word' id='word_1_97' title='bbox 528 1539 717 1629; x_wconf 88' lang='lat' dir='ltr'><strong>ipsos</strong></span> <span class='ocrx_word' id='word_1_98' title='bbox 783 1533 1231 1631; x_wconf 80' lang='lat' dir='ltr'><strong>Jobagyoues</strong></span> <span class='ocrx_word' id='word_1_99' title='bbox 1285 1535 1506 1609; x_wconf 89' lang='lat' dir='ltr'><strong>Castri</strong></span> <span class='ocrx_word' id='word_1_100' title='bbox 1561 1547 1798 1631; x_wconf 87' lang='lat' dir='ltr'><strong>suapte</strong></span> <span class='ocrx_word' id='word_1_101' title='bbox 1868 1537 2145 1630; x_wconf 85' lang='lat' dir='ltr'><strong>saepius</strong></span> <span class='ocrx_word' id='word_1_102' title='bbox 2199 1537 2349 1609; x_wconf 89' lang='lat' dir='ltr'><strong>siue</strong></span> <span class='ocrx_word' id='word_1_103' title='bbox 2404 1533 2626 1608; x_wconf 85' lang='lat' dir='ltr'><strong>Causa</strong></span> <span class='ocrx_word' id='word_1_104' title='bbox 2701 1537 2890 1608; x_wconf 89' lang='lat' dir='ltr'><strong>solus</strong></span> <span class='ocrx_word' id='word_1_105' title='bbox 2961 1535 3144 1607; x_wconf 88' lang='lat' dir='ltr'><strong>nullo</strong></span> <span class='ocrx_word' id='word_1_106' title='bbox 3199 1533 3604 1606; x_wconf 86' lang='lat' dir='ltr'><strong>adversario</strong></span> <span class='ocrx_word' id='word_1_107' title='bbox 3659 1534 3811 1604; x_wconf 84' lang='lat' dir='ltr'><strong>exi-</strong></span> 
     </span>
     <span class='ocr_line' id='line_1_12' title="bbox 531 1638 3813 1735; baseline -0.001 -25"><span class='ocrx_word' id='word_1_108' title='bbox 531 1648 752 1711; x_wconf 88' lang='lat' dir='ltr'><strong>stente</strong></span> <span class='ocrx_word' id='word_1_109' title='bbox 803 1639 873 1710; x_wconf 88' lang='lat' dir='ltr'><strong>in</strong></span> <span class='ocrx_word' id='word_1_110' title='bbox 929 1644 1034 1711; x_wconf 91' lang='lat' dir='ltr'><strong>sui</strong></span> <span class='ocrx_word' id='word_1_111' title='bbox 1088 1642 1567 1735; x_wconf 69' lang='lat' dir='ltr'><strong>praesentiam,</strong></span> <span class='ocrx_word' id='word_1_112' title='bbox 1623 1662 1756 1712; x_wconf 90' lang='lat' dir='ltr'><strong>non</strong></span> <span class='ocrx_word' id='word_1_113' title='bbox 1813 1639 1899 1711; x_wconf 88' lang='lat' dir='ltr'><strong>de</strong></span> <span class='ocrx_word' id='word_1_114' title='bbox 1945 1639 2103 1730; x_wconf 87' lang='lat' dir='ltr'><strong>jure</strong></span> <span class='ocrx_word' id='word_1_115' title='bbox 2155 1641 2347 1712; x_wconf 89' lang='lat' dir='ltr'><strong>citari</strong></span> <span class='ocrx_word' id='word_1_116' title='bbox 2401 1638 2718 1712; x_wconf 80' lang='lat' dir='ltr'><strong>faciendo</strong></span> <span class='ocrx_word' id='word_1_117' title='bbox 2781 1660 3252 1734; x_wconf 89' lang='lat' dir='ltr'><strong>quemcunque</strong></span> <span class='ocrx_word' id='word_1_118' title='bbox 3303 1638 3418 1709; x_wconf 89' lang='lat' dir='ltr'><strong>vel</strong></span> <span class='ocrx_word' id='word_1_119' title='bbox 3472 1656 3813 1731; x_wconf 86' lang='lat' dir='ltr'><strong>quoscun-</strong></span> 
     </span>
     <span class='ocr_line' id='line_1_13' title="bbox 540 1741 3816 1838; baseline -0 -25"><span class='ocrx_word' id='word_1_120' title='bbox 540 1764 672 1837; x_wconf 91' lang='lat' dir='ltr'><strong>que</strong></span> <span class='ocrx_word' id='word_1_121' title='bbox 744 1742 956 1814; x_wconf 86' lang='lat' dir='ltr'><strong>vellet</strong></span> <span class='ocrx_word' id='word_1_122' title='bbox 1009 1764 1101 1813; x_wconf 90' lang='lat' dir='ltr'><strong>ex</strong></span> <span class='ocrx_word' id='word_1_123' title='bbox 1149 1742 1409 1817; x_wconf 86' lang='lat' dir='ltr'><strong>eisdem</strong></span> <span class='ocrx_word' id='word_1_124' title='bbox 1463 1743 1681 1816; x_wconf 85' lang='lat' dir='ltr'><strong>Actor</strong></span> <span class='ocrx_word' id='word_1_125' title='bbox 1732 1752 1802 1815; x_wconf 88' lang='lat' dir='ltr'><strong>et</strong></span> <span class='ocrx_word' id='word_1_126' title='bbox 1858 1741 2086 1815; x_wconf 82' lang='lat' dir='ltr'><strong>Judex</strong></span> <span class='ocrx_word' id='word_1_127' title='bbox 2155 1746 2497 1829; x_wconf 76' lang='lat' dir='ltr'><strong>existens,</strong></span> <span class='ocrx_word' id='word_1_128' title='bbox 2567 1746 2634 1815; x_wconf 91' lang='lat' dir='ltr'><strong>in</strong></span> <span class='ocrx_word' id='word_1_129' title='bbox 2685 1742 3115 1838; x_wconf 88' lang='lat' dir='ltr'><strong>plurimorum</strong></span> <span class='ocrx_word' id='word_1_130' title='bbox 3185 1741 3591 1834; x_wconf 85' lang='lat' dir='ltr'><strong>judiciorum</strong></span> <span class='ocrx_word' id='word_1_131' title='bbox 3661 1761 3816 1831; x_wconf 81' lang='lat' dir='ltr'><strong>gra·</strong></span> 
     </span>
     <span class='ocr_line' id='line_1_14' title="bbox 530 1842 3816 1941; baseline -0.001 -24"><span class='ocrx_word' id='word_1_132' title='bbox 530 1842 941 1930; x_wconf 65' lang='lat' dir='ltr'><strong>vaminibus,</strong></span> <span class='ocrx_word' id='word_1_133' title='bbox 984 1846 1184 1936; x_wconf 87' lang='lat' dir='ltr'><strong>juxta</strong></span> <span class='ocrx_word' id='word_1_134' title='bbox 1238 1856 1463 1918; x_wconf 84' lang='lat' dir='ltr'><strong>nutum</strong></span> <span class='ocrx_word' id='word_1_135' title='bbox 1520 1869 1689 1921; x_wconf 88' lang='lat' dir='ltr'><strong>suae</strong></span> <span class='ocrx_word' id='word_1_136' title='bbox 1740 1845 2107 1919; x_wconf 88' lang='lat' dir='ltr'><strong>voluntatis</strong></span> <span class='ocrx_word' id='word_1_137' title='bbox 2160 1845 2645 1933; x_wconf 63' lang='lat' dir='ltr'><strong>damnificaret„</strong></span> <span class='ocrx_word' id='word_1_138' title='bbox 2700 1855 2768 1918; x_wconf 90' lang='lat' dir='ltr'><strong>et</strong></span> <span class='ocrx_word' id='word_1_139' title='bbox 2822 1845 3000 1940; x_wconf 87' lang='lat' dir='ltr'><strong>quod</strong></span> <span class='ocrx_word' id='word_1_140' title='bbox 3056 1847 3438 1941; x_wconf 89' lang='lat' dir='ltr'><strong>quicunque</strong></span> <span class='ocrx_word' id='word_1_141' title='bbox 3492 1866 3588 1916; x_wconf 89' lang='lat' dir='ltr'><strong>ex</strong></span> <span class='ocrx_word' id='word_1_142' title='bbox 3664 1845 3816 1937; x_wconf 79' lang='lat' dir='ltr'><strong>ipsis</strong></span> 
     </span>
     <span class='ocr_line' id='line_1_15' title="bbox 532 1946 3815 2045; baseline -0.001 -25"><span class='ocrx_word' id='word_1_143' title='bbox 532 1952 759 2020; x_wconf 84' lang='lat' dir='ltr'><strong>vinum</strong></span> <span class='ocrx_word' id='word_1_144' title='bbox 814 1949 927 2021; x_wconf 84' lang='lat' dir='ltr'><strong>vel</strong></span> <span class='ocrx_word' id='word_1_145' title='bbox 980 1947 1250 2021; x_wconf 90' lang='lat' dir='ltr'><strong>bladum</strong></span> <span class='ocrx_word' id='word_1_146' title='bbox 1289 1973 1479 2023; x_wconf 91' lang='lat' dir='ltr'><strong>suum</strong></span> <span class='ocrx_word' id='word_1_147' title='bbox 1531 1953 1873 2045; x_wconf 85' lang='lat' dir='ltr'><strong>proprium</strong></span> <span class='ocrx_word' id='word_1_148' title='bbox 1928 1972 2330 2045; x_wconf 91' lang='lat' dir='ltr'><strong>quocunque</strong></span> <span class='ocrx_word' id='word_1_149' title='bbox 2366 1949 2450 2022; x_wconf 88' lang='lat' dir='ltr'><strong>ad</strong></span> <span class='ocrx_word' id='word_1_150' title='bbox 2488 1949 2951 2022; x_wconf 86' lang='lat' dir='ltr'><strong>Ecclesiarum</strong></span> <span class='ocrx_word' id='word_1_151' title='bbox 2991 1947 3330 2021; x_wconf 85' lang='lat' dir='ltr'><strong>Cimiteria</strong></span> <span class='ocrx_word' id='word_1_152' title='bbox 3367 1947 3484 2019; x_wconf 90' lang='lat' dir='ltr'><strong>vel</strong></span> <span class='ocrx_word' id='word_1_153' title='bbox 3522 1946 3610 2017; x_wconf 87' lang='lat' dir='ltr'><strong>ad</strong></span> <span class='ocrx_word' id='word_1_154' title='bbox 3645 1946 3815 2018; x_wconf 86' lang='lat' dir='ltr'><strong>alio-</strong></span> 
     </span>
     <span class='ocr_line' id='line_1_16' title="bbox 530 2047 3815 2149; baseline -0 -27"><span class='ocrx_word' id='word_1_155' title='bbox 530 2074 675 2123; x_wconf 90' lang='lat' dir='ltr'><strong>rum</strong></span> <span class='ocrx_word' id='word_1_156' title='bbox 734 2052 1072 2125; x_wconf 91' lang='lat' dir='ltr'><strong>bominum</strong></span> <span class='ocrx_word' id='word_1_157' title='bbox 1142 2053 1386 2127; x_wconf 91' lang='lat' dir='ltr'><strong>domos</strong></span> <span class='ocrx_word' id='word_1_158' title='bbox 1459 2064 1574 2126; x_wconf 88' lang='lat' dir='ltr'><strong>aut</strong></span> <span class='ocrx_word' id='word_1_159' title='bbox 1642 2076 2048 2149; x_wconf 89' lang='lat' dir='ltr'><strong>quocunque</strong></span> <span class='ocrx_word' id='word_1_160' title='bbox 2118 2063 2311 2126; x_wconf 88' lang='lat' dir='ltr'><strong>extra</strong></span> <span class='ocrx_word' id='word_1_161' title='bbox 2386 2062 2604 2127; x_wconf 90' lang='lat' dir='ltr'><strong>metas</strong></span> <span class='ocrx_word' id='word_1_162' title='bbox 2659 2053 2744 2125; x_wconf 89' lang='lat' dir='ltr'><strong>ad</strong></span> <span class='ocrx_word' id='word_1_163' title='bbox 2818 2074 3226 2126; x_wconf 86' lang='lat' dir='ltr'><strong>conservam</strong></span> <span class='ocrx_word' id='word_1_164' title='bbox 3303 2052 3612 2140; x_wconf 67' lang='lat' dir='ltr'><strong>duceret,</strong></span> <span class='ocrx_word' id='word_1_165' title='bbox 3683 2047 3815 2122; x_wconf 82' lang='lat' dir='ltr'><strong>Ca-</strong></span> 
     </span>
     <span class='ocr_line' id='line_1_17' title="bbox 529 2153 3815 2252; baseline -0.002 -22"><span class='ocrx_word' id='word_1_166' title='bbox 529 2156 859 2230; x_wconf 85' lang='lat' dir='ltr'><strong>stellanos</strong></span> <span class='ocrx_word' id='word_1_167' title='bbox 912 2178 1077 2231; x_wconf 88' lang='lat' dir='ltr'><strong>suos</strong></span> <span class='ocrx_word' id='word_1_168' title='bbox 1131 2162 1408 2230; x_wconf 86' lang='lat' dir='ltr'><strong>maioris</strong></span> <span class='ocrx_word' id='word_1_169' title='bbox 1453 2156 1738 2230; x_wconf 81' lang='lat' dir='ltr'><strong>Kemlek</strong></span> <span class='ocrx_word' id='word_1_170' title='bbox 1794 2167 1862 2229; x_wconf 91' lang='lat' dir='ltr'><strong>et</strong></span> <span class='ocrx_word' id='word_1_171' title='bbox 1914 2162 2062 2229; x_wconf 90' lang='lat' dir='ltr'><strong>eius</strong></span> <span class='ocrx_word' id='word_1_172' title='bbox 2109 2154 2458 2229; x_wconf 86' lang='lat' dir='ltr'><strong>Officiales</strong></span> <span class='ocrx_word' id='word_1_173' title='bbox 2512 2156 2825 2228; x_wconf 87' lang='lat' dir='ltr'><strong>tributum</strong></span> <span class='ocrx_word' id='word_1_174' title='bbox 2881 2178 3158 2252; x_wconf 86' lang='lat' dir='ltr'><strong>semper</strong></span> <span class='ocrx_word' id='word_1_175' title='bbox 3213 2154 3298 2227; x_wconf 88' lang='lat' dir='ltr'><strong>ab</strong></span> <span class='ocrx_word' id='word_1_176' title='bbox 3351 2153 3591 2228; x_wconf 86' lang='lat' dir='ltr'><strong>iisdem</strong></span> <span class='ocrx_word' id='word_1_177' title='bbox 3646 2175 3815 2225; x_wconf 86' lang='lat' dir='ltr'><strong>con-</strong></span> 
     </span>
     <span class='ocr_line' id='line_1_18' title="bbox 528 2258 3815 2355; baseline -0.001 -24"><span class='ocrx_word' id='word_1_178' title='bbox 528 2269 630 2331; x_wconf 87' lang='lat' dir='ltr'><strong>tra</strong></span> <span class='ocrx_word' id='word_1_179' title='bbox 688 2258 1058 2332; x_wconf 86' lang='lat' dir='ltr'><strong>libertatem</strong></span> <span class='ocrx_word' id='word_1_180' title='bbox 1112 2263 1411 2355; x_wconf 88' lang='lat' dir='ltr'><strong>ipsorum</strong></span> <span class='ocrx_word' id='word_1_181' title='bbox 1467 2271 1537 2334; x_wconf 92' lang='lat' dir='ltr'><strong>et</strong></span> <span class='ocrx_word' id='word_1_182' title='bbox 1582 2262 1951 2334; x_wconf 86' lang='lat' dir='ltr'><strong>eorundem</strong></span> <span class='ocrx_word' id='word_1_183' title='bbox 2008 2260 2268 2352; x_wconf 81' lang='lat' dir='ltr'><strong>grande</strong></span> <span class='ocrx_word' id='word_1_184' title='bbox 2318 2259 2801 2355; x_wconf 87' lang='lat' dir='ltr'><strong>praeiudicium</strong></span> <span class='ocrx_word' id='word_1_185' title='bbox 2855 2282 2993 2332; x_wconf 90' lang='lat' dir='ltr'><strong>non</strong></span> <span class='ocrx_word' id='word_1_186' title='bbox 3032 2260 3119 2333; x_wconf 90' lang='lat' dir='ltr'><strong>de</strong></span> <span class='ocrx_word' id='word_1_187' title='bbox 3156 2259 3319 2331; x_wconf 84' lang='lat' dir='ltr'><strong>Jure</strong></span> <span class='ocrx_word' id='word_1_188' title='bbox 3367 2261 3651 2350; x_wconf 86' lang='lat' dir='ltr'><strong>exigere</strong></span> <span class='ocrx_word' id='word_1_189' title='bbox 3685 2278 3815 2328; x_wconf 90' lang='lat' dir='ltr'><strong>co-</strong></span> 
     </span>
     <span class='ocr_line' id='line_1_19' title="bbox 527 2362 3811 2461; baseline -0.002 -23"><span class='ocrx_word' id='word_1_190' title='bbox 527 2374 828 2450; x_wconf 73' lang='lat' dir='ltr'><strong>naretur,</strong></span> <span class='ocrx_word' id='word_1_191' title='bbox 881 2385 1007 2459; x_wconf 85' lang='lat' dir='ltr'><strong>per</strong></span> <span class='ocrx_word' id='word_1_192' title='bbox 1057 2365 1236 2459; x_wconf 90' lang='lat' dir='ltr'><strong>quod</strong></span> <span class='ocrx_word' id='word_1_193' title='bbox 1290 2368 1415 2461; x_wconf 86' lang='lat' dir='ltr'><strong>ipsi</strong></span> <span class='ocrx_word' id='word_1_194' title='bbox 1471 2362 1558 2436; x_wconf 87' lang='lat' dir='ltr'><strong>ad</strong></span> <span class='ocrx_word' id='word_1_195' title='bbox 1612 2376 1964 2437; x_wconf 85' lang='lat' dir='ltr'><strong>extremae</strong></span> <span class='ocrx_word' id='word_1_196' title='bbox 2016 2367 2429 2459; x_wconf 85' lang='lat' dir='ltr'><strong>paupertatis</strong></span> <span class='ocrx_word' id='word_1_197' title='bbox 2481 2367 2776 2458; x_wconf 88' lang='lat' dir='ltr'><strong>inopiam</strong></span> <span class='ocrx_word' id='word_1_198' title='bbox 2831 2363 3314 2437; x_wconf 86' lang='lat' dir='ltr'><strong>devenissent:</strong></span> <span class='ocrx_word' id='word_1_199' title='bbox 3370 2362 3811 2457; x_wconf 84' lang='lat' dir='ltr'><strong>supplicantes</strong></span> 
     </span>
     <span class='ocr_line' id='line_1_20' title="bbox 530 2463 3809 2564; baseline -0.001 -26"><span class='ocrx_word' id='word_1_200' title='bbox 530 2466 751 2538; x_wconf 89' lang='lat' dir='ltr'><strong>eidem</strong></span> <span class='ocrx_word' id='word_1_201' title='bbox 816 2468 1152 2561; x_wconf 88' lang='lat' dir='ltr'><strong>quondam</strong></span> <span class='ocrx_word' id='word_1_202' title='bbox 1198 2467 1567 2540; x_wconf 86' lang='lat' dir='ltr'><strong>Eustachio</strong></span> <span class='ocrx_word' id='word_1_203' title='bbox 1622 2467 1813 2540; x_wconf 90' lang='lat' dir='ltr'><strong>Bauo</strong></span> <span class='ocrx_word' id='word_1_204' title='bbox 1877 2466 2214 2539; x_wconf 87' lang='lat' dir='ltr'><strong>humiliter</strong></span> <span class='ocrx_word' id='word_1_205' title='bbox 2265 2477 2333 2539; x_wconf 88' lang='lat' dir='ltr'><strong>et</strong></span> <span class='ocrx_word' id='word_1_206' title='bbox 2384 2467 2661 2555; x_wconf 74' lang='lat' dir='ltr'><strong>devote,</strong></span> <span class='ocrx_word' id='word_1_207' title='bbox 2728 2477 2801 2539; x_wconf 87' lang='lat' dir='ltr'><strong>ut</strong></span> <span class='ocrx_word' id='word_1_208' title='bbox 2850 2470 3039 2564; x_wconf 89' lang='lat' dir='ltr'><strong>ipsos</strong></span> <span class='ocrx_word' id='word_1_209' title='bbox 3093 2466 3178 2539; x_wconf 92' lang='lat' dir='ltr'><strong>ab</strong></span> <span class='ocrx_word' id='word_1_210' title='bbox 3232 2464 3608 2538; x_wconf 86' lang='lat' dir='ltr'><strong>huiusmodi</strong></span> <span class='ocrx_word' id='word_1_211' title='bbox 3656 2463 3809 2536; x_wconf 83' lang='lat' dir='ltr'><strong>An·</strong></span> 
     </span>
     <span class='ocr_line' id='line_1_21' title="bbox 526 2569 3811 2667; baseline -0 -26"><span class='ocrx_word' id='word_1_212' title='bbox 526 2573 973 2663; x_wconf 83' lang='lat' dir='ltr'><strong>gariationum</strong></span> <span class='ocrx_word' id='word_1_213' title='bbox 1042 2573 1361 2665; x_wconf 89' lang='lat' dir='ltr'><strong>periculis</strong></span> <span class='ocrx_word' id='word_1_214' title='bbox 1435 2571 1801 2645; x_wconf 81' lang='lat' dir='ltr'><strong>sublevare</strong></span> <span class='ocrx_word' id='word_1_215' title='bbox 1855 2570 2266 2663; x_wconf 86' lang='lat' dir='ltr'><strong>dignaretur.</strong></span> <span class='ocrx_word' id='word_1_216' title='bbox 2372 2570 2526 2667; x_wconf 89' lang='lat' dir='ltr'><strong>lpse</strong></span> <span class='ocrx_word' id='word_1_217' title='bbox 2608 2570 2934 2667; x_wconf 86' lang='lat' dir='ltr'><strong>siquidem</strong></span> <span class='ocrx_word' id='word_1_218' title='bbox 2990 2569 3328 2666; x_wconf 89' lang='lat' dir='ltr'><strong>quondam</strong></span> <span class='ocrx_word' id='word_1_219' title='bbox 3382 2569 3637 2656; x_wconf 75' lang='lat' dir='ltr'><strong>Banus,</strong></span> <span class='ocrx_word' id='word_1_220' title='bbox 3711 2571 3811 2661; x_wconf 80' lang='lat' dir='ltr'><strong>qui</strong></span> 
     </span>
     <span class='ocr_line' id='line_1_22' title="bbox 529 2672 3809 2768; baseline -0.001 -21"><span class='ocrx_word' id='word_1_221' title='bbox 529 2686 922 2747; x_wconf 86' lang='lat' dir='ltr'><strong>cunctorum</strong></span> <span class='ocrx_word' id='word_1_222' title='bbox 974 2673 1102 2747; x_wconf 89' lang='lat' dir='ltr'><strong>sibi</strong></span> <span class='ocrx_word' id='word_1_223' title='bbox 1147 2675 1601 2748; x_wconf 87' lang='lat' dir='ltr'><strong>subiectorum</strong></span> <span class='ocrx_word' id='word_1_224' title='bbox 1655 2672 2247 2747; x_wconf 88' lang='lat' dir='ltr'><strong>incomoditatibus</strong></span> <span class='ocrx_word' id='word_1_225' title='bbox 2302 2675 2661 2768; x_wconf 86' lang='lat' dir='ltr'><strong>invigilare</strong></span> <span class='ocrx_word' id='word_1_226' title='bbox 2717 2673 3033 2762; x_wconf 64' lang='lat' dir='ltr'><strong>debebat„</strong></span> <span class='ocrx_word' id='word_1_227' title='bbox 3088 2675 3371 2748; x_wconf 89' lang='lat' dir='ltr'><strong>eosdem</strong></span> <span class='ocrx_word' id='word_1_228' title='bbox 3414 2672 3809 2767; x_wconf 70' lang='lat' dir='ltr'><strong>Jobbagyo-</strong></span> 
     </span>
     <span class='ocr_line' id='line_1_23' title="bbox 527 2775 3809 2870; baseline -0.001 -20"><span class='ocrx_word' id='word_1_229' title='bbox 527 2799 655 2852; x_wconf 88' lang='lat' dir='ltr'><strong>nes</strong></span> <span class='ocrx_word' id='word_1_230' title='bbox 712 2775 932 2851; x_wconf 89' lang='lat' dir='ltr'><strong>Castri</strong></span> <span class='ocrx_word' id='word_1_231' title='bbox 981 2777 1267 2850; x_wconf 86' lang='lat' dir='ltr'><strong>Kemlek</strong></span> <span class='ocrx_word' id='word_1_232' title='bbox 1320 2778 1408 2850; x_wconf 88' lang='lat' dir='ltr'><strong>de</strong></span> <span class='ocrx_word' id='word_1_233' title='bbox 1475 2778 1857 2851; x_wconf 88' lang='lat' dir='ltr'><strong>huiusmodi</strong></span> <span class='ocrx_word' id='word_1_234' title='bbox 1933 2782 2339 2852; x_wconf 85' lang='lat' dir='ltr'><strong>inconsveta</strong></span> <span class='ocrx_word' id='word_1_235' title='bbox 2396 2788 2464 2851; x_wconf 88' lang='lat' dir='ltr'><strong>et</strong></span> <span class='ocrx_word' id='word_1_236' title='bbox 2518 2782 2792 2851; x_wconf 89' lang='lat' dir='ltr'><strong>omnino</strong></span> <span class='ocrx_word' id='word_1_237' title='bbox 2868 2781 3004 2869; x_wconf 89' lang='lat' dir='ltr'><strong>juri</strong></span> <span class='ocrx_word' id='word_1_238' title='bbox 3056 2785 3125 2851; x_wconf 89' lang='lat' dir='ltr'><strong>et</strong></span> <span class='ocrx_word' id='word_1_239' title='bbox 3185 2780 3489 2870; x_wconf 86' lang='lat' dir='ltr'><strong>justitiae</strong></span> <span class='ocrx_word' id='word_1_240' title='bbox 3546 2787 3809 2848; x_wconf 83' lang='lat' dir='ltr'><strong>contra-</strong></span> 
     </span>
     <span class='ocr_line' id='line_1_24' title="bbox 528 2879 3809 2978; baseline -0.002 -24"><span class='ocrx_word' id='word_1_241' title='bbox 528 2884 709 2954; x_wconf 83' lang='lat' dir='ltr'><strong>riosa</strong></span> <span class='ocrx_word' id='word_1_242' title='bbox 782 2883 1101 2954; x_wconf 85' lang='lat' dir='ltr'><strong>citatione</strong></span> <span class='ocrx_word' id='word_1_243' title='bbox 1171 2890 1241 2954; x_wconf 91' lang='lat' dir='ltr'><strong>et</strong></span> <span class='ocrx_word' id='word_1_244' title='bbox 1307 2885 1681 2978; x_wconf 88' lang='lat' dir='ltr'><strong>praemissa</strong></span> <span class='ocrx_word' id='word_1_245' title='bbox 1761 2880 2056 2955; x_wconf 85' lang='lat' dir='ltr'><strong>indebita</strong></span> <span class='ocrx_word' id='word_1_246' title='bbox 2153 2881 2499 2955; x_wconf 88' lang='lat' dir='ltr'><strong>tributaria</strong></span> <span class='ocrx_word' id='word_1_247' title='bbox 2571 2886 2934 2954; x_wconf 84' lang='lat' dir='ltr'><strong>exactione</strong></span> <span class='ocrx_word' id='word_1_248' title='bbox 3008 2881 3321 2955; x_wconf 80' lang='lat' dir='ltr'><strong>facienda</strong></span> <span class='ocrx_word' id='word_1_249' title='bbox 3401 2879 3809 2954; x_wconf 78' lang='lat' dir='ltr'><strong>sublevando</strong></span> 
     </span>
     <span class='ocr_line' id='line_1_25' title="bbox 528 2983 3811 3081; baseline 0 -27"><span class='ocrx_word' id='word_1_250' title='bbox 528 2987 865 3058; x_wconf 87' lang='lat' dir='ltr'><strong>commisit</strong></span> <span class='ocrx_word' id='word_1_251' title='bbox 899 2993 968 3056; x_wconf 91' lang='lat' dir='ltr'><strong>et</strong></span> <span class='ocrx_word' id='word_1_252' title='bbox 1006 2985 1375 3058; x_wconf 87' lang='lat' dir='ltr'><strong>earundem</strong></span> <span class='ocrx_word' id='word_1_253' title='bbox 1430 2989 1613 3060; x_wconf 90' lang='lat' dir='ltr'><strong>serie</strong></span> <span class='ocrx_word' id='word_1_254' title='bbox 1659 2988 2072 3074; x_wconf 70' lang='lat' dir='ltr'><strong>comisisset,</strong></span> <span class='ocrx_word' id='word_1_255' title='bbox 2126 2995 2197 3057; x_wconf 91' lang='lat' dir='ltr'><strong>ut</strong></span> <span class='ocrx_word' id='word_1_256' title='bbox 2232 3008 2272 3057; x_wconf 90' lang='lat' dir='ltr'><strong>a</strong></span> <span class='ocrx_word' id='word_1_257' title='bbox 2309 2996 2467 3058; x_wconf 89' lang='lat' dir='ltr'><strong>tunc</strong></span> <span class='ocrx_word' id='word_1_258' title='bbox 2504 2985 2786 3057; x_wconf 89' lang='lat' dir='ltr'><strong>eosdem</strong></span> <span class='ocrx_word' id='word_1_259' title='bbox 2821 2983 3313 3081; x_wconf 76' lang='lat' dir='ltr'><strong>Jobbagyones</strong></span> <span class='ocrx_word' id='word_1_260' title='bbox 3352 2984 3578 3058; x_wconf 87' lang='lat' dir='ltr'><strong>Castri</strong></span> <span class='ocrx_word' id='word_1_261' title='bbox 3613 2983 3811 3056; x_wconf 73' lang='lat' dir='ltr'><strong>Ken-</strong></span> 
     </span>
     <span class='ocr_line' id='line_1_26' title="bbox 527 3087 3812 3184; baseline -0.001 -24"><span class='ocrx_word' id='word_1_262' title='bbox 527 3087 640 3160; x_wconf 81' lang='lat' dir='ltr'><strong>lek</strong></span> <span class='ocrx_word' id='word_1_263' title='bbox 693 3087 811 3158; x_wconf 86' lang='lat' dir='ltr'><strong>vel</strong></span> <span class='ocrx_word' id='word_1_264' title='bbox 877 3089 1169 3183; x_wconf 88' lang='lat' dir='ltr'><strong>aliquem</strong></span> <span class='ocrx_word' id='word_1_265' title='bbox 1225 3111 1317 3160; x_wconf 94' lang='lat' dir='ltr'><strong>ex</strong></span> <span class='ocrx_word' id='word_1_266' title='bbox 1393 3092 1561 3183; x_wconf 87' lang='lat' dir='ltr'><strong>ipsis</strong></span> <span class='ocrx_word' id='word_1_267' title='bbox 1612 3088 2039 3162; x_wconf 88' lang='lat' dir='ltr'><strong>Castellanus</strong></span> <span class='ocrx_word' id='word_1_268' title='bbox 2112 3111 2276 3164; x_wconf 90' lang='lat' dir='ltr'><strong>suus</strong></span> <span class='ocrx_word' id='word_1_269' title='bbox 2347 3088 2434 3160; x_wconf 91' lang='lat' dir='ltr'><strong>de</strong></span> <span class='ocrx_word' id='word_1_270' title='bbox 2490 3088 2733 3162; x_wconf 88' lang='lat' dir='ltr'><strong>eodem</strong></span> <span class='ocrx_word' id='word_1_271' title='bbox 2792 3087 3037 3162; x_wconf 86' lang='lat' dir='ltr'><strong>Castro</strong></span> <span class='ocrx_word' id='word_1_272' title='bbox 3090 3111 3213 3183; x_wconf 90' lang='lat' dir='ltr'><strong>pro</strong></span> <span class='ocrx_word' id='word_1_273' title='bbox 3283 3099 3600 3184; x_wconf 89' lang='lat' dir='ltr'><strong>tempore</strong></span> <span class='ocrx_word' id='word_1_274' title='bbox 3651 3109 3812 3159; x_wconf 90' lang='lat' dir='ltr'><strong>con·-</strong></span> 
     </span>
     <span class='ocr_line' id='line_1_27' title="bbox 530 3186 3811 3289; baseline -0.001 -25"><span class='ocrx_word' id='word_1_275' title='bbox 530 3194 819 3280; x_wconf 73' lang='lat' dir='ltr'><strong>stitutus‚</strong></span> <span class='ocrx_word' id='word_1_276' title='bbox 872 3192 990 3263; x_wconf 89' lang='lat' dir='ltr'><strong>vel</strong></span> <span class='ocrx_word' id='word_1_277' title='bbox 1040 3195 1188 3266; x_wconf 91' lang='lat' dir='ltr'><strong>eius</strong></span> <span class='ocrx_word' id='word_1_278' title='bbox 1226 3186 1701 3288; x_wconf 68' lang='lat' dir='ltr'><strong>vicegerens‚&#39;</strong></span> <span class='ocrx_word' id='word_1_279' title='bbox 1735 3215 1858 3288; x_wconf 88' lang='lat' dir='ltr'><strong>per</strong></span> <span class='ocrx_word' id='word_1_280' title='bbox 1892 3215 1971 3266; x_wconf 89' lang='lat' dir='ltr'><strong>se</strong></span> <span class='ocrx_word' id='word_1_281' title='bbox 2025 3196 2289 3265; x_wconf 86' lang='lat' dir='ltr'><strong>ratione</strong></span> <span class='ocrx_word' id='word_1_282' title='bbox 2342 3193 2624 3266; x_wconf 88' lang='lat' dir='ltr'><strong>alicuius</strong></span> <span class='ocrx_word' id='word_1_283' title='bbox 2679 3191 2841 3265; x_wconf 85' lang='lat' dir='ltr'><strong>facti</strong></span> <span class='ocrx_word' id='word_1_284' title='bbox 2895 3198 2964 3266; x_wconf 92' lang='lat' dir='ltr'><strong>in</strong></span> <span class='ocrx_word' id='word_1_285' title='bbox 3019 3197 3124 3267; x_wconf 88' lang='lat' dir='ltr'><strong>sui</strong></span> <span class='ocrx_word' id='word_1_286' title='bbox 3174 3196 3636 3289; x_wconf 86' lang='lat' dir='ltr'><strong>praesentiam</strong></span> <span class='ocrx_word' id='word_1_287' title='bbox 3669 3190 3811 3263; x_wconf 86' lang='lat' dir='ltr'><strong>nul-</strong></span> 
     </span>
     <span class='ocr_line' id='line_1_28' title="bbox 530 3294 3811 3391; baseline -0 -24"><span class='ocrx_word' id='word_1_288' title='bbox 530 3294 796 3367; x_wconf 88' lang='lat' dir='ltr'><strong>latenus</strong></span> <span class='ocrx_word' id='word_1_289' title='bbox 851 3298 1042 3368; x_wconf 87' lang='lat' dir='ltr'><strong>citari</strong></span> <span class='ocrx_word' id='word_1_290' title='bbox 1094 3295 1331 3369; x_wconf 82' lang='lat' dir='ltr'><strong>facere</strong></span> <span class='ocrx_word' id='word_1_291' title='bbox 1382 3306 1622 3391; x_wconf 87' lang='lat' dir='ltr'><strong>posset</strong></span> <span class='ocrx_word' id='word_1_292' title='bbox 1672 3305 1875 3391; x_wconf 89' lang='lat' dir='ltr'><strong>atque</strong></span> <span class='ocrx_word' id='word_1_293' title='bbox 1929 3296 2218 3382; x_wconf 68' lang='lat' dir='ltr'><strong>valeret„</strong></span> <span class='ocrx_word' id='word_1_294' title='bbox 2270 3299 2403 3370; x_wconf 89' lang='lat' dir='ltr'><strong>nisi</strong></span> <span class='ocrx_word' id='word_1_295' title='bbox 2470 3301 2646 3368; x_wconf 89' lang='lat' dir='ltr'><strong>inter</strong></span> <span class='ocrx_word' id='word_1_296' title='bbox 2698 3296 3040 3390; x_wconf 88' lang='lat' dir='ltr'><strong>litigantes</strong></span> <span class='ocrx_word' id='word_1_297' title='bbox 3094 3296 3427 3370; x_wconf 71' lang='lat' dir='ltr'><strong>Iudicium</strong></span> <span class='ocrx_word' id='word_1_298' title='bbox 3485 3306 3559 3367; x_wconf 87' lang='lat' dir='ltr'><strong>et</strong></span> <span class='ocrx_word' id='word_1_299' title='bbox 3622 3297 3811 3387; x_wconf 80' lang='lat' dir='ltr'><strong>justi-</strong></span> 
     </span>
     <span class='ocr_line' id='line_1_29' title="bbox 529 3396 3811 3494; baseline -0 -24"><span class='ocrx_word' id='word_1_300' title='bbox 529 3399 689 3470; x_wconf 66' lang='lat' dir='ltr'><strong>fiam</strong></span> <span class='ocrx_word' id='word_1_301' title='bbox 743 3397 980 3473; x_wconf 87' lang='lat' dir='ltr'><strong>facere</strong></span> <span class='ocrx_word' id='word_1_302' title='bbox 1032 3409 1402 3490; x_wconf 72' lang='lat' dir='ltr'><strong>teneretur,</strong></span> <span class='ocrx_word' id='word_1_303' title='bbox 1455 3399 1922 3473; x_wconf 87' lang='lat' dir='ltr'><strong>moderatione</strong></span> <span class='ocrx_word' id='word_1_304' title='bbox 1966 3401 2141 3491; x_wconf 86' lang='lat' dir='ltr'><strong>juris</strong></span> <span class='ocrx_word' id='word_1_305' title='bbox 2190 3404 2620 3494; x_wconf 80' lang='lat' dir='ltr'><strong>requirente:</strong></span> <span class='ocrx_word' id='word_1_306' title='bbox 2663 3421 2794 3473; x_wconf 87' lang='lat' dir='ltr'><strong>nec</strong></span> <span class='ocrx_word' id='word_1_307' title='bbox 2848 3400 2932 3472; x_wconf 88' lang='lat' dir='ltr'><strong>ab</strong></span> <span class='ocrx_word' id='word_1_308' title='bbox 2970 3422 3207 3473; x_wconf 90' lang='lat' dir='ltr'><strong>eorum</strong></span> <span class='ocrx_word' id='word_1_309' title='bbox 3260 3400 3437 3473; x_wconf 83' lang='lat' dir='ltr'><strong>Vino</strong></span> <span class='ocrx_word' id='word_1_310' title='bbox 3495 3410 3570 3472; x_wconf 90' lang='lat' dir='ltr'><strong>et</strong></span> <span class='ocrx_word' id='word_1_311' title='bbox 3622 3396 3811 3470; x_wconf 79' lang='lat' dir='ltr'><strong>Blada</strong></span> 
     </span>
     <span class='ocr_line' id='line_1_30' title="bbox 526 3502 3809 3599; baseline 0 -25"><span class='ocrx_word' id='word_1_312' title='bbox 526 3505 800 3596; x_wconf 85' lang='lat' dir='ltr'><strong>proprio</strong></span> <span class='ocrx_word' id='word_1_313' title='bbox 853 3524 1257 3598; x_wconf 90' lang='lat' dir='ltr'><strong>quocunque</strong></span> <span class='ocrx_word' id='word_1_314' title='bbox 1296 3503 1382 3575; x_wconf 90' lang='lat' dir='ltr'><strong>ad</strong></span> <span class='ocrx_word' id='word_1_315' title='bbox 1420 3502 1776 3578; x_wconf 87' lang='lat' dir='ltr'><strong>Ecclesias</strong></span> <span class='ocrx_word' id='word_1_316' title='bbox 1812 3504 1929 3576; x_wconf 91' lang='lat' dir='ltr'><strong>vel</strong></span> <span class='ocrx_word' id='word_1_317' title='bbox 1963 3505 2246 3576; x_wconf 87' lang='lat' dir='ltr'><strong>aliorum</strong></span> <span class='ocrx_word' id='word_1_318' title='bbox 2284 3504 2545 3576; x_wconf 91' lang='lat' dir='ltr'><strong>Domos</strong></span> <span class='ocrx_word' id='word_1_319' title='bbox 2582 3513 2695 3575; x_wconf 88' lang='lat' dir='ltr'><strong>aut</strong></span> <span class='ocrx_word' id='word_1_320' title='bbox 2733 3513 2926 3576; x_wconf 86' lang='lat' dir='ltr'><strong>extra</strong></span> <span class='ocrx_word' id='word_1_321' title='bbox 2984 3514 3200 3579; x_wconf 86' lang='lat' dir='ltr'><strong>metas</strong></span> <span class='ocrx_word' id='word_1_322' title='bbox 3238 3504 3324 3576; x_wconf 90' lang='lat' dir='ltr'><strong>ad</strong></span> <span class='ocrx_word' id='word_1_323' title='bbox 3360 3502 3809 3599; x_wconf 77' lang='lat' dir='ltr'><strong>reponendum</strong></span> 
     </span>
     <span class='ocr_line' id='line_1_31' title="bbox 530 3605 3813 3702; baseline 0 -25"><span class='ocrx_word' id='word_1_324' title='bbox 530 3605 998 3680; x_wconf 79' lang='lat' dir='ltr'><strong>deducendum</strong></span> <span class='ocrx_word' id='word_1_325' title='bbox 1053 3605 1365 3679; x_wconf 86' lang='lat' dir='ltr'><strong>tributum</strong></span> <span class='ocrx_word' id='word_1_326' title='bbox 1417 3608 1672 3702; x_wconf 85' lang='lat' dir='ltr'><strong>aliquot</strong></span> <span class='ocrx_word' id='word_1_327' title='bbox 1724 3610 2013 3700; x_wconf 82' lang='lat' dir='ltr'><strong>exigere</strong></span> <span class='ocrx_word' id='word_1_328' title='bbox 2068 3616 2324 3702; x_wconf 87' lang='lat' dir='ltr'><strong>posset.</strong></span> <span class='ocrx_word' id='word_1_329' title='bbox 2428 3607 2639 3699; x_wconf 88' lang='lat' dir='ltr'><strong>Igitur</strong></span> <span class='ocrx_word' id='word_1_330' title='bbox 2691 3607 2870 3680; x_wconf 87' lang='lat' dir='ltr'><strong>idem</strong></span> <span class='ocrx_word' id='word_1_331' title='bbox 2925 3607 3214 3680; x_wconf 88' lang='lat' dir='ltr'><strong>condam</strong></span> <span class='ocrx_word' id='word_1_332' title='bbox 3267 3608 3497 3680; x_wconf 87' lang='lat' dir='ltr'><strong>Banus</strong></span> <span class='ocrx_word' id='word_1_333' title='bbox 3555 3605 3813 3680; x_wconf 84' lang='lat' dir='ltr'><strong>Castel-</strong></span> 
     </span>
     <span class='ocr_line' id='line_1_32' title="bbox 526 3707 3812 3806; baseline 0.001 -26"><span class='ocrx_word' id='word_1_334' title='bbox 526 3707 685 3781; x_wconf 89' lang='lat' dir='ltr'><strong>lano</strong></span> <span class='ocrx_word' id='word_1_335' title='bbox 740 3732 866 3782; x_wconf 87' lang='lat' dir='ltr'><strong>suo</strong></span> <span class='ocrx_word' id='word_1_336' title='bbox 904 3710 991 3783; x_wconf 89' lang='lat' dir='ltr'><strong>de</strong></span> <span class='ocrx_word' id='word_1_337' title='bbox 1028 3710 1209 3783; x_wconf 88' lang='lat' dir='ltr'><strong>dicto</strong></span> <span class='ocrx_word' id='word_1_338' title='bbox 1249 3710 1491 3785; x_wconf 86' lang='lat' dir='ltr'><strong>Castro</strong></span> <span class='ocrx_word' id='word_1_339' title='bbox 1527 3708 1817 3783; x_wconf 83' lang='lat' dir='ltr'><strong>Kemlek</strong></span> <span class='ocrx_word' id='word_1_340' title='bbox 1867 3720 2028 3782; x_wconf 89' lang='lat' dir='ltr'><strong>tunc</strong></span> <span class='ocrx_word' id='word_1_341' title='bbox 2082 3720 2151 3781; x_wconf 91' lang='lat' dir='ltr'><strong>et</strong></span> <span class='ocrx_word' id='word_1_342' title='bbox 2200 3732 2324 3806; x_wconf 85' lang='lat' dir='ltr'><strong>pro</strong></span> <span class='ocrx_word' id='word_1_343' title='bbox 2376 3720 2684 3805; x_wconf 87' lang='lat' dir='ltr'><strong>tempore</strong></span> <span class='ocrx_word' id='word_1_344' title='bbox 2739 3715 3102 3785; x_wconf 88' lang='lat' dir='ltr'><strong>constituto</strong></span> <span class='ocrx_word' id='word_1_345' title='bbox 3155 3712 3273 3784; x_wconf 83' lang='lat' dir='ltr'><strong>vel</strong></span> <span class='ocrx_word' id='word_1_346' title='bbox 3324 3714 3480 3804; x_wconf 88' lang='lat' dir='ltr'><strong>ejus</strong></span> <span class='ocrx_word' id='word_1_347' title='bbox 3518 3711 3812 3803; x_wconf 69' lang='lat' dir='ltr'><strong>vicege-</strong></span> 
     </span>
     <span class='ocr_line' id='line_1_33' title="bbox 526 3810 3812 3910; baseline 0 -27"><span class='ocrx_word' id='word_1_348' title='bbox 526 3816 703 3884; x_wconf 80' lang='lat' dir='ltr'><strong>renti</strong></span> <span class='ocrx_word' id='word_1_349' title='bbox 738 3810 1017 3885; x_wconf 81' lang='lat' dir='ltr'><strong>firmiter</strong></span> <span class='ocrx_word' id='word_1_350' title='bbox 1052 3814 1529 3909; x_wconf 88' lang='lat' dir='ltr'><strong>praecipiendo</strong></span> <span class='ocrx_word' id='word_1_351' title='bbox 1565 3814 1982 3903; x_wconf 70' lang='lat' dir='ltr'><strong>mandasset,</strong></span> <span class='ocrx_word' id='word_1_352' title='bbox 2028 3824 2359 3909; x_wconf 88' lang='lat' dir='ltr'><strong>quatenus</strong></span> <span class='ocrx_word' id='word_1_353' title='bbox 2397 3837 2437 3886; x_wconf 90' lang='lat' dir='ltr'><strong>a</strong></span> <span class='ocrx_word' id='word_1_354' title='bbox 2474 3824 2635 3886; x_wconf 88' lang='lat' dir='ltr'><strong>tunc</strong></span> <span class='ocrx_word' id='word_1_355' title='bbox 2668 3814 3056 3910; x_wconf 88' lang='lat' dir='ltr'><strong>praedictos</strong></span> <span class='ocrx_word' id='word_1_356' title='bbox 3094 3814 3376 3889; x_wconf 88' lang='lat' dir='ltr'><strong>Nobiles</strong></span> <span class='ocrx_word' id='word_1_357' title='bbox 3412 3814 3812 3908; x_wconf 73' lang='lat' dir='ltr'><strong>Johbagyo-</strong></span> 
     </span>
     <span class='ocr_line' id='line_1_34' title="bbox 530 3916 3814 4004; baseline -0.001 -15"><span class='ocrx_word' id='word_1_358' title='bbox 530 3937 657 3989; x_wconf 77' lang='lat' dir='ltr'><strong>nes</strong></span> <span class='ocrx_word' id='word_1_359' title='bbox 713 3916 873 3988; x_wconf 89' lang='lat' dir='ltr'><strong>dicti</strong></span> <span class='ocrx_word' id='word_1_360' title='bbox 928 3916 1149 3990; x_wconf 85' lang='lat' dir='ltr'><strong>Castri</strong></span> <span class='ocrx_word' id='word_1_361' title='bbox 1200 3921 1465 3990; x_wconf 88' lang='lat' dir='ltr'><strong>ratione</strong></span> <span class='ocrx_word' id='word_1_362' title='bbox 1517 3916 1899 3989; x_wconf 86' lang='lat' dir='ltr'><strong>huiusmodi</strong></span> <span class='ocrx_word' id='word_1_363' title='bbox 1951 3920 2312 3990; x_wconf 86' lang='lat' dir='ltr'><strong>inusitatae</strong></span> <span class='ocrx_word' id='word_1_364' title='bbox 2389 3921 2724 3991; x_wconf 87' lang='lat' dir='ltr'><strong>citationis</strong></span> <span class='ocrx_word' id='word_1_365' title='bbox 2777 3919 2960 3991; x_wconf 90' lang='lat' dir='ltr'><strong>nullo</strong></span> <span class='ocrx_word' id='word_1_366' title='bbox 3007 3919 3211 3993; x_wconf 90' lang='lat' dir='ltr'><strong>modo</strong></span> <span class='ocrx_word' id='word_1_367' title='bbox 3250 3920 3651 4004; x_wconf 67' lang='lat' dir='ltr'><strong>molestare,</strong></span> <span class='ocrx_word' id='word_1_368' title='bbox 3703 3938 3814 3991; x_wconf 85' lang='lat' dir='ltr'><strong>nec</strong></span> 
     </span>
     <span class='ocr_line' id='line_1_35' title="bbox 530 4018 3815 4119; baseline 0 -27"><span class='ocrx_word' id='word_1_369' title='bbox 530 4018 619 4092; x_wconf 73' lang='lat' dir='ltr'><strong>de</strong></span> <span class='ocrx_word' id='word_1_370' title='bbox 671 4042 908 4093; x_wconf 88' lang='lat' dir='ltr'><strong>eorum</strong></span> <span class='ocrx_word' id='word_1_371' title='bbox 963 4020 1144 4092; x_wconf 91' lang='lat' dir='ltr'><strong>Vino</strong></span> <span class='ocrx_word' id='word_1_372' title='bbox 1197 4031 1266 4093; x_wconf 88' lang='lat' dir='ltr'><strong>et</strong></span> <span class='ocrx_word' id='word_1_373' title='bbox 1316 4020 1528 4093; x_wconf 86' lang='lat' dir='ltr'><strong>Blado</strong></span> <span class='ocrx_word' id='word_1_374' title='bbox 1598 4024 1898 4117; x_wconf 77' lang='lat' dir='ltr'><strong>proprio,</strong></span> <span class='ocrx_word' id='word_1_375' title='bbox 1972 4021 2142 4095; x_wconf 88' lang='lat' dir='ltr'><strong>alias</strong></span> <span class='ocrx_word' id='word_1_376' title='bbox 2206 4025 2588 4117; x_wconf 84' lang='lat' dir='ltr'><strong>praemisso</strong></span> <span class='ocrx_word' id='word_1_377' title='bbox 2644 4022 2846 4095; x_wconf 87' lang='lat' dir='ltr'><strong>modo</strong></span> <span class='ocrx_word' id='word_1_378' title='bbox 2901 4022 2986 4094; x_wconf 88' lang='lat' dir='ltr'><strong>ad</strong></span> <span class='ocrx_word' id='word_1_379' title='bbox 3057 4022 3521 4119; x_wconf 80' lang='lat' dir='ltr'><strong>reponendum</strong></span> <span class='ocrx_word' id='word_1_380' title='bbox 3580 4035 3653 4095; x_wconf 87' lang='lat' dir='ltr'><strong>et</strong></span> <span class='ocrx_word' id='word_1_381' title='bbox 3697 4024 3815 4093; x_wconf 88' lang='lat' dir='ltr'><strong>du-</strong></span> 
     </span>
     <span class='ocr_line' id='line_1_36' title="bbox 531 4123 3814 4222; baseline 0 -27"><span class='ocrx_word' id='word_1_382' title='bbox 531 4123 821 4196; x_wconf 87' lang='lat' dir='ltr'><strong>cendum</strong></span> <span class='ocrx_word' id='word_1_383' title='bbox 874 4123 1144 4218; x_wconf 90' lang='lat' dir='ltr'><strong>aliquod</strong></span> <span class='ocrx_word' id='word_1_384' title='bbox 1200 4123 1510 4197; x_wconf 84' lang='lat' dir='ltr'><strong>tributum</strong></span> <span class='ocrx_word' id='word_1_385' title='bbox 1546 4127 1662 4198; x_wconf 81' lang='lat' dir='ltr'><strong>vel</strong></span> <span class='ocrx_word' id='word_1_386' title='bbox 1699 4124 2111 4197; x_wconf 87' lang='lat' dir='ltr'><strong>tributariam</strong></span> <span class='ocrx_word' id='word_1_387' title='bbox 2165 4129 2595 4200; x_wconf 84' lang='lat' dir='ltr'><strong>exactionem</strong></span> <span class='ocrx_word' id='word_1_388' title='bbox 2645 4130 2983 4222; x_wconf 77' lang='lat' dir='ltr'><strong>recipere,</strong></span> <span class='ocrx_word' id='word_1_389' title='bbox 3044 4128 3168 4201; x_wconf 90' lang='lat' dir='ltr'><strong>sed</strong></span> <span class='ocrx_word' id='word_1_390' title='bbox 3205 4127 3491 4200; x_wconf 88' lang='lat' dir='ltr'><strong>eosdem</strong></span> <span class='ocrx_word' id='word_1_391' title='bbox 3529 4131 3602 4199; x_wconf 87' lang='lat' dir='ltr'><strong>in</strong></span> <span class='ocrx_word' id='word_1_392' title='bbox 3637 4126 3814 4200; x_wconf 80' lang='lat' dir='ltr'><strong>solita</strong></span> 
     </span>
     <span class='ocr_line' id='line_1_37' title="bbox 529 4224 3814 4326; baseline 0.001 -30"><span class='ocrx_word' id='word_1_393' title='bbox 529 4224 839 4300; x_wconf 88' lang='lat' dir='ltr'><strong>libertate</strong></span> <span class='ocrx_word' id='word_1_394' title='bbox 906 4230 1206 4323; x_wconf 82' lang='lat' dir='ltr'><strong>ipsorum</strong></span> <span class='ocrx_word' id='word_1_395' title='bbox 1278 4227 1562 4325; x_wconf 77' lang='lat' dir='ltr'><strong>pacifice</strong></span> <span class='ocrx_word' id='word_1_396' title='bbox 1641 4238 1711 4300; x_wconf 92' lang='lat' dir='ltr'><strong>et</strong></span> <span class='ocrx_word' id='word_1_397' title='bbox 1779 4232 1927 4301; x_wconf 90' lang='lat' dir='ltr'><strong>siue</strong></span> <span class='ocrx_word' id='word_1_398' title='bbox 1999 4231 2182 4301; x_wconf 89' lang='lat' dir='ltr'><strong>omni</strong></span> <span class='ocrx_word' id='word_1_399' title='bbox 2251 4232 2737 4323; x_wconf 83' lang='lat' dir='ltr'><strong>inquietatione</strong></span> <span class='ocrx_word' id='word_1_400' title='bbox 2805 4229 3062 4326; x_wconf 83' lang='lat' dir='ltr'><strong>perfrui</strong></span> <span class='ocrx_word' id='word_1_401' title='bbox 3132 4235 3578 4326; x_wconf 66' lang='lat' dir='ltr'><strong>permitteret,</strong></span> <span class='ocrx_word' id='word_1_402' title='bbox 3657 4225 3814 4302; x_wconf 76' lang='lat' dir='ltr'><strong>aliud</strong></span> 
     </span>
     <span class='ocr_line' id='line_1_38' title="bbox 529 4329 3814 4429; baseline 0.001 -27"><span class='ocrx_word' id='word_1_403' title='bbox 529 4329 764 4403; x_wconf 83' lang='lat' dir='ltr'><strong>facere</strong></span> <span class='ocrx_word' id='word_1_404' title='bbox 818 4352 955 4404; x_wconf 90' lang='lat' dir='ltr'><strong>non</strong></span> <span class='ocrx_word' id='word_1_405' title='bbox 992 4331 1328 4405; x_wconf 85' lang='lat' dir='ltr'><strong>audendo.</strong></span> <span class='ocrx_word' id='word_1_406' title='bbox 1370 4331 1699 4406; x_wconf 87' lang='lat' dir='ltr'><strong>-Secuuda</strong></span> <span class='ocrx_word' id='word_1_407' title='bbox 1753 4353 1955 4421; x_wconf 75' lang='lat' dir='ltr'><strong>vero,</strong></span> <span class='ocrx_word' id='word_1_408' title='bbox 2005 4341 2162 4428; x_wconf 88' lang='lat' dir='ltr'><strong>puta</strong></span> <span class='ocrx_word' id='word_1_409' title='bbox 2201 4332 2360 4405; x_wconf 90' lang='lat' dir='ltr'><strong>dicti</strong></span> <span class='ocrx_word' id='word_1_410' title='bbox 2395 4333 2732 4429; x_wconf 88' lang='lat' dir='ltr'><strong>qnondam</strong></span> <span class='ocrx_word' id='word_1_411' title='bbox 2771 4334 3043 4408; x_wconf 90' lang='lat' dir='ltr'><strong>Domini</strong></span> <span class='ocrx_word' id='word_1_412' title='bbox 3080 4333 3375 4407; x_wconf 71' lang='lat' dir='ltr'><strong>Mathiae</strong></span> <span class='ocrx_word' id='word_1_413' title='bbox 3411 4335 3633 4429; x_wconf 85' lang='lat' dir='ltr'><strong>Regis</strong></span> <span class='ocrx_word' id='word_1_414' title='bbox 3681 4332 3814 4406; x_wconf 83' lang='lat' dir='ltr'><strong>Lit-</strong></span> 
     </span>
     <span class='ocr_line' id='line_1_39' title="bbox 527 4434 3811 4535; baseline 0.001 -29"><span class='ocrx_word' id='word_1_415' title='bbox 527 4443 675 4506; x_wconf 86' lang='lat' dir='ltr'><strong>tera</strong></span> <span class='ocrx_word' id='word_1_416' title='bbox 730 4438 1226 4531; x_wconf 76' lang='lat' dir='ltr'><strong>praeceptoria,</strong></span> <span class='ocrx_word' id='word_1_417' title='bbox 1280 4435 1367 4508; x_wconf 86' lang='lat' dir='ltr'><strong>ad</strong></span> <span class='ocrx_word' id='word_1_418' title='bbox 1420 4434 1986 4510; x_wconf 88' lang='lat' dir='ltr'><strong>Commissionem</strong></span> <span class='ocrx_word' id='word_1_419' title='bbox 2048 4458 2241 4509; x_wconf 77' lang='lat' dir='ltr'><strong>suam</strong></span> <span class='ocrx_word' id='word_1_420' title='bbox 2291 4440 2658 4532; x_wconf 70' lang='lat' dir='ltr'><strong>propriam,</strong></span> <span class='ocrx_word' id='word_1_421' title='bbox 2721 4438 2952 4510; x_wconf 90' lang='lat' dir='ltr'><strong>Budae</strong></span> <span class='ocrx_word' id='word_1_422' title='bbox 3006 4439 3117 4512; x_wconf 91' lang='lat' dir='ltr'><strong>die</strong></span> <span class='ocrx_word' id='word_1_423' title='bbox 3168 4438 3531 4512; x_wconf 83' lang='lat' dir='ltr'><strong>Dominica</strong></span> <span class='ocrx_word' id='word_1_424' title='bbox 3585 4439 3811 4535; x_wconf 84' lang='lat' dir='ltr'><strong>proxi-</strong></span> 
     </span>
     <span class='ocr_line' id='line_1_40' title="bbox 530 4537 3810 4635; baseline 0.001 -25"><span class='ocrx_word' id='word_1_425' title='bbox 530 4560 637 4610; x_wconf 84' lang='lat' dir='ltr'><strong>ma</strong></span> <span class='ocrx_word' id='word_1_426' title='bbox 710 4547 867 4633; x_wconf 88' lang='lat' dir='ltr'><strong>post</strong></span> <span class='ocrx_word' id='word_1_427' title='bbox 929 4537 1179 4612; x_wconf 78' lang='lat' dir='ltr'><strong>festum</strong></span> <span class='ocrx_word' id='word_1_428' title='bbox 1256 4537 1437 4612; x_wconf 85' lang='lat' dir='ltr'><strong>beati</strong></span> <span class='ocrx_word' id='word_1_429' title='bbox 1503 4539 1789 4612; x_wconf 71' lang='lat' dir='ltr'><strong>Ioannis</strong></span> <span class='ocrx_word' id='word_1_430' title='bbox 1859 4548 2017 4612; x_wconf 89' lang='lat' dir='ltr'><strong>ante</strong></span> <span class='ocrx_word' id='word_1_431' title='bbox 2085 4548 2346 4635; x_wconf 86' lang='lat' dir='ltr'><strong>portam</strong></span> <span class='ocrx_word' id='word_1_432' title='bbox 2398 4538 2699 4612; x_wconf 82' lang='lat' dir='ltr'><strong>Latinam</strong></span> <span class='ocrx_word' id='word_1_433' title='bbox 2780 4541 2985 4616; x_wconf 86' lang='lat' dir='ltr'><strong>Auno</strong></span> <span class='ocrx_word' id='word_1_434' title='bbox 3040 4542 3312 4616; x_wconf 87' lang='lat' dir='ltr'><strong>Domini</strong></span> <span class='ocrx_word' id='word_1_435' title='bbox 3370 4541 3576 4615; x_wconf 80' lang='lat'>1489</span> <span class='ocrx_word' id='word_1_436' title='bbox 3634 4561 3810 4614; x_wconf 78' lang='lat' dir='ltr'><strong>ema-</strong></span> 
     </span>
     <span class='ocr_line' id='line_1_41' title="bbox 528 4642 3806 4739; baseline 0.001 -26"><span class='ocrx_word' id='word_1_437' title='bbox 528 4651 713 4732; x_wconf 71' lang='lat' dir='ltr'><strong>nata,</strong></span> <span class='ocrx_word' id='word_1_438' title='bbox 784 4663 913 4715; x_wconf 90' lang='lat' dir='ltr'><strong>nos</strong></span> <span class='ocrx_word' id='word_1_439' title='bbox 967 4652 1252 4717; x_wconf 87' lang='lat' dir='ltr'><strong>eatenus</strong></span> <span class='ocrx_word' id='word_1_440' title='bbox 1305 4642 1641 4718; x_wconf 86' lang='lat' dir='ltr'><strong>docebat:</strong></span> <span class='ocrx_word' id='word_1_441' title='bbox 1712 4642 2090 4738; x_wconf 85' lang='lat' dir='ltr'><strong>praefatum</strong></span> <span class='ocrx_word' id='word_1_442' title='bbox 2163 4643 2502 4739; x_wconf 79' lang='lat' dir='ltr'><strong>quondam</strong></span> <span class='ocrx_word' id='word_1_443' title='bbox 2570 4644 2930 4718; x_wconf 85' lang='lat' dir='ltr'><strong>Dominum</strong></span> <span class='ocrx_word' id='word_1_444' title='bbox 2978 4644 3296 4719; x_wconf 78' lang='lat' dir='ltr'><strong>Mathiam</strong></span> <span class='ocrx_word' id='word_1_445' title='bbox 3351 4645 3624 4739; x_wconf 84' lang='lat' dir='ltr'><strong>Regem</strong></span> <span class='ocrx_word' id='word_1_446' title='bbox 3692 4665 3806 4716; x_wconf 75' lang='lat' dir='ltr'><strong>non</strong></span> 
     </span>
     <span class='ocr_line' id='line_1_42' title="bbox 533 4744 3808 4844; baseline 0 -27"><span class='ocrx_word' id='word_1_447' title='bbox 533 4749 683 4818; x_wconf 89' lang='lat' dir='ltr'><strong>sine</strong></span> <span class='ocrx_word' id='word_1_448' title='bbox 737 4746 1159 4842; x_wconf 79' lang='lat' dir='ltr'><strong>displicentia</strong></span> <span class='ocrx_word' id='word_1_449' title='bbox 1207 4747 1680 4821; x_wconf 82' lang='lat' dir='ltr'><strong>intellexisse:</strong></span> <span class='ocrx_word' id='word_1_450' title='bbox 1761 4744 1957 4833; x_wconf 81' lang='lat' dir='ltr'><strong>Quod</strong></span> <span class='ocrx_word' id='word_1_451' title='bbox 2010 4748 2173 4820; x_wconf 89' lang='lat' dir='ltr'><strong>licet</strong></span> <span class='ocrx_word' id='word_1_452' title='bbox 2222 4750 2528 4823; x_wconf 82' lang='lat' dir='ltr'><strong>universi</strong></span> <span class='ocrx_word' id='word_1_453' title='bbox 2579 4758 2652 4821; x_wconf 83' lang='lat' dir='ltr'><strong>et</strong></span> <span class='ocrx_word' id='word_1_454' title='bbox 2703 4750 2950 4844; x_wconf 84' lang='lat' dir='ltr'><strong>singuli</strong></span> <span class='ocrx_word' id='word_1_455' title='bbox 2995 4749 3280 4824; x_wconf 90' lang='lat' dir='ltr'><strong>Nobiles</strong></span> <span class='ocrx_word' id='word_1_456' title='bbox 3320 4754 3516 4823; x_wconf 78' lang='lat' dir='ltr'><strong>unius</strong></span> <span class='ocrx_word' id='word_1_457' title='bbox 3557 4752 3808 4823; x_wconf 82' lang='lat' dir='ltr'><strong>sessio-</strong></span> 
     </span>
     <span class='ocr_line' id='line_1_43' title="bbox 530 4849 3807 4951; baseline 0 -28"><span class='ocrx_word' id='word_1_458' title='bbox 530 4852 638 4923; x_wconf 85' lang='lat' dir='ltr'><strong>nis</strong></span> <span class='ocrx_word' id='word_1_459' title='bbox 684 4853 753 4922; x_wconf 79' lang='lat' dir='ltr'><strong>in</strong></span> <span class='ocrx_word' id='word_1_460' title='bbox 787 4853 1204 4944; x_wconf 78' lang='lat' dir='ltr'><strong>pertinentiis</strong></span> <span class='ocrx_word' id='word_1_461' title='bbox 1259 4849 1481 4924; x_wconf 84' lang='lat' dir='ltr'><strong>Castri</strong></span> <span class='ocrx_word' id='word_1_462' title='bbox 1533 4854 1637 4926; x_wconf 88' lang='lat' dir='ltr'><strong>sui</strong></span> <span class='ocrx_word' id='word_1_463' title='bbox 1688 4849 1981 4923; x_wconf 83' lang='lat' dir='ltr'><strong>Kemlek</strong></span> <span class='ocrx_word' id='word_1_464' title='bbox 2032 4854 2373 4926; x_wconf 89' lang='lat' dir='ltr'><strong>constituti</strong></span> <span class='ocrx_word' id='word_1_465' title='bbox 2426 4862 2497 4926; x_wconf 87' lang='lat' dir='ltr'><strong>et</strong></span> <span class='ocrx_word' id='word_1_466' title='bbox 2550 4863 3051 4928; x_wconf 82' lang='lat' dir='ltr'><strong>commorantes</strong></span> <span class='ocrx_word' id='word_1_467' title='bbox 3107 4875 3382 4951; x_wconf 81' lang='lat' dir='ltr'><strong>semper</strong></span> <span class='ocrx_word' id='word_1_468' title='bbox 3430 4861 3503 4926; x_wconf 84' lang='lat' dir='ltr'><strong>et</strong></span> <span class='ocrx_word' id='word_1_469' title='bbox 3557 4854 3643 4926; x_wconf 78' lang='lat' dir='ltr'><strong>ab</strong></span> <span class='ocrx_word' id='word_1_470' title='bbox 3693 4873 3807 4924; x_wconf 79' lang='lat' dir='ltr'><strong>an-</strong></span> 
     </span>
     <span class='ocr_line' id='line_1_44' title="bbox 529 4953 3806 5051; baseline 0 -25"><span class='ocrx_word' id='word_1_471' title='bbox 529 4956 715 5048; x_wconf 87' lang='lat' dir='ltr'><strong>tiquo</strong></span> <span class='ocrx_word' id='word_1_472' title='bbox 767 4955 854 5028; x_wconf 82' lang='lat' dir='ltr'><strong>ad</strong></span> <span class='ocrx_word' id='word_1_473' title='bbox 901 4953 1065 5027; x_wconf 89' lang='lat' dir='ltr'><strong>illud</strong></span> <span class='ocrx_word' id='word_1_474' title='bbox 1114 4954 1431 5029; x_wconf 83' lang='lat' dir='ltr'><strong>Castrum</strong></span> <span class='ocrx_word' id='word_1_475' title='bbox 1481 4977 1675 5028; x_wconf 89' lang='lat' dir='ltr'><strong>suum</strong></span> <span class='ocrx_word' id='word_1_476' title='bbox 1726 4953 2016 5027; x_wconf 81' lang='lat' dir='ltr'><strong>Kemlek</strong></span> <span class='ocrx_word' id='word_1_477' title='bbox 2065 4958 2529 5050; x_wconf 66' lang='lat' dir='ltr'><strong>pertinuerint,</strong></span> <span class='ocrx_word' id='word_1_478' title='bbox 2592 4957 2843 5051; x_wconf 90' lang='lat' dir='ltr'><strong>illoque</strong></span> <span class='ocrx_word' id='word_1_479' title='bbox 2897 4958 3094 5031; x_wconf 88' lang='lat' dir='ltr'><strong>solita</strong></span> <span class='ocrx_word' id='word_1_480' title='bbox 3149 4961 3426 5032; x_wconf 84' lang='lat' dir='ltr'><strong>servitia</strong></span> <span class='ocrx_word' id='word_1_481' title='bbox 3484 4956 3719 5029; x_wconf 82' lang='lat' dir='ltr'><strong>facere</strong></span> <span class='ocrx_word' id='word_1_482' title='bbox 3749 4962 3806 5026; x_wconf 80' lang='lat' dir='ltr'><strong>et</strong></span> 
     </span>
     <span class='ocr_line' id='line_1_45' title="bbox 534 5057 3806 5156; baseline 0 -26"><span class='ocrx_word' id='word_1_483' title='bbox 534 5066 763 5130; x_wconf 88' lang='lat' dir='ltr'><strong>certos</strong></span> <span class='ocrx_word' id='word_1_484' title='bbox 813 5068 1188 5154; x_wconf 82' lang='lat' dir='ltr'><strong>proventos</strong></span> <span class='ocrx_word' id='word_1_485' title='bbox 1241 5059 1327 5132; x_wconf 89' lang='lat' dir='ltr'><strong>de</strong></span> <span class='ocrx_word' id='word_1_486' title='bbox 1378 5057 1606 5131; x_wconf 90' lang='lat' dir='ltr'><strong>medio</strong></span> <span class='ocrx_word' id='word_1_487' title='bbox 1656 5061 1958 5153; x_wconf 88' lang='lat' dir='ltr'><strong>ipsorum</strong></span> <span class='ocrx_word' id='word_1_488' title='bbox 2012 5057 2482 5133; x_wconf 87' lang='lat' dir='ltr'><strong>administrare</strong></span> <span class='ocrx_word' id='word_1_489' title='bbox 2525 5058 2804 5154; x_wconf 83' lang='lat' dir='ltr'><strong>obligati</strong></span> <span class='ocrx_word' id='word_1_490' title='bbox 2854 5058 3144 5152; x_wconf 74' lang='lat' dir='ltr'><strong>fuerint:</strong></span> <span class='ocrx_word' id='word_1_491' title='bbox 3210 5061 3313 5134; x_wconf 91' lang='lat' dir='ltr'><strong>Illi</strong></span> <span class='ocrx_word' id='word_1_492' title='bbox 3361 5071 3595 5134; x_wconf 85' lang='lat' dir='ltr'><strong>tamen</strong></span> <span class='ocrx_word' id='word_1_493' title='bbox 3630 5058 3806 5156; x_wconf 77' lang='lat' dir='ltr'><strong>paulo</strong></span> 
     </span>
     <span class='ocr_line' id='line_1_46' title="bbox 533 5160 3800 5261; baseline 0 -25"><span class='ocrx_word' id='word_1_494' title='bbox 533 5172 692 5236; x_wconf 83' lang='lat' dir='ltr'><strong>aute</strong></span> <span class='ocrx_word' id='word_1_495' title='bbox 724 5161 1139 5257; x_wconf 86' lang='lat' dir='ltr'><strong>temporibus</strong></span> <span class='ocrx_word' id='word_1_496' title='bbox 1173 5165 1554 5258; x_wconf 84' lang='lat' dir='ltr'><strong>praeteritis</strong></span> <span class='ocrx_word' id='word_1_497' title='bbox 1585 5164 1716 5258; x_wconf 89' lang='lat' dir='ltr'><strong>ipsi</strong></span> <span class='ocrx_word' id='word_1_498' title='bbox 1752 5161 1838 5235; x_wconf 81' lang='lat' dir='ltr'><strong>de</strong></span> <span class='ocrx_word' id='word_1_499' title='bbox 1873 5160 2000 5238; x_wconf 89' lang='lat' dir='ltr'><strong>sub</strong></span> <span class='ocrx_word' id='word_1_500' title='bbox 2033 5162 2513 5239; x_wconf 84' lang='lat' dir='ltr'><strong>Jurisdictione</strong></span> <span class='ocrx_word' id='word_1_501' title='bbox 2557 5162 2863 5238; x_wconf 87' lang='lat' dir='ltr'><strong>eiusdem</strong></span> <span class='ocrx_word' id='word_1_502' title='bbox 2901 5163 3123 5240; x_wconf 83' lang='lat' dir='ltr'><strong>Castri</strong></span> <span class='ocrx_word' id='word_1_503' title='bbox 3159 5187 3320 5240; x_wconf 87' lang='lat' dir='ltr'><strong>sese</strong></span> <span class='ocrx_word' id='word_1_504' title='bbox 3351 5168 3800 5261; x_wconf 78' lang='lat' dir='ltr'><strong>excepissent,</strong></span> 
     </span>
     <span class='ocr_line' id='line_1_47' title="bbox 533 5262 3801 5365; baseline 0.001 -30"><span class='ocrx_word' id='word_1_505' title='bbox 533 5262 915 5338; x_wconf 82' lang='lat' dir='ltr'><strong>huiusmodi</strong></span> <span class='ocrx_word' id='word_1_506' title='bbox 949 5268 1149 5339; x_wconf 87' lang='lat' dir='ltr'><strong>solita</strong></span> <span class='ocrx_word' id='word_1_507' title='bbox 1202 5270 1478 5341; x_wconf 84' lang='lat' dir='ltr'><strong>servitia</strong></span> <span class='ocrx_word' id='word_1_508' title='bbox 1517 5276 1588 5340; x_wconf 84' lang='lat' dir='ltr'><strong>et</strong></span> <span class='ocrx_word' id='word_1_509' title='bbox 1618 5276 1992 5361; x_wconf 74' lang='lat' dir='ltr'><strong>proventus</strong></span> <span class='ocrx_word' id='word_1_510' title='bbox 2028 5265 2265 5340; x_wconf 78' lang='lat' dir='ltr'><strong>facere</strong></span> <span class='ocrx_word' id='word_1_511' title='bbox 2302 5279 2372 5340; x_wconf 84' lang='lat' dir='ltr'><strong>et</strong></span> <span class='ocrx_word' id='word_1_512' title='bbox 2405 5267 2876 5341; x_wconf 74' lang='lat' dir='ltr'><strong>administrare</strong></span> <span class='ocrx_word' id='word_1_513' title='bbox 2911 5272 3046 5342; x_wconf 84' lang='lat' dir='ltr'><strong>iam</strong></span> <span class='ocrx_word' id='word_1_514' title='bbox 3081 5293 3124 5342; x_wconf 83' lang='lat' dir='ltr'><strong>a</strong></span> <span class='ocrx_word' id='word_1_515' title='bbox 3161 5273 3369 5343; x_wconf 86' lang='lat' dir='ltr'><strong>certis</strong></span> <span class='ocrx_word' id='word_1_516' title='bbox 3406 5265 3801 5365; x_wconf 76' lang='lat' dir='ltr'><strong>temporibus</strong></span> 
     </span>
     <span class='ocr_line' id='line_1_48' title="bbox 522 5368 3802 5464; baseline 0.002 -26"><span class='ocrx_word' id='word_1_517' title='bbox 522 5376 997 5455; x_wconf 65' lang='lat' dir='ltr'><strong>‚recusassent</strong></span> <span class='ocrx_word' id='word_1_518' title='bbox 1068 5368 1238 5454; x_wconf 82' lang='lat' dir='ltr'><strong>Quia</strong></span> <span class='ocrx_word' id='word_1_519' title='bbox 1290 5392 1464 5442; x_wconf 80' lang='lat' dir='ltr'><strong>vero</strong></span> <span class='ocrx_word' id='word_1_520' title='bbox 1517 5374 1667 5464; x_wconf 77' lang='lat' dir='ltr'><strong>ipse</strong></span> <span class='ocrx_word' id='word_1_521' title='bbox 1719 5368 2011 5446; x_wconf 62' lang='lat' dir='ltr'><strong>condem</strong></span> <span class='ocrx_word' id='word_1_522' title='bbox 2061 5369 2392 5448; x_wconf 83' lang='lat' dir='ltr'><strong>Dominus</strong></span> <span class='ocrx_word' id='word_1_523' title='bbox 2443 5369 2736 5448; x_wconf 69' lang='lat' dir='ltr'><strong>Mathias</strong></span> <span class='ocrx_word' id='word_1_524' title='bbox 2784 5370 2946 5447; x_wconf 84' lang='lat' dir='ltr'><strong>Rex</strong></span> <span class='ocrx_word' id='word_1_525' title='bbox 2997 5374 3182 5448; x_wconf 86' lang='lat' dir='ltr'><strong>nullo</strong></span> <span class='ocrx_word' id='word_1_526' title='bbox 3235 5374 3437 5448; x_wconf 83' lang='lat' dir='ltr'><strong>modo</strong></span> <span class='ocrx_word' id='word_1_527' title='bbox 3490 5374 3802 5447; x_wconf 71' lang='lat' dir='ltr'><strong>voluisset</strong></span> 
     </span>
    </p>
   </div>
  </div>
 </body>
</html>
