3950 5917
465 403 625 484 ¹02

461 613 718 688 aab·
769 613 1128 704 mnino
1180 608 1519 700 nendo,
1567 630 1941 704 regnorum
1993 617 2385 684 nostrorum
2436 607 2645 684 Auno
2687 607 3206 701 nunterston.
3258 606 3809 705 quadr-gesimo

466 717 755 810 quinto,
783 712 1248 787 non-nomm
1299 716 1642 807 uigeat-o
1693 715 1912 808 primo
1965 722 2039 785 et
2086 711 2423 786 Bobemie
2474 710 2904 790 duodecino.

1510 937 2685 1048 flammam-‘tammo

466 1150 1854 1224 ou..nmuv·nqncmrav.nns.
2398 1083 2413 1094 κ

1816 1738 2426 1824 cxxxlv.

1865 2029 2074 2099 Anao
2144 2025 2378 2099 1434.

461 2287 955 2392 Edictum,
1038 2313 1080 2367 a
1165 2287 1812 2393 sigismundo
1889 2285 2169 2392 Rege
2232 2309 2477 2366 anno
2541 2284 2779 2368 1434
2856 2285 3211 2390 datum,
3288 2283 3797 2365 detribu-

456 2430 587 2507 tis
681 2426 1256 2532 exigendis,
1359 2426 2026 2530 militibusque
2119 2434 2454 2504 contra
2546 2421 3136 2504 Haereticos
3229 2434 3323 2503 et
3411 2419 3791 2503 Turcas

462 2562 988 2669 cogendis,
1060 2568 1154 2643 in
1230 2586 1416 2667 quo
1465 2564 1722 2669 juris
1783 2564 2183 2643 liberae
2246 2563 2794 2642 electionis
2866 2537 3791 2667 Regni'Capitanei

1475 2703 1769 2804 prima
1844 2707 2201 2780 mentio
2305 2703 2764 2780 occurrit.
3048 2702 3056 2716 '

2091 2967 2465 3032 Commissio
2503 2969 2782 3050 propria
2826 2965 3088 3030 Domini
3135 2968 3572 3045 Imperatoris.

769 3175 1286 3270 sigismundus,
1358 3177 1491 3251 Dei
1570 3182 1786 3272 gratia
1867 3176 2335 3252 Romanorum
2406 3177 2785 3274 Imperator
2860 3199 3138 3273 semper
3211 3177 3570 3272 Augustus
3590 3228 3617 3265 ,
3696 3199 3789 3247 ac

455 3278 833 3374 Huugarie,
912 3279 1270 3372 Bohemie,
1321 3279 1702 3370 Dalmacie,
1776 3279 2067 3354 Croucie
2121 3291 2253 3356 etc.
2306 3279 2490 3370 Rex,
2569 3280 2885 3357 fidelibus
2953 3283 3209 3355 nostris
3248 3283 3459 3373 'grate
3511 3280 3784 3354 dilectis

457 3384 806 3458 vniversis
857 3392 931 3455 et
980 3385 1267 3478 singulis
1338 3383 1745 3475 Beronibus,
1817 3383 2171 3458 Nobilibus
2242 3394 2313 3458 et
2365 3384 2713 3480 quibusnis
2784 3387 3324 3479 possessionatis
3392 3380 3789 3457 hominibus

454 3489 654 3580 regni
704 3489 923 3563 nostri
971 3486 1343 3560 Sclauonie
1394 3490 1466 3561 in
1519 3486 1857 3561 Comitatu
1886 3486 2217 3560 Crisiensi
2270 3491 2651 3561 constitutis
2706 3498 2778 3562 et
2829 3485 3430 3576 commorantibus,
3485 3487 3773 3561 salutem

456 3598 527 3662 et
577 3592 886 3683 gratiam.
994 3588 1167 3676 Quis
1240 3588 1529 3663 Sacrum
1581 3591 1966 3665 Basilicnse
2040 3588 2415 3664 Concilium
2472 3590 2559 3668 ad
2613 3592 3173 3687 exstirpationem
3229 3600 3302 3662 et
3352 3589 3783 3663 destructio-

455 3714 610 3765 nem
674 3690 1133 3766 hereticorum
1176 3692 1605 3767 Hussiturum
1659 3692 1747 3765 de
1781 3715 2003 3787 reguo
2048 3703 2285 3768 nostro
2329 3692 2659 3767 Bohemie
2714 3695 3117 3790 specialiter·
3157 3692 3547 3782 intendens,
3601 3695 3778 3765 inter

458 3804 730 3870 ceteras
783 3794 1107 3890 prouidas
1157 3796 1637 3889 ,ordinationes
1685 3818 1811 3892 pro
1866 3795 2250 3869 huiusmodi
2322 3797 2577 3872 salubri
2646 3800 2928 3891 negotio
3001 3796 3293 3870 feliciter
3362 3795 3783 3892 exequendo

454 3901 685 3970 statuit
751 3907 824 3970 et
876 3899 1235 3990 conclusit,
1317 3909 1394 3973 vt
1460 3921 1587 3994 per
1655 3909 1863 3972 totam
1937 3897 2509 3973 christianitatem
2585 3899 3054 3988 semidecime,
3133 3899 3203 3973 id
3255 3909 3364 3973 est
3430 3901 3779 3993 vigesima

456 4021 616 4095 pars
667 3998 1110 4091 decimarum,
1167 4013 1236 4074 et
1263 4003 1573 4077 similiter
1625 4006 1922 4075 omnium
1979 4004 2262 4088 aliorum
2318 4013 2661 4076 certorum
2714 4013 3168 4099 prouentunm
3219 4002 3636 4091 annualium,
3688 4000 3781 4075 ab

453 4106 640 4177 omni
673 4103 892 4193 clero,
948 4108 1252 4180 cuiusuis
1305 4104 1561 4179 ordinis
1601 4116 1671 4178 et
1705 4105 2037 4180 libertatis
2088 4110 2366 4196 existat,
2422 4116 2559 4179 tam
2597 4116 2949 4202 exempto,
3003 4128 3206 4201 quum
3242 4128 3381 4179 non
3419 4116 3781 4201 exempto,

453 4205 539 4280 ub
593 4209 939 4281 vniuersis
990 4229 1162 4281 uero
1216 4206 1666 4304 Principibus,
1723 4203 2128 4301 Comitibus,
2181 4208 2590 4296 Bal-onibus,
2643 4207 3071 4305 proceribus,
3127 4208 3471 4299 militibus,
3545 4209 3775 4282 clien-

451 4309 1000 4400 tibus„ciuibus,
1057 4313 1353 4397 ciuissis,
1407 4309 1879 4400 familiaribus,
1935 4315 2319 4407 mancipiis,
2373 4311 2689 4384 diuitibus
2743 4323 2817 4385 et
2857 4309 3294 4410 pauperibus,
3350 4316 3463 4407 qui
3500 4334 3769 4386 annua-

449 4414 554 4486 les
607 4423 983 4508 prouentus
1029 4423 1098 4488 et
1132 4435 1386 4487 census
1440 4413 1715 4503 babent,
1772 4418 1920 4489 siue
1973 4416 2151 4488 tales
2202 4424 2577 4511 prouentus
2630 4420 2931 4490 existant
2979 4419 3051 4488 in
3089 4424 3395 4512 prompta
3450 4418 3777 4511 pecunia..

450 4520 600 4589 sine
654 4518 720 4589 in
777 4519 968 4605 vino,
1041 4515 1270 4606 blado,
1353 4517 1468 4590 vel
1541 4518 1692 4593 aliis
1763 4518 2277 4615 quibuscunque
2345 4518 2583 4608 rebus,
2655 4523 2958 4593 estimari
3027 4529 3097 4592 et
3166 4522 3463 4613 preciari
3532 4521 3777 4615 possi-

450 4616 719 4708 bilibus,
776 4622 1336 4714 quinquagesima
1389 4643 1548 4717 pars
1623 4643 1747 4695 seu
1804 4622 2392 4717 quinquagesima,
2465 4620 2785 4698 denarius
2855 4632 3089 4717 vtputa
3145 4620 3232 4694 de
3288 4624 3762 4717 quinquaginta

447 4720 729 4796 florenis
780 4744 986 4812 vnus,
1042 4723 1129 4796 de
1166 4725 1316 4797 aliis
1359 4746 1535 4798 vero
1587 4723 1795 4798 rebus
1849 4723 2211 4800 mobilibus
2265 4728 2334 4799 in
2386 4735 2699 4824 prompto
2751 4728 3097 4822 repositis,
3159 4733 3392 4821 vtputa
3447 4725 3767 4798 Thesau-

447 4828 543 4899 ris
597 4836 714 4900 aut
755 4828 1063 4922 pecuniis
1101 4826 1187 4899 ad
1224 4826 1450 4900 debita
1503 4831 1848 4914 mutuatis,
1904 4827 1992 4900 ad
2033 4828 2344 4901 valorem
2397 4832 2645 4902 iustum
2699 4832 3055 4918 estimatis,
3109 4828 3197 4901 de
3250 4829 3435 4900 mille
3490 4826 3777 4901 florenis

446 4949 653 5018 vnus,
709 4941 824 5002 aut
874 4928 992 5001 vbi
1043 4930 1226 5002 mille
1281 4928 1525 5003 floreni
1596 4935 1815 5005 minus
1869 4932 1989 5004 vel
2040 4934 2260 5024 magis
2332 4935 2739 5019 existerent,
2820 4930 3196 5006 secundum
3269 4935 3765 5005 estimationem

446 5031 971 5124 condecentem,
1025 5036 1338 5128 exceptis
1390 5043 1620 5106 tamen
1674 5039 1895 5129 equis,
1968 5038 2178 5108 armis
2232 5044 2302 5107 et
2353 5034 2437 5106 ad
2496 5058 2580 5108 ea
2636 5034 3098 5130 spectantibus
3150 5038 3583 5127 argenteriis,
3639 5056 3773 5107 or-

448 5134 716 5209 natibus
769 5145 839 5206 et
892 5134 1230 5227 vestibus,
1309 5158 1442 5233 que
1497 5136 1583 5209 ad
1636 5159 1973 5232 personas
2044 5159 2283 5210 eorum
2337 5148 2685 5233 spectant,
2755 5142 2916 5212 item
2983 5161 3022 5210 a
3078 5137 3375 5234 qualibet
3445 5157 3771 5234 persona,

449 5239 675 5312 nullos
730 5247 959 5312 certos
1011 5249 1383 5334 prouentus
1436 5238 1758 5331 habente,
1812 5262 1944 5317 sex
1980 5238 2241 5314 denarii
2292 5241 2575 5315 vsuales
2630 5246 3029 5337 exigantur:
3087 5241 3172 5314 ad
3209 5237 3769 5336 congregandum

443 5350 521 5412 et
573 5340 1111 5435 stipendiandum
1169 5352 1415 5434 gentes
1470 5355 1768 5416 armatas
1821 5354 1892 5415 et
1944 5343 2029 5414 ad
2086 5345 2217 5417 aliu
2273 5355 2647 5441 opportuna
2701 5345 3004 5419 remedia
3061 5344 3480 5437 destruendi,
3535 5343 3758 5415 elimi-
