3950 5917
3283 399 3435 506 4'5'7

104 659 213 727 nis
268 677 436 727 suae
494 649 814 725 ambitum
897 647 1233 747 publicam
1285 646 1601 720 reddere.
1706 646 1955 718 Datum
2013 669 2106 715 ecc
2162 642 2470 715 Consilio
2541 651 2612 713 iu
2669 643 2938 738 Regma
2998 632 3442 726 Dalmatiae„

106 760 451 829 Creatz‘ae
523 765 592 827 et
645 756 1039 828 Slaeom‘ae
1109 752 1333 846 Regio
1401 748 1786 843 Zagrabiae
1856 749 1987 820 Die
2070 745 2371 820 secunda
2429 743 2744 819 Octobris
2799 742 3006 817 Anno
3080 743 3441 817 millesimo

105 862 723 955 septingentesimo
804 859 1313 953 septuagesimo
1387 863 1587 929 sexto
1644 850 2017 924 celebrato.

797 1087 1220 1159 Praettarum
1293 1084 1377 1156 D.
1432 1083 1833 1196 vestrarum
1908 1080 1994 1151 ad
2056 1079 2281 1151 officia
2337 1078 2754 1152 Paratissimi

1665 1310 2075 1383 Alexander
2126 1307 2420 1381 Michael
2476 1307 2549 1380 L.
2603 1308 2680 1381 B.
2734 1306 3078 1383 Malcnicb
3130 1329 3219 1379 m.
3274 1329 3339 1403 p.

1924 1541 2235 1613 Joannes
2284 1537 2787 1612 Micbalkovieb
2844 1561 2930 1614 m.
2985 1561 3053 1634 p.

105 1827 248 1897 orig.
287 1829 341 1879 iu
380 1826 610 1878 Arcbivo
656 1825 827 1895 Regni
868 1825 1107 1878 croatiae
1143 1824 1278 1875 inter
1309 1821 1441 1875 Acta
1477 1819 1688 1873 Consilii
1725 1817 1964 1873 Croatici.
2004 1820 2067 1872 Α.
2099 1819 2251 1872 1776.
2287 1818 2347 1871 Ν.
2385 1819 2472 1871 29.

1545 2473 2021 2556 colax.

5 2563 13 2868 l
948 2787 1160 2857 Anno
1222 2785 1460 2888 1777.
1523 2788 1638 2859 die
1694 2786 1823 2856 29.
1890 2791 2214 2883 Anqusli.
2280 2786 2607 2862 Viennae.

6 3045 7 3110 ῐ
108 3047 750 3151 Rescriptum
829 3045 1248 3152 Regium
1311 3047 1519 3127 ddo.
1583 3046 1666 3126 9.
1730 3046 2172 3151 Augusti
2242 3046 2533 3152 1777„
2597 3072 2781 3150 quo
2848 3049 3450 3154 disponitur,

110 3196 205 3263 ut
297 3210 627 3264 omnes
725 3183 1113 3264 Causae
1207 3184 1600 3264 Civiles
1694 3182 2048 3288 Regno
2114 3182 2584 3263 Croatiae
2678 3186 3239 3265 immediate
3304 3191 3445 3262 in-

112 3333 721 3426 corporatae
812 3320 1106 3400 Urbis
1189 3319 1674 3400 Fluminis
1738 3345 1777 3399 a
1843 3320 2101 3401 Foro
2162 3319 2614 3399 Judicum
2710 3321 3005 3401 Urbis
3100 3323 3209 3399 ad
3275 3319 3447 3400 Ta-

429 3459 745 3538 bulam
809 3459 1272 3538 Banalem
1315 3462 1473 3537 via
1538 3458 2268 3563 appellationis
2334 3472 3131 3560 promoveantur.
3315 3465 3319 3469 ’

106 3753 332 3826 Maria
414 3752 746 3827 Theresia
827 3754 959 3826 Dei
1042 3751 1269 3826 Gratia
1351 3753 1815 3826 Romanorum
1896 3754 2301 3851 Imperatrix
2365 3754 2617 3846 Vidua,
2700 3697 3126 3849 Hungariae.
3207 3725 3449 3830 Bohess-

104 3862 329 3948 miae.
405 3855 812 3948 Dalmatiae,
895 3853 1241 3946 Croatiae‚
1325 3857 2218 4034 SclavogitirzzggueoeoRegina
2291 3858 2723 3954 Apostolum,
2804 3859 3236 3931 Archi-Dux
3290 3858 3451 3931 Au-

431 4216 860 4313 Spectabiles
931 4238 1015 4289 ac
1065 4216 1439 4310 Magnifici.,
1509 4215 1968 4289 Honorabiles
2042 4220 2204 4289 item
2278 4227 2348 4289 et
2397 4217 2709 4311 Egregii‚
2763 4218 3040 4292 Fideles
3078 4218 3276 4292 nobis
3331 4218 3447 4292 di·-

100 4324 301 4395 lecti.
390 4320 480 4392 Ut
532 4318 788 4395 Cursus
860 4323 1166 4413 justitiae
1236 4329 1553 4417 quantum
1610 4319 1695 4391 ad
1750 4323 2171 4394 revisionem
2238 4319 2612 4395 Causarum
2683 4321 2994 4394 Flumine
3067 4322 3451 4419 appellata-

102 4448 266 4499 rum
348 4427 591 4496 iterum
644 4433 1170 4512 restauraretur,
1247 4446 1332 4495 ac
1408 4426 1476 4496 in
1549 4421 1878 4496 moderna
1933 4427 2137 4496 etiam
2207 4428 2312 4497 rei
2364 4424 2821 4521 providentia,
2903 4447 3026 4500 scu
3087 4435 3446 4521 postquam

110 4528 309 4602 Urbs
363 4529 824 4599 Fluminenses
879 4550 1011 4619 per
1063 4534 1181 4596 ειη·
1228 4528 1480 4622 Reqno
1536 4528 1876 4600 Croalt'ae
1938 4529 2406 4600 ammedialam
2463 4536 3132 4620 incorporationem,
3189 4551 3443 4601 nexum

100 4642 510 4706 nostrorum
566 4631 963 4722 Regnorum
1035 4629 1641 4702 haereditariorum
1712 4630 2244 4724 hungaricorum
2322 4635 2636 4724 ingressa
2701 4642 2834 4722 est,
2918 4643 3106 4704 certa
3177 4637 3442 4705 ratione

101 4738 595 4825 constituatur,
648 4732 913 4806 reflexe
967 4736 1129 4804 item
1184 4733 1270 4806 ad
1323 4734 1418 4823 id,
1471 4733 1653 4828 quod
1708 4737 1775 4806 in
1815 4734 2106 4810 Casibus
2160 4757 2283 4830 pro
2339 4733 2578 4829 quibus
2625 4735 2898 4826 judices
2955 4759 3041 4806 ac
3081 4735 3258 4807 Fora
3308 4736 3445 4808 de-

96 4841 476 4911 terminata
544 4859 685 4909 non
757 4847 936 4922 sunt,
1009 4834 1272 4908 Judicia
1347 4841 1765 4910 constituere
1835 4838 2035 4909 ductu
2110 4837 2540 4930 etiamRegni
2592 4838 2989 4930 Hungariae
3043 4839 3301 4932 Legum
3356 4836 3444 4910 ad

6 4981 7 5002 ι
98 4952 423 5015 nostram
478 4944 770 5036 pertinet
820 4939 1275 5031 majestatem.
1348 4943 1415 5012 in
1471 4939 1710 5012 ordine
1764 4940 1850 5011 ad
1907 4939 2173 5013 Causas
2228 4937 2486 5014 Civiles
2542 4964 2635 5012 ex
2686 4941 2871 5014 Foro
2928 4940 3247 5015 Judicum
3302 4939 3448 5013 Ur-

98 5048 222 5117 bis
277 5044 732 5118 Fluminensis
787 5043 1252 5139 Appellabiles
1336 5043 1629 5132 benigne
1699 5046 1921 5114 visum
2002 5053 2110 5115 est
2181 5042 2377 5116 nobis
2457 5046 2844 5136 resolvere.
2928 5055 3002 5116 ut
3082 5046 3443 5141 appellatio

94 5151 419 5221 omnium
491 5147 830 5239 ejusmodi
911 5146 1283 5219 Causarum
1340 5168 1379 5217 a
1434 5145 1615 5216 Foro
1686 5146 2003 5217 Judicum
2058 5145 2259 5219 Urbis
2333 5147 2661 5238 dirigatur
2739 5148 2825 5220 ad
2899 5147 3242 5244 publicum
3295 5147 3439 5220 Ur-

98 5253 221 5325 bis
279 5249 680 5339 Consilium„
756 5248 880 5322 Cui
935 5249 1019 5322 ad
1075 5252 1531 5344 integritatem
1580 5246 1828 5321 Judicii
1882 5258 2159 5346 praeter
2207 5248 2605 5322 Praesidem
2660 5249 3240 5344 Gubernatorem,
3316 5272 3443 5323 seu

6 5399 7 5416 κ
100 5355 563 5451 capitaneum
632 5356 750 5427 vel
819 5355 970 5444 ejus
1040 5357 1238 5429 vices
1308 5361 1661 5447 gerentem
1735 5360 1806 5424 et
1871 5356 2231 5444 vicarium,
2313 5357 2758 5428 secretarium
2849 5358 3041 5444 item,
3124 5366 3194 5428 et
3247 5350 3440 5427 Gan-

6 5419 11 5570 ,
327 5488 479 5555 (Pan
513 5487 552 5540 1.
588 5488 761 5541 Privil.
799 5496 859 5596 et⁸
886 5486 1105 5554 Libert.)
2932 5457 3035 5530 58
