3950 5917
3320 454 3474 533 277

160 657 405 731 Visun
456 660 685 754 itaque
734 656 953 733 Nobis
1004 663 1140 750 est,
1186 668 1257 732 ut
1305 667 1377 733 te
1430 658 1520 732 ob
1573 682 1728 732 eam
1776 660 2304 735 familiaritatem
2356 673 2429 736 et
2479 666 2868 754 amicitiam,
2922 686 3099 763 quae
3148 664 3267 740 tibi
3319 687 3476 739 cum

154 763 297 836 fflis
362 762 765 853 intercedit,
854 762 943 836 ad
1020 784 1148 837 eos
1226 765 1645 837 mitteremus
1665 817 1688 852 ,
1770 765 2092 858 adjuncto
2113 818 2136 855 ,
2232 770 2292 839 si
2365 766 2483 839 tibi
2561 768 2953 860 videretur,
3035 770 3475 865 sigismundo

155 864 433 961 Banl'y,
513 868 629 962 qui
695 867 858 939 Rem
910 862 1180 940 Creatis
1228 876 1469 961 gratus
1518 888 1682 943 esse
1752 868 2017 943 dicitur.
2120 870 2488 944 Hortamur
2536 876 2767 968 itaque
2817 883 2913 962 te,
2990 882 3065 946 ut
3117 874 3268 948 aliis
3321 896 3474 947 cum

152 970 516 1067 prudannfa
576 967 854 1044 labores
906 979 983 1043 et
1029 970 1435 1061 contendas,
1504 993 1639 1045 una
1695 993 1847 1046 eum
1899 974 2252 1070 praedicte
2306 974 2744 1070 sigismundo
2799 976 3068 1075 Banffy,
3139 1000 3231 1051 ne
3300 1000 3477 1073 gra-

154 1083 415 1147 ventur
462 1072 995 1166 Regnicolarum
1045 1084 1438 1150 mmmm
1488 1072 1924 1151 omentum
1975 1088 2374 1174 expectare,
2429 1102 2631 1176 quem
2676 1085 2880 1154 etiam
2918 1084 2977 1156 si
3016 1081 3245 1155 nullae
3297 1082 3477 1154 aliae

31 1200 34 1245 ι
152 1200 422 1251 causae
474 1199 604 1251 nes
657 1186 1044 1268 moverent,
1114 1181 1291 1252 intra
1344 1177 1563 1254 breve
1614 1184 1949 1278 temporis
2003 1187 2290 1279 spatium
2343 1184 2462 1255 vel
2512 1187 2584 1257 in
2636 1184 2772 1256 hoc
2814 1190 2966 1281 ipso
3021 1187 3475 1283 carnisprivio

152 1279 684 1355 celebrabimus.
753 1281 1077 1358 Mittimus
1130 1281 1220 1355 ad
1269 1292 1339 1356 te
1390 1282 1939 1377 Instructionem,
1996 1307 2090 1359 ex
2138 1310 2270 1383 qua
2323 1290 2668 1383 copiosius
2720 1290 3090 1384 iutelligeS,
3147 1310 3282 1386 quo
3317 1312 3476 1363 nam

152 1384 372 1458 nodo
428 1407 583 1457 cnm
618 1388 723 1459 eis
776 1388 866 1460 sit
897 1385 1347 1476 mehndum,
1448 1386 1618 1461 Illud
1671 1397 1898 1462 autem
1947 1398 2068 1462 tuo
2114 1394 2558 1486 permittimus
2612 1391 2914 1482 arbitrio,
2965 1402 3186 1465 utrum
3239 1391 3476 1488 Sigis-

158 1489 456 1561 mundus
507 1487 751 1587 Banffy
802 1492 892 1563 sit
941 1489 1100 1563 huic
1149 1491 1475 1585 legationi
1531 1514 1764 1565 secum
1820 1491 2287 1569 adhibendus:
2351 1505 2422 1567 et
2473 1495 2561 1569 ob
2617 1519 2769 1569 eam
2824 1519 3103 1572 causam
3175 1497 3479 1594 duplices

31 1634 32 1705 1
152 1593 564 1667 credentiae
613 1594 876 1668 litteras
929 1592 1019 1667 ad
1053 1603 1124 1669 te
1175 1598 1509 1686 misimus,
1562 1619 1847 1691 quarum
1898 1598 2154 1672 alteras
2205 1603 2276 1671 in
2322 1600 2536 1674 solius
2590 1605 2684 1672 tui
2734 1623 3102 1697 personam
3157 1599 3480 1676 scriben-

156 1697 290 1769 das
348 1700 765 1772 curavimus.
854 1696 1069 1785 Quod
1123 1701 1184 1772 si
1234 1699 1530 1772 eundem
1583 1699 1713 1773 sibi
1765 1701 2268 1796 adjungendum
2319 1706 2701 1795 existimas,
2772 1708 2960 1778 mitte
3014 1708 3237 1779 statim
3287 1706 3481 1778 litte-

158 1823 279 1873 ras
345 1811 625 1876 nostras
693 1801 781 1875 ad
836 1824 995 1874 eum
1047 1802 1454 1898 descriptas,
1526 1814 1599 1876 ut
1657 1814 1883 1877 tecum
1950 1806 2131 1881 istud
2199 1806 2499 1880 officium
2567 1809 2932 1902 legationis
2986 1809 3177 1883 obire
3229 1809 3481 1884 valeat.

154 1904 367 1978 Mora
420 1908 643 1979 omnis
694 1907 765 1978 in
810 1905 946 1978 hoc
994 1909 1278 2000 negotio
1330 1917 1442 1981 est
1492 1908 1922 2006 amputanda,
1979 1932 2239 1984 summa
2291 1932 2468 1984 vero
2521 1911 2900 1986 adhibenda
2955 1913 3344 2007 diligentia3
3394 1935 3484 1986 ne

156 2009 331 2080 illud
399 2007 715 2100 Regnum
786 2032 967 2105 pene
1036 2010 1369 2106 perditum
1423 2012 1812 2107 perdamus.
1917 2013 2164 2085 Datum
2240 2013 2476 2089 Budae
2537 2014 2710 2089 feria
2784 2018 2854 2088 6.
2923 2021 3234 2113 proxima
3299 2016 3482 2114 post.

160 2113 427 2186 festum
478 2112 557 2184 Β.
611 2113 866 2186 Luciae
919 2112 1246 2208 Virginis.
1367 2115 1572 2190 Anno
1642 2114 1917 2190 Domini
1992 2116 2215 2192 1525.

376 2318 768 2421 Ludovicus
823 2320 981 2393 Rex
1034 2344 1123 2393 m.
1178 2344 1241 2416 p.

1666 2551 1719 2613 Δ
1765 2561 1938 2631 ter-90
1966 2578 1989 2612 .-

29 2426 41 2981 ἱ
483 2741 854 2837 Magnifico
907 2744 1287 2818 Francisco
1329 2744 1429 2816 de
1481 2741 1844 2840 Battbyan,
1898 2743 2296 2839 Regnorum
2351 2757 2738 2823 nostrorum
2789 2747 3198 2840 Dalmatiae,
3259 2749 3491 2824 Oroa-

158 2851 307 2921 tiae
359 2857 435 2920 et
483 2846 817 2922 Slavonie
867 2847 1088 2940 Bano,
1141 2845 1327 2922 fideli
1381 2845 1579 2920 nobis
1633 2847 1906 2921 dilecto.
3176 2881 3180 2888 ·

31 2998 34 3043 i

162 3101 437 3172 Originale
470 3102 528 3155 in
562 3100 793 3156 Atcbivo
830 3101 1221 3156 Komendiensi
1260 3101 1445 3155 illustr.
1481 3099 1731 3171 Principia
1767 3102 1833 3155 de
1870 3103 2142 3172 Batthyan.

1650 3711 2027 3795 cxcl.

1053 4001 1262 4072 Anno
1323 3996 1561 4071 1530.
1616 4001 1732 4070 die
1790 3999 1912 4070 17.
1972 4003 2245 4071 Martii.
2306 4005 2619 4097 Praqae.

169 4261 862 4343 Ferdinandus
957 4262 1159 4343 Rex
1250 4263 2111 4343 Locumtenentem
2205 4264 2434 4343 Bani
2532 4264 2646 4344 de
2739 4270 2924 4371 iis,
3043 4291 3293 4370 quae
3385 4266 3497 4346 ad

176 4400 668 4482 Oroatiam
762 4412 1373 4505 caeteraque
1475 4426 1642 4481 sua
1734 4427 2044 4508 regna
2141 4402 2876 4483 defendenda
2978 4409 3497 4512 suscepit,

1648 4541 2033 4622 edoceh

31 4846 34 4941 p
174 4812 674 4900 Ferdinandus,
745 4811 874 4886 Dei
927 4816 1161 4908 gracia
1214 4811 1590 4906 Huugarie,
1645 4811 2003 4887 Bohemie.
2075 4812 2454 4905 Dalmacie,
2510 4817 2636 4889 (tc.
2690 4814 2873 4906 Rex,
2943 4815 3180 4890 Infans
3233 4816 3498 4913 Hispa-

31 4950 32 4993 }
175 4921 466 5008 uiarum,
545 4916 902 4991 Archidux
968 4917 1277 5007 Austris,
1348 4916 1510 4989 Dux
1580 4916 1993 5092 B'pfgwpldigc
2022 4920 2150 4990 dcc.
2173 4971 2198 5008 ,
2266 4917 2573 4992 Marchio
2643 4918 2957 4993 Morauie
3010 4925 3137 4994 dcc.
3244 4918 3500 4997 Comes

1680 5043 1784 5093 1ro
1812 5043 1871 5093 is
1994 5043 2054 5092 c.

488 5226 927 5314 Reuerende,
1001 5227 1277 5317 deuote,
1350 5226 1646 5301 dilecte!
1753 5227 2171 5323 Accepimus
2247 5231 2478 5305 literas
2532 5242 2807 5307 vestras
2859 5232 2949 5306 de
2999 5232 3311 5329 profesto
3364 5231 3504 5307 diui

31 5338 32 5349 ’
175 5329 433 5406 llatbie
486 5331 827 5429 Apostoli,
882 5332 1141 5420 Quibus
1196 5329 1462 5404 abunde
1516 5336 1994 5424 cognouimus,
2048 5355 2182 5430 que
2234 5332 2323 5407 de
2377 5337 2750 5408 nouissima
2796 5336 3219 5411 Tburcorum
3261 5337 3503 5436 Irrup—

29 5356 39 5891 Ι
178 5439 381 5513 cione
438 5439 510 5510 in
544 5436 767 5532 Regni
822 5440 1039 5511 nostri
1076 5435 1365 5509 Croacie
1419 5446 1647 5531 partes
1701 5434 1885 5510 facta
1939 5439 2353 5534 scripsistis;
2407 5438 2495 5512 de
2542 5462 2673 5536 qua
2710 5461 2849 5514 non
2892 5463 3127 5539 parum
3167 5440 3503 5520 dolemus.
