3950 5917
525 369 682 463 ΜΒ

526 597 828 670 maiores
882 596 1098 670 vestri
1153 592 1444 670 debitam
1499 617 1775 692 semper
1817 595 2018 672 fidem
2074 618 2229 671 cum
2284 599 2469 672 omui
2517 598 2907 695 integritate
2974 599 3188 674 instar
3253 599 3536 674 aliorum
3583 621 3789 676 mem-
3898 651 3899 682 ³

525 696 802 773 brorum
854 697 1052 773 huius
1106 696 1331 796 Regni
1381 701 1933 774 constantissime
2010 700 2457 792 obseruastis,
2524 703 2616 775 ita
2670 701 2871 778 nobis
2940 724 3208 800 quoquc
3260 712 3333 776 et
3382 703 3593 779 Sacra
3653 704 3791 779 buic

526 801 802 878 Corone
869 803 1093 880 solido
1147 813 1218 877 et
1267 801 1463 877 firmo
1536 806 1761 877 animo
1833 802 2209 879 obseruare
2274 806 2544 895 velitis3
2615 816 2686 878 et
2755 808 3089 902 quamuis,
3142 816 3216 880 vt
3267 807 3706 903 intelligimus,
3753 833 3790 883 a

524 918 760 982 nostra
838 906 1240 982 obediencia
1297 916 1368 979 et
1418 915 1688 981 vetusta
1743 907 1855 981 illa
1908 918 2145 983 vestra
2216 906 2351 983 fide
2420 910 2724 983 nonnulli
2789 932 2925 985 vos
2992 918 3308 985 auertere
3388 933 3792 1009 auocareque

525 1020 887 1105 conentur,
953 1022 1183 1086 tamen
1252 1032 1580 1107 rogamus
1633 1031 1765 1086 vos
1819 1021 1889 1085 et
1939 1014 2345 1110 requirimus
2412 1034 2859 1110 magnopere,
2908 1023 2983 1086 ut
3029 1011 3276 1088 talibus
3346 1014 3795 1089 seductoribus

524 1115 595 1189 et
647 1113 1129 1191 susurronibus
1200 1114 1444 1189 faciles
1498 1135 1702 1188 aures
1751 1137 1888 1190 non
1941 1114 2311 1213 prebeatis,
2382 1116 2586 1220 facile
2640 1121 2842 1191 etiam
2895 1115 3099 1192 fidem
3152 1118 3479 1192 maiorum
3532 1129 3797 1193 vestro-

521 1242 699 1309 rum,
755 1212 868 1292 a‘d·
890 1240 1028 1293 vos
1081 1221 1231 1293 iure
1283 1222 1750 1293 successionis
1803 1218 2217 1310 deuolutam,
2286 1220 2512 1319 aliquo
2582 1242 2764 1296 neue
2836 1224 2986 1295 siue
3056 1222 3320 1295 macula
3402 1225 3796 1319 coinquinari

521 1345 661 1397 non
714 1325 1094 1419 paciamini.
1193 1322 1341 1397 Nos
1395 1320 1726 1420 siquidem
1780 1323 2112 1398 habemus
2164 1333 2354 1399 certe
2405 1346 2544 1397 non
2576 1324 3012 1399 ‘mediocrem
3066 1329 3414 1399 racionem
3466 1327 3796 1423 periculo—

521 1450 674 1500 rum
725 1437 1116 1501 vesu-orum
1167 1436 1240 1500 et
1290 1435 1764 1524 susceptorum
1816 1427 2289 1524 dampnorum,
2343 1439 2416 1503 et
2446 1427 2759 1525 profecto
2811 1428 2944 1502 Dei
2998 1450 3279 1504 munere
3331 1429 3420 1503 de
3470 1452 3792 1522 necessa·-

524 1531 647 1607 riis
701 1531 973 1605 auxiliis
1025 1532 1296 1605 iamiam
1363 1528 1892 1629 prouidebimus,
1966 1554 2098 1605 nec
2150 1533 2434 1629 amplius
2487 1533 2571 1605 ab
2624 1534 2758 1606 illis
2808 1532 3115 1607 hostibus
3185 1536 3433 1607 vexari
3500 1556 3631 1608 vos
3678 1556 3799 1631 pa-

522 1638 788 1710 tiemur.
895 1633 1093 1721 Quod
1146 1638 1206 1708 si
1258 1637 1507 1734 vos-in
1559 1636 1768 1731 priori
1840 1657 2007 1730 erga
2079 1658 2211 1711 nos
2278 1633 2412 1710 fide
2478 1637 2667 1710 velle
2717 1639 2787 1711 in
2838 1647 3185 1735 posterum
3258 1640 3628 1735 persistere
3678 1658 3798 1710 co-

523 1737 973 1836 gnoscemus,
1045 1741 1229 1811 omni
1282 1749 1472 1812 certe
1517 1749 1754 1812 nostra
1808 1743 2041 1834 gracia
2098 1748 2167 1812 et
2216 1733 2484 1832 fauore,
2555 1742 2739 1814 omni
2806 1744 3009 1814 etiam
3062 1750 3295 1815 nostra
3352 1741 3798 1815 munificencia

525 1866 698 1940 erga
748 1865 1296 1940 vnumquemque
1348 1852 1653 1916 vestrum
1718 1854 1919 1918 nacta
1973 1847 2471 1940 opportunitate
2543 1853 2733 1919 certe
2800 1866 3314 1941 recognoscere
3384 1844 3800 1919 studebimus.

524 1946 615 2020 Et
667 1950 733 2020 in
786 1947 921 2021 hoc
973 1969 1098 2043 pro
1151 1945 1441 2037 honore,
1496 1945 1765 2045 fideque
1817 1957 2081 2036 vestra.
2136 1957 2204 2021 et
2255 1952 2582 2022 maiorum
2636 1957 3050 2040 vestrorum,
3105 1959 3309 2044 atque
3363 1952 3565 2022 etiam
3617 1952 3802 2021 animi

523 2053 742 2124 vestri
809 2053 1199 2146 integritate
1268 2071 1592 2147 rogamus
1649 2061 1719 2123 et
1767 2054 2199 2148 requirimus,
2280 2055 2440 2125 item
2495 2063 2564 2127 et
2614 2051 2986 2144 hortamur,
3066 2052 3244 2126 aliud
3316 2072 3458 2126 non
3529 2053 3798 2125 faciatis.

522 2155 769 2228 Datum
819 2154 1012 2228 Bude
1066 2154 1238 2228 feria
1294 2164 1494 2228 sexta
1546 2157 1857 2251 proxima
1911 2164 2071 2228 ante
2122 2154 2370 2229 festum
2424 2155 2619 2229 Beati
2673 2155 2955 2250 Georgii
3007 2154 3326 2230 Martiris.
3406 2156 3610 2231 Anno
3660 2155 3801 2227 Do-

521 2261 685 2358 mini
737 2258 1100 2335 Millesimo
1173 2258 1843 2356 quadringentesimo
1911 2261 2362 2354 nonagesimo
2416 2262 2659 2356 primo,
2730 2259 3124 2356 Regnorum
3178 2271 3567 2336 nostrorum
3618 2259 3803 2332 Anno

523 2362 874 2459 Hungarie
927 2366 1054 2436 dcc.
1108 2366 1353 2459 primo,
1406 2360 1734 2435 Bohemie
1787 2382 1962 2435 vero
2008 2366 2374 2460 vigesimo.

1624 2598 1945 2682 (Sipillum
1992 2599 2254 2682 Reyium
2298 2608 2720 2684 oppressum.)

525 2843 670 2914 0:13.
704 2842 865 2897 carth.
901 2844 956 2895 in
989 2840 1219 2894 Archivo
1253 2839 1420 2911 Regni
1456 2841 1711 2895 oro-tine.
1749 2839 1882 2894 Priv.
1916 2838 1976 2893 N.
2013 2841 2099 2894 65.

1974 3457 2379 3543 cun.

1352 3749 1560 3823 Anno
1619 3744 1860 3822 1491.
1911 3747 2030 3820 ase
2085 3745 2210 3820 14.
2245 3744 2679 3819 Novembris.
2731 3717 3043 3819 aneae.

523 4005 1092 4089 vladislaus
1155 4004 1351 4089 Rex
1409 4004 1865 4085 Ladislao
1928 4002 2026 4084 de
2086 4000 2467 4108 Kanisa,
2529 4000 2842 4108 Regni
2904 4000 3470 4104 Dalmatiae,
3538 3998 3827 4081 Croa-

525 4148 723 4228 tiae
803 4158 897 4228 et
972 4146 1507 4227 Slavoniae
1596 4142 1900 4250 Bano,
2000 4141 2412 4245 mandat,
2502 4165 2617 4221 ne
2677 4137 2990 4247 Regni
3052 4139 3591 4221 Slavoniae
3653 4134 3826 4218 No-

756 4285 1009 4367 biles
1070 4284 1178 4366 ad
1235 4283 1830 4366 militandum
1893 4292 2163 4364 extra
2225 4281 2585 4359 limites
2646 4276 2961 4385 Regni
3023 4278 3611 4385 adstringat.

2376 4547 2752 4614 commissio
2789 4549 3065 4632 propria
3113 4546 3377 4611 Domino·
3420 4545 3637 4629 Regia.

835 4743 1259 4820 wladislaus
1304 4743 1439 4816 Dei
1490 4744 1725 4837 gracia
1776 4741 1935 4816 Rex
1987 4741 2338 4840 Hungarie'
2391 4750 2462 4815 et
2506 4739 2840 4814 Bohemie
2891 4749 3025 4816 etc.
3110 4737 3331 4813 Fideli
3380 4748 3628 4813 nostro
3680 4733 3836 4810 Ma-

521 4849 778 4950 gnifice
829 4848 1150 4925 Ladislao
1194 4847 1283 4922 de
1322 4846 1630 4943 Kanysa,
1680 4843 2076 4944 Regnorum
2102 4861 2110 4872 ·
2132 4854 2521 4921 nostrorum
2570 4844 2954 4932 Dalmacie,
3006 4840 3299 4918 Croacie
3352 4852 3424 4917 et
3466 4842 3837 4917 Sclauonie

522 4956 747 5049 Bane,
801 4956 1090 5030 salutem
1142 4962 1222 5029 et
1264 4954 1590 5048 graciam.
1641 4949 1999 5027 venerant
2046 4949 2132 5026 ad
2185 4949 2613 5026 Maiestatem
2666 4958 2970 5023 nostram
3042 4946 3283 5022 fideles
3308 4948 3550 5022 nostri
3603 4944 3839 5040 Egre-

515 5064 618 5159 gii
675 5059 1017 5156 Georgius
1079 5058 1168 5134 de
1221 5053 1501 5133 Zeuche
1552 5065 1625 5130 et
1673 5056 1848 5131 alter
1899 5054 2243 5152 Georgius
2298 5050 2708 5153 Capithanfy
2777 5051 2865 5128 de
2915 5052 3315 5149 Desnycze,
3384 5072 3540 5124 cum
3598 5049 3837 5123 litteris

516 5175 600 5240 et
647 5166 970 5240 intimatis
1039 5161 1335 5237 fidelium
1407 5170 1794 5236 nostrorum
1846 5158 2327 5234 Vniuersitatis
2395 5156 2737 5232 Nobilium
2804 5156 2986 5230 illius
3054 5156 3281 5252 Regni
3342 5155 3559 5231 nostri
3626 5153 3839 5225 Scla-

518 5271 761 5360 nonie,
842 5266 1183 5343 Maiestati
1252 5275 1489 5348 nostre
1561 5268 1921 5362 conquesti
1975 5274 2133 5338 sunt
2180 5263 2457 5337 nomine
2507 5260 3040 5357 Regnicolarum
3093 5270 3482 5334 nostrorum
3534 5261 3609 5331 in
3664 5256 3841 5330 bunc

525 5371 852 5446 modum:
960 5371 1265 5461 Qualiter
1312 5391 1447 5445 vos
1498 5371 1691 5468 ipsos
1741 5366 2162 5465 Regnicolas
2215 5375 2493 5441 nostros
2546 5374 2786 5440 contra
2838 5364 3369 5464 disposicionem
3425 5373 3496 5438 et
3546 5361 3843 5436 ordina-
