3950 5917
3307 414 3472 491 139

1668 823 1909 909 cn.

1212 1111 1425 1183 Anno
1485 1108 1723 1183 13⁷1.
1798 1109 1880 1182 In
1948 1108 2347 1207 Vineqrad.

144 1342 697 1425 Ludovicus
760 1341 957 1424 Rex
1017 1318 1509 1449 Magistro
1571 1341 2191 1450 Saracheno,
2256 1340 2886 1426 Ga'merarum
2948 1345 3467 1452 Syl-mien-

142 1484 256 1561 sis
343 1492 445 1561 et
538 1480 1719 1599 Quinqueecclesiensis
1804 1477 2209 1589 comiti,
2301 1483 2694 1565 insulas
2786 1483 3267 1567 Ahsarum
3360 1497 3460 1568 et

145 1612 549 1725 Cherso,
641 1621 736 1699 in
825 1616 1180 1725 Regno
1261 1618 1811 1699 Dalmatiae
1914 1622 2209 1724 sitas,
2303 1630 2399 1700 et
2489 1621 2881 1727 quidem
2982 1649 3187 1704 cum
3270 1628 3460 1705 iis-

146 1754 319 1838 dem
376 1760 1190 1867 praerogativis,
1275 1758 1633 1861 quibus
1724 1756 1908 1837 alii
1969 1756 2378 1838 nobiles
2439 1755 3004 1865 Regnorum
3061 1762 3457 1843 Dalma-

228 1899 423 1976 tiae
487 1906 592 1977 et
655 1894 1129 1977 Croatiae
1203 1918 1434 1975 suas
1497 1898 2229 2000 possessiones
2296 1908 2949 2004 conservant,
3015 1898 3337 1980 donat.

413 2165 573 2241 Nos
626 2163 1048 2254 Ludovicus,
1099 2163 1233 2239 Dei
1284 2165 1505 2261 gratia
1557 2164 1717 2239 Rex
1769 2164 2146 2259 Hungarie,
2199 2165 2514 2259 Polonie,
2567 2165 2925 2242 Dalmacie
2979 2178 3114 2242 eto.
3195 2170 3449 2266 Signi-

141 2266 389 2347 hunus
462 2278 718 2345 tenore
786 2272 1209 2367 presentium
1288 2267 1531 2365 quibus
1611 2269 1895 2366 expedit
1969 2272 2346 2360 vniuersis,
2421 2274 2756 2344 memorie
2836 2272 3401 2351 commendantes
3420 2296 3448 2350 e

145 2371 307 2460 Quod
354 2394 518 2466 nos,
575 2377 690 2449 cui
739 2376 1031 2449 interest
1097 2395 1193 2446 ex
1242 2376 1476 2446 innata
1526 2372 1751 2468 Regia
1818 2370 2134 2446 libertate
2201 2375 2875 2471 vuiuscuiuscunque
2954 2374 3449 2473 obsequiorum

142 2481 345 2551 norim
415 2480 838 2576 propensius
888 2479 959 2550 in
1011 2486 1270 2553 statera
1320 2474 1574 2550 librare
1628 2480 1971 2572 equitatis,
2053 2486 2126 2550 et
2172 2477 2333 2567 illis,
2404 2500 2579 2573 quos
2630 2477 2856 2572 Regie
2905 2484 3446 2565 remunerationi

144 2578 350 2674 dignos
401 2581 739 2673 efficiunt,
794 2590 990 2678 grata
1042 2579 1442 2677 impendere
1493 2583 1755 2677 premia
1806 2583 2247 2671 meritorum3
2315 2584 2571 2657 intuitis
2619 2580 3080 2672 fidelitatihuS,
3130 2593 3201 2655 et
3251 2584 3446 2658 fide-

141 2683 270 2758 hin
316 2684 773 2761 seruitiorum
843 2687 1131 2775 meritis,
1200 2683 1405 2757 laude
1475 2684 1728 2778 dignis,
1800 2682 2026 2759 fidelis
2076 2687 2298 2759 nostri
2351 2683 2579 2758 dilecti
2648 2684 2959 2780 Magistri
3029 2686 3446 2778 Saracheni,

145 2782 384 2864 Gonnus
454 2787 905 2862 camerarum
976 2797 1366 2862 nostrarum
1438 2785 1884 2884 Syrimiensis
1955 2798 2028 2861 et
2080 2788 2874 2884 Quinqueecclesiensis,
2942 2790 3188 2885 quihus
3250 2790 3441 2865 idem

141 2897 253 2963 tam
296 2893 616 2984 sollicite,
668 2902 944 2988 tamque
999 2895 1275 2966 curiose
1327 2894 1397 2964 in
1452 2893 1717 2966 cunctis
1769 2895 1993 2965 nostri
2042 2900 2114 2965 et
2163 2890 2392 2987 Regni
2444 2897 2661 2966 nostri
2716 2891 3005 2988 agendis
3060 2893 3188 2969 sibi
3245 2915 3434 2968 con-

142 2990 260 3067 fisis
307 3006 369 3069 et
417 2999 818 3071 commissis
889 2996 1141 3069 studuit
1201 2993 1401 3070 nobis
1465 2995 1928 3090 complacere,
1997 3005 2078 3068 vt
2124 2997 2196 3069 in
2250 2999 2400 3069 eius
2472 2993 2823 3093 ohsequiis
2874 3005 3117 3071 noster
3166 3001 3446 3073 animus

144 3100 450 3174 tutissime
506 3103 945 3196 conquieuit3
1022 3100 1345 3174 volentes
1399 3097 1530 3172 sibi
1580 3121 1706 3194 pro
1761 3101 1965 3172 tantis
2020 3102 2332 3193 gratuitis
2386 3102 2689 3174 seruitits
2740 3099 2966 3195 Regie
3015 3123 3446 3176 remunera-

144 3201 305 3276 tionis
354 3205 668 3278 antidoto
738 3225 1111 3277 occurrere
1178 3201 1405 3296 Regio
1462 3223 1618 3275 cnm
1671 3199 1946 3291 favore,
2029 3201 2367 3297 quandam
2436 3204 2730 3276 insulam
2799 3213 3106 3279 nostram
3174 3204 3438 3280 Absari

147 3313 201 3374 et
229 3304 410 3382 Kersi
464 3307 906 3404 appellatam,
960 3311 1030 3379 in
1064 3306 1312 3400 Regno
1358 3315 1599 3383 nostro
1644 3304 1984 3379 Dalmatie
2034 3307 2209 3378 intra
2264 3304 2582 3380 ambitum
2636 3309 2845 3381 maris
2898 3306 3220 3397 habitam,
3276 3330 3435 3380 cum

147 3408 408 3486 mnibus
468 3410 764 3502 iuribus,
829 3408 1227 3483 vtilitatibus
1300 3419 1372 3483 et
1421 3412 1845 3507 pertinentiis
1900 3431 1987 3481 ac
2036 3406 2483 3505 prouentihus
2554 3412 2925 3501 vniuersis,
2980 3413 3230 3505 quovis
3282 3432 3429 3485 no-

142 3513 300 3586 minis
361 3513 714 3589 vocabulo
785 3517 1135 3602 vocitatis,
1207 3523 1278 3586 et
1330 3510 1415 3584 ab
1467 3515 1743 3609 antiqno
1798 3510 1884 3584 ad
1936 3515 2159 3607 ipsam
2205 3512 2503 3586 Insulam
2556 3512 2809 3588 Absari
2872 3523 2946 3586 et
2994 3514 3198 3588 Kersi
3254 3530 3438 3610 spe-‘-

143 3615 457 3710 etantibus,
530 3617 623 3691 de
676 3616 986 3691 manibus
1054 3619 1309 3691 nostris
1378 3619 1593 3711 regiis
1667 3638 1761 3688 ex
1831 3626 2021 3689 certa
2092 3626 2329 3691 nostra
2401 3620 2717 3710 scientia,
2788 3615 3015 3690 eidem
3085 3616 3438 3713 Magistro

143 3713 522 3815 Soracheno,
582 3726 644 3795 si
695 3719 1065 3796 heredibus
1119 3722 1442 3813 caruerit,
1492 3742 1718 3817 vsque
1770 3719 2104 3793 duntaxat
2153 3723 2513 3794 terminum
2563 3724 2710 3796 vite
2764 3743 2918 3812 sne,
2990 3723 3051 3797 si
3102 3743 3278 3796 vero
3334 3744 3449 3795 ex.

142 3819 418 3898 altissima
470 3824 931 3923 prouidentia,
986 3827 1181 3900 cuius
1232 3834 1400 3898 nutu
1451 3824 1721 3919 singula
1773 3823 2178 3918 diriguntur,
2231 3828 2454 3921 ipsum
2505 3823 2908 3919 Magistrum
2954 3823 3429 3899 Sarachenum

140 3918 387 4002 heredes
441 3952 575 4004 seu
606 3929 873 4025 prolem
919 3925 1177 4002 hahere
1230 3930 1584 4022 contingat
1633 3926 1722 4000 de
1757 3926 2029 4001 femore
2065 3948 2194 4000 suo
2246 3926 2783 4020 descendentes,
2835 3939 2999 4001 tuuc
3048 3932 3198 4001 inre
3250 3948 3430 4023 per-

139 4037 303 4120 petuo
351 4043 423 4105 et
469 4031 1045 4123 irreuocabiliter,
1123 4052 1308 4104 noue
1360 4031 1750 4105 donationis
1826 4041 2066 4104 nostre
2134 4029 2327 4103 titulo
2395 4032 2467 4103 in
2520 4028 2699 4103 filios
2770 4030 3065 4103 filiormn
3143 4050 3428 4104 suorum

140 4138 191 4202 et
228 4130 544 4210 heredum
596 4157 725 4232 per
756 4134 1056 4211 heredes
1110 4133 1450 4226 dedimus,
1503 4134 1909 4209 donauImus
1963 4142 2037 4206 et
2072 4130 2518 4222 contulimus,⁸
2560 4135 2770 4205 immo
2827 4133 3067 4207 damus
3121 4143 3193 4206 et
3237 4154 3428 4205 con-

140 4229 375 4313 infimus
427 4237 559 4315 suh
610 4238 902 4314 hiisdem
953 4241 1442 4335 prerogativis,
1498 4238 1741 4336 quibus
1795 4239 1909 4311 alii
1961 4236 2234 4311 nobiles
2302 4239 2608 4333 ipsorum
2659 4235 3062 4331 Regnorum
3134 4244 3432 4311 nostro-

140 4356 257 4411 mn
297 4341 633 4416 Dalmatie
687 4353 759 4417 et
809 4340 1115 4435 Croatie,
1168 4364 1406 4416 eorum
1460 4345 1953 4439 possessiones
2005 4343 2318 4437 proprias
2373 4350 2817 4432 conset-nant,
2886 4337 3427 4435 possedendam,

138 4444 455 4519 mendam
491 4456 568 4521 et
598 4444 1007 4538 hahendam,
1059 4446 1303 4519 harum
1349 4444 1479 4521 suh
1517 4449 1772 4522 secreti
1822 4449 2042 4520 nostri
2095 4445 2302 4539 sigilli
2352 4446 2746 4520 testimonio
2800 4445 3202 4533 litterarum,
3252 4463 3428 4539 quas

138 4543 189 4614 in
226 4544 497 4623 formam
549 4553 771 4625 nostri
818 4551 1160 4647 priuilegii
1209 4549 1433 4645 redigi
1487 4548 1849 4642 faciemus,
1919 4549 2083 4622 dum
2134 4548 2335 4623 nobis
2387 4547 2645 4622 fuerint
2693 4557 3065 4643 reportate.
3170 4546 3424 4619 Datum

138 4647 190 4717 iu
230 4646 653 4749 Wyssegrad
725 4653 901 4727 feria
954 4664 1194 4750 quarta
1262 4656 1578 4750 proxima
1650 4662 1810 4726 ante
1878 4651 2134 4729 festum
2202 4650 2410 4727 beate
2478 4650 2921 4745 Margarethe
2988 4648 3297 4748 Virginis
3350 4656 3427 4724 et

55 4734 63 4789 ⁸
138 4743 434 4851 lnrtyris.
485 4757 694 4833 Anno
746 4756 1022 4832 Domini
1072 4754 1578 4832 uocum
1631 4758 1873 4854 primo.

1277 4936 1378 5016 (L.
1421 4937 1488 5001 S.
1555 4936 1833 5019 inferius
1874 4937 2225 5019 impressi.)

148 5080 203 5141 h
228 5090 450 5155 meum
484 5097 612 5173 hp,
646 5100 828 5158 nm.
868 5130 932 5145 -
971 5100 1143 5170 rese,
1180 5100 1361 5157 σοαπ
1394 5100 1532 5171 pipi.
1566 5100 1738 5172 nem
1770 5098 2086 5171 nugas-0.
2121 5096 2178 5151 r.
2213 5096 2296 5154 nt
2333 5114 2386 5166 p.
2423 5095 2545 5151 m.
