3950 5917
502 407 661 482 244

1964 925 2386 1009 CLXV.

1353 1213 1562 1287 Anno
1620 1211 1858 1286 1499.
1915 1214 2030 1285 die
2083 1214 2212 1286 21.
2269 1212 2610 1287 Oclobrr‘s.
2693 1212 2961 1288 undae.

502 1476 1068 1558 vladislaus
1115 1474 1311 1557 Rex
1372 1475 1765 1556 Vicario
1829 1488 1921 1557 et
1983 1474 2427 1582 Capitulo
2505 1476 3190 1583 Zagrabiensi,
3285 1504 3399 1559 ne
3460 1501 3774 1558 causas

502 1617 1083 1721 spirituales
1175 1612 1936 1722 Regnicolarum
2033 1613 2343 1720 Regni
2433 1615 2962 1697 Slavoniae
3056 1642 3224 1721 per
3307 1615 3774 1698 Locumte-

772 1765 1156 1835 nentem
1218 1751 1899 1833 Chasmensem
1983 1753 2413 1858 Judicari
2479 1753 3086 1859 prohibeant,
3150 1754 3539 1834 mandat.

2353 2021 2728 2084 Commissio
2767 2024 3044 2104 propria
3091 2022 3352 2088 Domini
3397 1997 3599 2103 Rapis.

813 2211 1235 2285 wladislaus
1305 2210 1434 2284 Dei
1488 2216 1721 2305 gracia
1792 2210 1952 2285 Rex
2002 2211 2351 2308 Hungarie
2404 2222 2475 2287 et
2524 2212 2853 2287 Bobemie
2906 2219 3030 2286 dcc.
3139 2212 3481 2288 Fidelibns
3558 2214 3783 2284 nostris

503 2314 1033 2392 Honorabilibus
1106 2314 1410 2410 Georgio
1481 2314 1990 2389 Archidiacono
2044 2315 2131 2388 de
2200 2315 2423 2390 Bexin
2491 2316 2797 2402 Vicario,
2871 2319 3257 2413 ceterisque
3328 2314 3682 2390 canonicis
3724 2325 3785 2386 et

502 2424 630 2496 toti
677 2419 986 2517 Capitulo
1031 2419 1348 2491 Ecclesia
1383 2417 1868 2513 Zagrabiensis
1922 2418 2210 2493 salutem
2266 2429 2338 2493 et
2387 2423 2712 2515 graciam.
2817 2420 3217 2517 Expositum
3273 2423 3534 2492 exstitit
3580 2418 3783 2492 Maie-

504 2527 661 2600 stati
728 2534 964 2598 nostre
1016 2527 1085 2596 in
1138 2524 1452 2619 personis
1522 2520 1817 2595 fidelium
1886 2533 2275 2597 nostrorum
2324 2523 2816 2597 Vniuersorum
2896 2523 3232 2597 Nobilium
3302 2524 3529 2617 Regni
3597 2523 3784 2594 nostri

503 2629 894 2703 Sclauonie.
1001 2625 1305 2714 Qualiter
1355 2648 1488 2698 vos
1540 2637 1698 2722 post
1748 2637 2038 2699 mortem
2091 2636 2162 2700 et
2213 2628 2578 2702 decessum
2619 2628 3011 2701 Reuerendi
3063 2632 3273 2723 patris
3311 2629 3599 2700 condam
3647 2625 3782 2698 Do-

508 2737 673 2806 mini
725 2730 1005 2806 Osualdi
1083 2728 1409 2825 Episcopi
1488 2728 1972 2824 Zagrabiensis
2050 2731 2300 2805 Prolati
2381 2736 2598 2805 vestri
2675 2730 3133 2805 inhibuissetis
3213 2731 3783 2804 Locumtenentem

504 2835 825 2910 Ecclesie
880 2832 1348 2916 Cbasmensis,
1401 2845 1636 2905 contra
1692 2834 2253 2908 consuetudinem
2323 2835 2652 2908 hactenus
2708 2834 3168 2920 obseruatam,
3223 2858 3311 2908 ne
3369 2858 3449 2916 se
3499 2836 3582 2906 de
3634 2856 3786 2905 cau-

507 2946 605 3014 sis
657 2938 1188 3032 Regnicolarum
1240 2938 1416 3010 illius
1470 2936 1693 3032 Regni
1746 2944 1990 3027 nostri,
2044 2944 2156 3034 qui
2210 2940 2301 3011 illi
2358 2938 2665 3036 Capitulo
2720 2943 3238 3035 propinquiores
3292 2949 3533 3012 essent
3583 2948 3648 3010 et
3693 2939 3788 3031 qui

507 3064 745 3116 coram
798 3063 886 3113 eo
939 3063 1151 3136 agere
1206 3051 1742 3128 consueverunt,
1795 3042 2190 3139 impediret3
2246 3044 2370 3115 sed
2426 3065 2667 3116 omnes
2747 3054 2882 3115 tam
2954 3042 3260 3122 Nobiles.
3338 3066 3542 3137 quam
3613 3045 3786 3113 etiam

505 3145 849 3242 popularis
905 3144 1325 3218 condicionis
1380 3144 1690 3218 homines
1743 3147 2012 3240 litigare
2065 3147 2408 3234 volentes,
2459 3151 2524 3219 in
2579 3152 2793 3218 vestri
2865 3151 3289 3243 presenciam
3341 3169 3470 3241 pro
3541 3147 3788 3217 exami-

505 3249 749 3324 nandis
816 3252 1044 3323 causis
1121 3252 1598 3321 transmittere.
1708 3249 1859 3336 Ouo
1929 3273 2046 3324 res
2113 3273 2263 3322 cum
2336 3261 2407 3322 et
2472 3252 2716 3323 iniusta
2773 3255 2891 3336 sit,
2975 3263 3042 3323 et
3093 3251 3188 3323 illi
3257 3249 3507 3345 Regno
3580 3259 3787 3321 nostro

508 3354 906 3440 Sclauonie,
959 3357 1318 3448 presertim
1371 3375 1543 3425 vero
1578 3353 1932 3427 Nobilibus
1985 3376 2198 3451 prope
2234 3353 2507 3427 Zdencz
2550 3365 2620 3428 et
2653 3354 2982 3450 Attbyna,
3035 3356 3322 3450 aliisque
3359 3356 3533 3428 locis
3574 3373 3791 3426 remo-

506 3456 807 3531 cioribus
878 3453 1452 3530 commorantibus
1523 3461 1721 3531 nimis
1775 3481 2073 3531 onerosa
2129 3462 2403 3547 existat,
2459 3480 2585 3530 nos
2641 3462 2775 3552 pati
2828 3459 3170 3547 nolentes,
3242 3468 3318 3529 vt
3361 3462 3494 3554 ipsi
3545 3457 3792 3551 Regni-

506 3562 663 3635 cole
715 3563 933 3634 nostri
984 3583 1108 3657 pro
1162 3559 1542 3633 huiusmodi
1597 3565 1828 3634 causis
1881 3584 2007 3657 per
2056 3571 2308 3634 tantam
2361 3572 2692 3634 terrarum
2748 3562 3145 3634 distanciam
3197 3562 3470 3640 relictis,
3510 3560 3792 3644 JudiciiS,

508 3687 641 3761 que
694 3686 931 3739 coram
982 3664 1516 3738 Locumtenente
1568 3664 1886 3739 Ecclesie
1941 3663 2382 3737 Cbasmensis
2436 3663 2583 3736 lieri
2636 3676 3168 3754 consueverunt,
3220 3665 3305 3737 ad
3361 3688 3520 3752 vos,
3595 3675 3657 3736 et
3722 3660 3794 3732 ad

508 3768 748 3843 sedem
799 3768 984 3842 illam
1034 3766 1351 3842 laborare
1405 3778 1763 3861 cogantur,
1814 3771 2172 3864 presertim
2227 3791 2378 3840 cum
2426 3769 2781 3864 bucvsque
2831 3769 3202 3865 predictam
3259 3767 3794 3842 consuetudinem

508 3871 942 3949 obseruatam
1012 3894 1177 3945 esse
1261 3871 1740 3963 intelligamus.
1863 3871 2262 3945 Mandamus
2351 3883 2712 3969 propterea
2805 3870 3233 3946 fidelitatibus
3307 3877 3564 3946 vestris
3635 3872 3794 3944 serie

504 3977 941 4075 presencium
1009 3973 1438 4049 firmissime:
1510 3984 1588 4046 vt
1638 3979 1860 4048 statim
1913 3980 2085 4050 visis
2155 3976 2608 4072 presentibus,
2679 3977 2840 4049 illud
2914 3978 3239 4064 edictum,
3313 3977 3494 4072 quod
3568 3976 3797 4049 fecisse

503 4078 978 4177 perhibemini,
1031 4101 1122 4152 ne
1174 4080 1440 4153 scilicet
1489 4079 1990 4154 Locumtenens
2045 4079 2484 4153 Chasmensis
2538 4104 2618 4153 se
2673 4080 2760 4153 de
2814 4085 3041 4153 causis
3096 4080 3626 4175 Regnicolarum
3677 4082 3797 4148 im-

505 4183 762 4281 pediat,
834 4185 1204 4270 reuocetis,
1260 4191 1333 4256 et
1383 4182 1675 4256 eundem
1725 4182 2328 4257 Locumtenentem
2381 4194 2582 4281 atque
2654 4182 3026 4280 Capitulum
3100 4182 3553 4272 Cbasmense,
3624 4181 3798 4255 sicuti

504 4287 864 4377 hactenus,
933 4291 1023 4360 ita
1080 4289 1282 4360 etiam
1355 4286 1683 4384 deinceps
1752 4288 1907 4363 lites
1974 4291 2272 4360 omnium
2344 4291 2807 4368 causancium.
2888 4312 3021 4382 que
3090 4290 3158 4359 in
3214 4292 3318 4360 sni
3391 4288 3795 4384 presenciam

506 4401 696 4465 mote
747 4389 1022 4479 fuerint,
1095 4389 1485 4464 adiudicare
1555 4393 1996 4487 permittatis3
2070 4402 2140 4464 et
2192 4391 2371 4464 aliud
2423 4391 2607 4464 nullo
2662 4393 2866 4464 modo
2924 4391 3158 4464 facere
3212 4392 3546 4465 audeatis.
3641 4387 3799 4461 Pre-

509 4493 818 4571 sentibns
894 4496 1216 4590 perlectis
1295 4493 1642 4576 exhibenti
1712 4497 2057 4568 restitutis.
2164 4493 2408 4567 Datum
2489 4494 2676 4567 Bude
2748 4499 2814 4567 in
2889 4495 3068 4569 festo
3148 4495 3468 4568 undecim
3550 4494 3802 4567 millium

505 4598 883 4697 virginum.
990 4598 1196 4672 Anno
1247 4598 1520 4672 Domini
1572 4597 1969 4688 Millesimo,
2051 4598 2717 4694 quadringentesimo
2775 4602 3225 4694 nonagesimo
3283 4622 3490 4673 nono.

1621 4826 1938 4909 (Sigillum
1987 4830 2247 4911 Reyr'um
2291 4849 2658 4911 appr-cuum
2681 4839 2714 4907 ὶ

508 5018 655 5090 orig.
689 5019 853 5074 mh.
886 5021 942 5071 in
975 5018 1204 5071 Archivo
1238 5017 1407 5088 Regni
1442 5015 1695 5071 croatiae.
1734 5017 1867 5070 Prlv.
1906 5016 1994 5070 Nr.
2028 5020 2117 5073 84.
