3950 5917
3265 403 3419 481 269

143 638 268 688 rum
320 623 694 690 nostrorum
749 613 1135 703 Dalmacie‚
1172 611 1475 687 Cro-cie
1529 624 1598 686 et
1650 597 2018 687 flclauonie
2061 612 2290 702 Bane,
2344 616 2628 708 eiusque
2683 612 3071 687 Vicebanis‘·
3109 624 3190 687 et:
3210 613 3422 686 ‹ludi-'-

142 717 312 790 cibus
369 715 701 791 Nobilium
753 721 825 790 in
876 717 1123 812 Regno
1178 716 1549 791 Sclauonie
1601 716 1909 813 predicto
1965 719 2372 792 constitutis·
2401 716 2689 790 salutem
2739 727 2816 794 et
2865 720 3189 812 graciam.
3225 739 3254 758 ²
3291 716 3421 789 ‘ln-²-

143 822 525 910 telleximus‚
579 822 866 917 qualiter
932 820 1220 895 Nobiles
1288 824 1490 894 vuius
1564 823 1899 896 sessionis
1969 824 2038 893 in
2107 820 2353 894 eodem
2423 819 2671 915 Regno
2740 831 2980 895 nostro
3051 819 3421 894 Sclauonie

141 935 615 999 commorantes
668 922 1038 999 subsidium
1090 926 1332 1019 viginti
1366 926 1660 1021 quinque
1713 923 2169 1014 denariorum,
2222 946 2439 1020 nuper
2471 924 2560 996 ad
2592 928 3107 1022 imposicionem
3143 927 3423 998 victua-

140 1032 277 1101 lium
336 1051 458 1125 per
507 1029 1033 1103 Vniuersitatem
1105 1027 1442 1103 Nobilium
1512 1029 1817 1101 eiusdem
1885 1028 2114 1125 Regni
2183 1028 2562 1101 ordinatum
2635 1039 2706 1101 et
2775 1028 3122 1116 oblatum„
3170 1028 3425 1126 exsol-¹

142 1155 286 1205 uere
361 1134 638 1206 nollent.
746 1133 1080 1221 Quoniam
1158 1143 1383 1206 antem
1455 1154 1539 1204 ea
1610 1133 1769 1226 lege
1838 1131 2044 1205 fuerit
2113 1131 2444 1224 oblatum,
2521 1141 2600 1205 vt
2668 1135 2885 1204 eciam
2957 1135 3086 1228 ipsi
3136 1125 3424 1206 Nobiles

142 1240 317 1309 vuius
385 1239 725 1313 sessionis
794 1237 1070 1311 soluere
1142 1236 1473 1327 debeant,
1544 1245 1908 1333 propterea
1979 1236 2295 1311 volumus
2367 1246 2436 1309 et
2504 1234 2808 1309 fidelitati
2878 1245 3115 1310 vestre
3186 1236 3423 1309 harum

140 1342 298 1412 serie
374 1339 657 1414 firmiter
723 1340 1163 1431 mandamus,
1245 1349 1577 1436 quatenus
1650 1342 1954 1436 acceptis
2029 1337 2460 1437 presentibus
2530 1342 2898 1414 Vniuersos
2972 1350 3043 1411 et
3112 1339 3423 1433 singulos

139 1442 393 1517 Nobiles
446 1448 650 1519 vnius
705 1448 1061 1520 sessiones
1113 1444 1399 1540 predicti
1449 1443 1675 1539 Regni
1727 1446 1944 1519 nostri
2006 1444 2375 1518 Sclauonie
2428 1444 2516 1517 ad
2588 1444 3067 1522 exolucionem
3136 1443 3425 1539 predicti

142 1544 391 1640 subsidij
446 1551 691 1642 viginti
743 1551 1037 1644 quinque
1091 1548 1523 1624 denariorum
1574 1570 1703 1646 per
1753 1551 1981 1624 omnia
2035 1549 2233 1624 solita
2297 1551 2692 1642 grauamina
2746 1557 2815 1619 et
2865 1550 3103 1644 queuis
3159 1569 3423 1643 oppor-

142 1660 277 1723 tuna
324 1653 631 1726 remedia
685 1654 1101 1749 compellere
1153 1652 1488 1740 debeatis,
1561 1652 2011 1725 Aucthoriate
2063 1661 2297 1726 nostra
2346 1651 2568 1747 Regia
2641 1650 3044 1747 presentbus
3097 1651 3300 1724 vobis
3352 1654 3424 1723 in

142 1754 253 1827 hac
322 1767 511 1852 parte
594 1754 908 1830 attributa
988 1757 1349 1829 mediante.
1456 1754 1677 1830 Secus
1749 1754 1989 1830 facere
2060 1777 2197 1829 non
2273 1759 2523 1827 ausuri.
2627 1754 2802 1828 Nam
2881 1756 3176 1851 alioquin
3257 1757 3424 1827 certi

143 1862 292 1946 sitis,
365 1860 546 1956 quod
602 1863 661 1933 si
714 1860 872 1956 quid
942 1861 1167 1933 damni
1216 1883 1344 1956 per
1395 1860 1897 1955 negligenciam
1967 1869 2275 1932 vestram
2326 1862 2396 1931 in
2448 1859 2554 1933 his
2605 1862 3143 1956 perceperimus,
3219 1857 3423 1931 vobis

144 1963 587 2057 imputabimus
640 1975 710 2038 et
761 1989 802 2036 a
853 1963 1053 2039 vobis
1126 1970 1347 2037 eciam
1415 1968 1860 2060 requiremus.
1966 1962 2337 2037 Presentes
2409 1963 2772 2060 superinde
2825 1985 2951 2058 pro
3002 1974 3238 2038 vestra
3296 1986 3425 2034 re-

144 2067 453 2142 seruando
510 2067 988 2165 expedicione.
1091 2068 1337 2144 Datum
1390 2068 1580 2141 Bude
1632 2068 1744 2141 die
1800 2067 2161 2140 Dominico
2213 2070 2528 2162 proximo
2599 2076 2759 2163 post
2807 2067 3053 2144 festum
3110 2067 3424 2148 Omnium

145 2168 542 2246 Sanctorum.
650 2172 855 2246 Anno
910 2228 1167 2248 ......
1222 2172 1584 2247 Millesimo
1641 2173 2202 2266 Quingentesimo
2259 2171 2525 2245 decimo
2575 2181 2799 2245 sexto.

1239 2404 1548 2484 (Siqilium
1587 2402 1847 2482 Regium
1893 2416 2317 2483 appu-cuum).

146 2640 265 2712 orig.
298 2647 347 2697 in
382 2645 614 2698 Archivo
651 2645 815 2715 Regni
851 2645 1087 2698 Croatiac
1124 2645 1258 2698 Priv.
1295 2643 1416 2697 Nro.
1445 2645 1560 2696 126.

1438 3224 2114 3310 CLXXXI!-

1361 3537 1570 3604 Anno
1633 3528 1847 3602 1516
1915 3529 2185 3602 Budae.

147 3795 688 3880 Ludovicus
728 3798 819 3878 11.
867 3796 1069 3879 Rex
1128 3796 1993 3904 prothonotarinm
2034 3791 2352 3899 Regni
2394 3788 2940 3871 Slavoniae
3006 3789 3422 3890 octavis,

783 3962 823 4017 a
886 3937 1148 4017 Bano
1210 3933 1824 4036 indicendis,
1897 3936 2405 4012 interesse
2459 3929 2769 4035 jubet.

1541 4253 1914 4318 Commium
1953 4255 2232 4335 propria
2292 4253 2541 4316 domin&
2587 4253 2770 4331 flecis
2810 4251 2890 4314 de
2934 4250 3223 4312 concilio.

436 4451 851 4534 Lodouicus,
907 4450 1017 4523 dei
1070 4452 1302 4544 gracia
1356 4449 1511 4521 Rex
1556 4447 1902 4542 Huugarie
1958 4457 2028 4517 et
2060 4446 2389 4519 Bobemie
2443 4450 2570 4518 dcc.
2651 4441 2868 4514 Fideli
2916 4452 3155 4516 nostro
3192 4440 3432 4537 Egre-

150 4554 252 4641 gio
312 4553 639 4648 Magistro
693 4554 1041 4650 Stephano
1094 4552 1522 4648 Henczelffy.
1575 4551 1801 4646 Regni
1853 4553 2068 4624 nostri
2114 4549 2480 4624 Sclauonie
2534 4547 3071 4645 prothonotario‚
3125 4545 3431 4619 Salutem

152 4665 211 4724 et
257 4663 574 4748 graciam.
683 4657 1205 4754 Supplicacione
1257 4656 1735 4729 Vniuersitatis
1788 4653 2127 4728 Nobilium
2179 4653 2403 4749 Regni
2456 4654 2670 4724 nostri
2725 4649 3092 4723 Sclauonie
3146 4650 3434 4746 predicti

156 4757 335 4834 nobis
384 4771 727 4858 porrecta..
783 4763 1121 4834 intellecta
1176 4770 1246 4832 et
1293 4759 1636 4846 exaudita,
1694 4769 1976 4832 octauas
2031 4780 2154 4831 seu
2188 4757 2450 4831 Jndicia
2503 4755 2666 4828 festi
2717 4753 3238 4851 Epiphania-um
3292 4753 3432 4827 do-

157 4866 297 4935 mini
346 4871 657 4962 proxime
711 4866 976 4939 affuturi
1026 4864 1438 4939 Reuerendo
1489 4867 1562 4937 in
1617 4862 1887 4936 Christo
1936 4865 2108 4957 patri
2158 4861 2435 4934 domino
2471 4860 2678 4933 Petro
2711 4858 3034 4954 Beryzlo.,
3087 4857 3434 4955 Episcopo
3493 4925 3500 4932 .

162 4963 685 5065 wesprimiensi,
737 4970 1132 5065 Regnorum
1169 4980 1551 5043 nostrorum
1586 4968 1966 5056 Delma-cie,
2022 4963 2311 5038 Croacie
2365 4974 2437 5038 et
2487 4963 2856 5038 Sclauonie
2909 4960 3195 5058 predicti
3238 4961 3432 5034 Bano

160 5071 423 5167 eiusque
470 5074 885 5149 Vice-Bano
936 5096 1062 5172 per
1113 5074 1283 5148 alias
1334 5073 1568 5144 literas
1621 5079 1892 5143 nostras
1944 5067 2292 5165 publicare
2345 5068 2837 5162 celebrareque
2906 5088 2991 5138 ac
3067 5068 3198 5162 ipsi
3248 5066 3434 5138 Vni-

164 5178 444 5250 uersitati
495 5178 828 5252 Nobilium
885 5178 969 5251 ad
1023 5179 1545 5273 requisicionem
1601 5173 1908 5247 eiusdem
1959 5171 2129 5246 Bani
2181 5176 2394 5260 nostri
2449 5183 2561 5244 aut
2613 5176 2719 5244 sui
2772 5167 3168 5242 vice-Bani
3229 5170 3432 5244 cele-

166 5271 444 5354 bracioni
493 5284 858 5358 earundem
915 5293 1307 5356 octauarum
1360 5283 1702 5353 interesse
1756 5280 2218 5351 commisimus
2273 5330 2480 5348 .....
2536 5284 2606 5350 et
2673 5273 2950 5348 fidelitai
2997 5277 3144 5349 'tue
3195 5271 3430 5347 barum

169 5385 329 5455 serie
408 5383 678 5462 firmiter
755 5367 1229 5461 committimus
1309 5394 1379 5458 et
1452 5381 1925 5484 mandamus&
1952 5390 2282 5486 quatenus
2337 5434 2355 5453 .
2385 5435 2401 5452 .
2433 5435 2450 5452 .
2483 5434 2499 5453 .
2554 5378 3013 5455 celebracioni
3091 5382 3432 5454 interesse
