3950 5917
3275 453 3432 531 409

104 679 258 757 pum
315 666 388 731 et
438 678 633 734 suam
686 654 1164 754 spalatensem
1215 654 1636 749 Ecclesiam,
1709 681 1843 732 nec
1909 681 2050 734 non
2120 677 2574 746 successores
2628 678 2795 734 suos
2813 711 2840 751 ‚
2920 662 3036 758 qui
3103 657 3303 734 nohis
3356 666 3431 735 et

103 762 359 838 nostris
412 759 823 835 haeredibus
879 759 1167 834 fideliter
1218 759 1698 850 adhaeserint
1778 785 1863 833 ac
1934 765 2136 835 etiam
2220 781 2463 837 omnes
2515 763 2858 853 villanae,
2937 765 3425 872 possessiones
3469 813 3492 822 -

103 873 327 940 tems
380 872 455 937 et
505 861 683 937 bona
739 863 1087 959 praedicta
1139 865 1210 936 in
1254 862 1547 956 juribus
1596 863 2213 956 ,iurisdictionibus
2268 869 2494 953 metis
2551 876 2620 939 et
2675 853 3092 962 confinibus
3131 875 3200 939 et
3251 887 3425 963 per-

105 969 406 1043 h’nentiis
459 968 762 1063 ipsorum
815 966 1189 1061 praefatis
1260 975 1624 1063 protegant
1692 976 1761 1039 et
1813 966 2230 1062 defendant,
2280 982 2397 1040 ac
2448 979 2862 1065 protegere,
2941 990 3428 1065 praeservare,

108 1069 489 1146 defendere
542 1069 865 1158 debeant,
921 1080 992 1142 et
1043 1072 1219 1143 tueri
1274 1069 1358 1142 ab
1412 1067 1770 1158 omnihus
1827 1092 1998 1160 eos
2050 1073 2166 1144 vel
2223 1094 2390 1161 eas
2443 1073 2563 1144 vel
2616 1095 2698 1145 ea
2754 1071 3127 1169 impedire,
3178 1074 3426 1193 oppri-

104 1195 327 1263 mere,
379 1170 806 1269 perturbare
863 1170 1353 1263 damnificare‚
1408 1184 1527 1245 aut·
1574 1172 1854 1247 laedere
1906 1172 2297 1249 volentibus
2352 1174 2831 1272 quovismodo.
2940 1174 3016 1247 Si
3087 1177 3237 1271 quis
3290 1197 3429 1248 au-

104 1273 248 1351 te'm
297 1285 535 1349 contra
591 1274 965 1371 praedicta,
1018 1284 1323 1349 nostram
1374 1278 1802 1380 majestatem
1858 1280 2393 1374 praesumpserit
2446 1288 2822 1367 attentare
2892 1277 3430 1373 indignationem

104 1386 390 1453 nostrae
437 1380 817 1470 majestatis
870 1382 1212 1468 incurrat
1265 1379 1502 1451 harum
1553 1388 1947 1452 nostrarum
2013 1380 2140 1454 sub
2192 1385 2582 1455 testimonio
2634 1381 3051 1471 litterarum
3131 1401 3302 1477 quas
3357 1382 3431 1455 in

106 1479 675 1557 consuetudinem
729 1485 1289 1577 praemissorum
1343 1478 1469 1554 sab
1522 1482 1749 1575 sigillo
1801 1493 2040 1560 nostro
2096 1487 2568 1557 concessimus
2624 1481 2749 1559 snb
2785 1506 3132 1580 appens03
3203 1482 3432 1556 donec

104 1592 341 1658 tamen
395 1588 463 1656 in
521 1584 746 1657 dehita
800 1583 1126 1657 fidelitate
1148 1636 1172 1670 ,
1244 1582 1628 1657 obedientia
1710 1596 1781 1658 et
1833 1583 2260 1678 subjectione
2312 1586 2513 1661 nohis
2532 1639 2557 1676 a
2625 1596 2712 1680 et,
2735 1590 3019 1680 ¹nostris
3098 1583 3430 1683 praefatis

106 1685 527 1761 haeredibus
602 1689 1060 1783 perstiterint,
1140 1687 1271 1760 den
1364 1691 1822 1783 praestiterint
1891 1689 2179 1764 valitura
2201 1715 2218 1761 ι
2239 1705 2272 1724 ·“
2299 1691 2513 1765 salvis
2588 1691 2814 1764 certis*
2866 1700 3093 1762 tamen
3159 1685 3429 1782 juribus

105 1790 379 1863 alienis.
431 1789 678 1863 Datum
714 1793 785 1864 in
817 1787 997 1863 Aula
1050 1800 1283 1864 nostra
1320 1789 1566 1885 Regali
1601 1790 1937 1866 Sutescha
1972 1815 2099 1888 per
2132 1813 2372 1866 manus
2426 1792 2803 1868 fidelissimi
2840 1791 3068 1865 dilecti
3119 1791 3428 1866 Thomae

109 1891 200 1967 dd
255 1891 531 1965 Luzach
602 1891 956 1989 praefatae
1026 1894 1251 1967 Aulae
1322 1904 1601 1968 nostrae
1651 1894 2218 1969 vicecancellarii
2269 1894 2398 1969 sub
2452 1895 2659 1970 Anno
2712 1896 2984 1969 Domini
3037 1889 3429 1989 Moccxo.

110 1995 317 2069 XXX
368 1995 480 2069 die
536 1996 832 2092 Augusti
883 1999 1162 2101 mensis.
1270 1995 1448 2100 XIII.
1501 1996 1900 2071 Indictione.

102 2197 295 2251 rarus
329 2196 592 2264 myrteum
627 2178 841 2252 sterium
875 2198 929 2250 τ.
967 2198 1063 2256 ιιι,
1087 2216 1139 2268 p.
1180 2198 1301 2270 sse.

1382 2916 2172 2973 -wtw—
