3950 5917
3292 455 3442 526 497

120 659 346 752 chiae
400 663 596 756 ipsis,
654 679 1030 754 eorumque
1083 656 1493 731 haeredibus
1549 652 2105 744 successorihus
2161 666 2231 728 et
2282 654 2790 751 posteritatibus
2846 611 3219 751 universis,
3270 683 3445 757 per-

110 774 323 859 petuo
372 762 882 852 confirmamus,
934 759 1395 850 ratificamus
1468 770 1538 831 et
1608 758 2065 856 approbamus
2135 756 2753 855 inviolabiliterque
2823 753 3210 836 ohservare
3262 785 3439 859 pro-

116 869 486 954 mittimus;
557 862 918 939 Cameram
971 884 1149 938 vero
1202 863 1413 955 Salis,
1466 872 1540 936 et
1585 862 1807 937 XXX.
1862 883 1988 958 pro
2040 870 2279 936 nostra
2331 860 2698 954 majestate
2749 874 3227 957 reservantes,
3277 867 3446 939 nul-

116 969 258 1041 lum
314 970 516 1041 alium
570 966 846 1040 Datium
894 969 1067 1063 ipsis
1119 965 1528 1058 inferentes,
1579 968 1716 1042 nisi
1764 965 1928 1038 illud
1963 963 2150 1061 quod
2183 975 2495 1062 tempore
2531 965 2824 1061 praefati
2857 965 3074 1062 Regis
3110 967 3445 1043 Ludovici
3481 986 3486 990 ·

112 1071 324 1145 fuerit
375 1074 733 1162 usitatum3
812 1079 884 1143 et
955 1069 1138 1166 quod
1208 1067 1330 1142 Sal
1395 1078 1679 1144 nostrae
1751 1090 2074 1142 camerae
2141 1070 2212 1140 in
2274 1067 2625 1164 praediola
2675 1066 2909 1142 Insula
2958 1071 3301 1144 vendatur
3354 1093 3442 1144 eo

115 1178 368 1270 pretio,
423 1196 560 1270 quo
614 1172 933 1247 venditur
981 1176 1054 1247 in
1090 1173 1258 1247 ‘aliis
1314 1170 1625 1248 Cameris
1673 1175 1930 1247 nostris
1983 1171 2390 1256 Dalmatiae.

428 1328 718 1424 Insuper
771 1326 1124 1418 addimus,
1179 1337 1250 1400 et
1300 1309 1617 1400 fidelibus
1667 1329 1923 1400 nostris
1980 1323 2497 1401 Communitatis
2552 1325 2886 1399 Brachiae
2959 1327 3046 1401 ad
3109 1331 3443 1420 majorem

111 1436 423 1529 ipsorum
477 1432 1050 1519 consulationem,
1105 1428 1195 1502 de
1247 1439 1484 1503 nostra
1535 1433 1759 1525 gratia
1813 1430 2084 1524 spetiali
2137 1481 2498 1502 ........
2548 1438 2624 1500 ut
2676 1429 2921 1502 eadem
2978 1428 3462 1510 Communitas.

114 1539 344 1632 possit
391 1532 610 1609 libere
664 1534 928 1627 eligere
983 1532 1114 1606 sihi
1164 1537 1233 1605 in
1290 1530 1669 1605 Comitem
1654 1554 1885 1605 unum
1920 1554 2016 1604 ex
2052 1534 2306 1606 nostris
2342 1529 2682 1622 fidelibus
2726 1555 2882 1606 oum
2928 1531 3446 1608 confirmatione

109 1648 347 1712 tamen
399 1646 685 1710 nostrae
736 1635 1151 1729 majestatis.-
1247 1634 1604 1710 Volentes
1636 1638 1843 1708 etiam
1895 1656 2171 1709 omnem
2223 1637 2559 1728 gratiam
2636 1655 2766 1731 per
2812 1634 3250 1729 Majestatem
3301 1661 3444 1712 no-

116 1751 335 1814 stram
385 1742 554 1836 ipsis
601 1738 947 1826 collatam,
1002 1738 1188 1811 nullo
1239 1740 1447 1812 modo
1501 1738 1879 1833 infringere
1918 1736 2048 1813 sed
2083 1747 2414 1840 perpetuo
2470 1737 2776 1828 firmam,
2812 1749 2883 1811 et
2913 1750 3128 1812 ratam
3164 1738 3444 1814 habere.

112 1843 602 1918 Promittentes
655 1847 875 1939 ipsos,
927 1844 1368 1937 ipsorumque
1421 1841 1954 1915 Universitatem
2006 1843 2079 1914 in
2130 1839 2310 1914 bona
2364 1863 2543 1935 pace
2593 1850 2669 1914 et
2719 1843 2949 1938 quiete
3000 1853 3270 1935 tenere,
3306 1845 3445 1916 de-

111 1944 437 2026 fendere..
491 1968 578 2017 ae
628 1945 831 2034 tueri,
886 1953 1128 2017 eontra
1184 1965 1428 2019 omnes
1480 1945 1797 2018 homines
1844 1943 2167 2017 volentes
2218 1947 2411 2039 ipsos
2460 1939 2896 2067 opprimere
2971 1947 3301 2036 viriliter
3376 1957 3446 2018 et

111 2058 439 2146 potenter
480 2048 683 2140 juxta
734 2068 948 2144 posse
1000 2056 1330 2121 nostrum.
1403 2046 1479 2119 In
1535 2069 1819 2142 quorum
1876 2048 2200 2134 οιιιιιίιιιιι
2256 2055 2328 2119 et
2378 2050 2480 2119 rei
2530 2051 2957 2136 memoriam.
3010 2047 3445 2122 firmitatem-

110 2174 255 2249 que
305 2161 729 2247 perpetuam
809 2160 1215 2247 praesentes
1270 2153 1782 2238 concessimus,
1825 2158 1937 2272 ..οἱ
1954 2150 2218 2222 litteras
2270 2158 2545 2224 nostras
2596 2152 3068 2244 privilegiatas
3123 2153 3445 2280 penden-

432 2408 679 2480 Datum
752 2406 823 2479 in
878 2407 1057 2479 Aula
1111 2417 1346 2482 nostra
1399 2407 1647 2502 Regali
1693 2406 2081 2481 Sutesohae
2151 2429 2277 2503 per
2321 2429 2594 2480 manum
2648 2408 2953 2482 Thomae
3009 2409 3096 2482 de
3150 2408 3446 2499 Lumen,

107 2511 346 2586 Aulae
398 2509 753 2606 praefatae
805 2510 891 2583 V.
948 2508 1332 2584 cancelarii
1386 2510 1613 2584 dilecti
1666 2521 1737 2583 et
1788 2510 2036 2600 tidelm,
2118 2511 2591 2606 praesentibus
2643 2510 3030 2606 Magnifiois
3085 2522 3156 2584 et
3206 2513 3446 2607 Egre-

112 2615 257 2709 giis
320 2612 506 2686 Viris
575 2612 659 2685 D.
713 2613 797 2686 D.
873 2610 1247 2688 Comitibns
1317 2613 1595 2689 Barissa
1669 2613 2046 2706 (Dabissa)
2120 2610 2430 2706 Gemite,
2505 2614 2642 2688 Sti
2659 2637 2829 2710 poe
2905 2616 3444 2690 Harvatone

112 2716 418 2805 Gemite,
471 2716 685 2789 Paulo
731 2714 1024 2804 Rudini,
1102 2716 1446 2813 Triphone
1520 2716 1586 2790 di
1659 2713 1936 2790 Cattaro
2008 2715 2234 2790 Aulae
2306 2728 2591 2794 nostrae
2661 2718 3232 2808 Protovestiario,
3284 2718 3447 2791 Vu-

106 2821 374 2895 ladone
429 2818 895 2910 (Vlatchone)
948 2818 1303 2912 VoJ‘voda‚
1341 2815 1604 2912 'Uhoja
1662 2820 1786 2912 (de
1839 2819 2107 2911 Usora)
2164 2818 2456 2912 Gemite,
2509 2820 2758 2895 Priboe
2805 2820 3243 2895 Masnoroioh
3295 2822 3450 2894 Bu-

108 2923 302 2997 hano
360 2921 753 3016 (Somno),
806 2921 1069 2995 Biliaoo
1122 2922 1546 3013 Senoovich,
1602 2933 1668 2996 et
1719 2922 2069 2995 Sladiuhio
2123 2921 2532 2999 Masuovich
2587 2936 2826 2999 nostro
2881 2924 3246 3016 Pinoerna.,
3307 2948 3451 2999 no·-

113 3030 281 3103 stris
320 3024 661 3117 fidelibus,
715 3034 785 3098 et
835 3024 1100 3099 dilectis
1156 3025 1281 3100 sub
1318 3025 1524 3100 Anno
1563 3025 1874 3099 Domini:
1937 3024 2160 3097 1390.
2213 3023 2357 3099 Iud.
2404 3027 2582 3099 xm.
2640 3027 2752 3101 die
2802 3028 2924 3101 23.
2961 3028 3224 3106 Mensis
3271 3029 3452 3102 Julii.

1632 3281 1744 3374 [L.
1822 3281 1939 3374 s.)
1999 3264 2016 3282 ‘

436 3489 833 3565 Franeesoo
883 3488 1144 3563 Minalli
1197 3487 1563 3562 Canoelier
1613 3487 1791 3562 della
1842 3487 2110 3568 Brazza
2163 3487 2249 3559 ha
2306 3487 2373 3560 d’
2412 3489 2580 3561 altra
2635 3488 2768 3560 fida
2829 3509 3034 3561 mano
3090 3489 3253 3561 satta
3312 3512 3446 3561 co-

98 3598 313 3690 piare
365 3591 431 3667 d’
484 3593 654 3667 altra
722 3593 945 3668 simile
1016 3593 1402 3666 authentica
1472 3595 1805 3669 asistente
1885 3612 2222 3697 appresso
2276 3591 2390 3664 del
2443 3591 2587 3684 Sig.
2644 3589 2957 3666 Vioenzo
3009 3592 3258 3684 Prodi
3328 3597 3450 3666 in-

98 3706 467 3789 conti-ato,
521 3701 941 3773 sottosoritto
996 3719 1040 3769 e
1094 3695 1411 3791 sigillato.

1582 3953 1694 4047 (L.
1735 3954 1806 4029 s.
1862 3953 1986 4043 Ν.)
2261 3945 2301 3968 “

436 4157 726 4235 Nieeolo
778 4159 1207 4255 Wragnizan
1260 4160 1435 4236 Nod.
1488 4160 1652 4235 Pub.
1730 4160 1819 4234 ha
1888 4161 2061 4237 fatto
2136 4166 2414 4260 copiare
2494 4163 2580 4236 da
2637 4162 2766 4237 fida
2826 4186 3026 4238 mano
3083 4162 3196 4237 dal
3246 4160 3450 4236 Libro

96 4265 232 4341 de’
287 4262 617 4359 Privilegj
675 4287 716 4336 a
774 4275 1064 4362 stampa‚
1119 4268 1543 4342 sottosoritto
1598 4289 1640 4339 e
1694 4266 2014 4360 sigillato.

92 4519 381 4574 Cicarelli.
420 4518 780 4575 Ouervazieui
815 4519 928 4573 null’
963 4519 1095 4574 isola
1131 4519 1271 4574 della
1301 4517 1514 4576 Bruta.
1548 4521 1773 4574 Venetia
1814 4520 1968 4588 18⁰2,
2007 4539 2057 4590 p.
2088 4521 2204 4574 126.

337 5521 493 5588 (rm
536 5519 576 5574 1.
630 5520 805 5577 rma.
861 5531 917 5575 οι
947 5521 1166 5591 mon)
2382 5488 2398 5500 ’
2469 5499 2482 5514 “
2790 5577 2796 5590 .
2931 5491 3032 5566 63
