3950 5917
514 651 702 726 beati
755 650 1054 748 dompnii
1105 658 1176 722 et
1225 657 1533 725 nostram
1584 670 1670 722 ac
1721 647 2092 747 supradicti
2145 648 2418 740 concilij
2472 669 2747 745 penam,
2801 648 2863 722 si
2914 655 3153 721 contra
3201 643 3535 737 feceritis,
3595 645 3848 741 procul

522 757 730 831 dublo
782 764 1317 953 uggtrdeggaleti
1366 859 1439 932 in
1487 857 1756 954 palacio
1801 855 2404 955 Archiepiscopali
2457 853 2568 930 die
2618 853 2859 930 Martis
2893 852 3023 929 ΧΠ
3056 852 3264 947 Madij
3318 852 3497 927 infra
3550 861 3850 926 octauas

518 964 701 1037 beati
758 962 1078 1059 dompnij.
1125 960 1504 1035 Indictione
1557 971 1781 1036 sexta.

518 1143 666 1213 orig.
698 1140 915 1196 membr.
947 1142 1002 1194 in
1038 1155 1155 1195 mea
1190 1139 1499 1195 collectione
1535 1138 1881 1210 Diplomatum
1917 1138 2268 1211 misianum.
2415 1182 2428 1191 .

1946 1727 2404 1813 LXXV.

1915 2019 2125 2090 Anno
2194 2015 2431 2088 1285.
3805 2124 3818 2171 ι

513 2280 1094 2385 Radislaus,
1158 2277 1507 2360 Comes
1559 2279 1674 2360 de
1729 2244 2058 2386 Glaas,
2098 2279 2478 2360 Verbas
2529 2278 2910 2359 etSana
2953 2282 3248 2382 (nunc
3296 2280 3389 2356 in
3430 2274 3838 2357 Oroatia

512 2419 1013 2524 Turcica),
1096 2444 1433 2525 agrum
1513 2429 1606 2498 et
1687 2420 2107 2499 insulam
2185 2417 2598 2523 Tympor
2663 2416 3160 2497 Abbatiae
3239 2413 3841 2520 Toplicensi

1994 2557 2344 2638 reddst.

825 2828 974 2903 Nos
1026 2828 1415 2920 Radislaus,
1472 2826 1726 2906 Comes
1780 2829 1868 2903 de
1920 2829 2157 2918 Glaas,
2226 2829 2455 2904 Vrbaz
2508 2839 2579 2905 et
2629 2828 2845 2921 Zona,
2896 2831 3273 2903 memoriae
3321 2824 3842 2917 commendant-

510 2945 622 3008 tes
678 2932 1141 3028 significamus
1194 2936 1565 3025 universis,
1627 2933 1871 3030 qvibus
1933 2934 2238 3032 expedit,
2290 2937 2749 3030 praesentium
2801 2956 2929 3031 per
2976 2943 3310 3009 tenorem.
3417 2929 3619 3018 Quod
3671 2952 3836 3003 cum

518 3048 701 3110 terra
768 3059 948 3132 qvae
1018 3035 1264 3111 dicitur
1330 3038 1558 3113 Insula
1626 3037 1952 3135 Tympor,
2026 3043 2154 3114 sita
2216 3041 2416 3131 juxta
2485 3039 2764 3113 fluvium
2815 3034 2959 3111 Wn
3014 3036 3273 3130 (Una),
3341 3045 3500 3131 post
3567 3033 3827 3109 obitum

520 3144 735 3237 ipsius
786 3141 1113 3238 Tympor,
1181 3141 1403 3215 Fratri
1452 3141 1708 3217 Nostro
1758 3142 2099 3239 Dyonisio
2151 3142 2372 3234 Bano,
2442 3140 2670 3219 bonae
2722 3144 3123 3234 memoriae,
3176 3151 3247 3214 et
3295 3137 3538 3231 Nobis,
3589 3137 3836 3211 medi-

510 3243 780 3320 antibus
827 3248 1291 3320 instrumentis
1366 3245 1727 3342 Regalium
1778 3247 2156 3321 Literarum
2207 3249 2677 3325 remansisset.
2779 3243 3132 3341 Nobisque
3209 3243 3497 3317 eandem
3568 3253 3838 3316 terram

509 3372 635 3446 per
687 3351 879 3445 plura
930 3359 1237 3445 tempora
1290 3349 1796 3447 possidentibus
1847 3351 2164 3448 pacifice,
2218 3360 2289 3424 et
2321 3349 2734 3442 tenentibus,
2785 3352 3041 3424 nemini
3093 3350 3474 3423 viventium
3525 3344 3612 3419 de
3659 3345 3838 3418 No-

507 3452 754 3527 bilibus
805 3452 1031 3547 Regni
1082 3452 1500 3528 Sclavoniae
1554 3454 2094 3546 contradicente,
2162 3456 2280 3529 vel
2331 3477 2457 3552 pro
2511 3458 2659 3551 ipsa
2709 3453 2928 3529 Nobis
2981 3451 3424 3542 adversante,
3508 3472 3840 3524 venera·—

506 3555 663 3632 bilis
713 3557 918 3629 Pater
966 3557 1079 3630 Fr.
1105 3556 1410 3632 Jacobus
1464 3557 1684 3633 dictus
1732 3557 2001 3651 Abbas,
2055 3569 2127 3631 et
2178 3557 2577 3634 Conventus
2627 3558 2992 3633 Ecclesiae
3042 3556 3498 3653 Toplicensis,
3530 3553 3836 3629 Litteras

507 3659 985 3753 Privilegiales
1037 3659 1309 3734 Domini
1359 3660 1603 3755 Regis,
1682 3684 1890 3758 super
1954 3665 2104 3758 ipsa
2171 3671 2356 3735 terra
2437 3661 2824 3754 confectas,
2893 3658 3111 3735 Nobis
3183 3669 3834 3755 praesentaverunt,

476 3785 799 3860 -qvornm
849 3773 1093 3838 tenore
1143 3767 1301 3839 viso
1356 3774 1428 3837 et
1476 3765 1827 3854 intelecto,
1879 3776 2080 3861 prout
2127 3767 2422 3841 vidimus
2475 3770 2542 3839 in
2595 3769 2764 3864 ipsis
2813 3765 3086 3841 Litteris
3137 3765 3403 3860 plenius
3458 3766 3830 3849 contineri,

500 3867 1031 3943 considerantes
1099 3889 1262 3942 esse
1329 3869 1633 3941 illicitum
1684 3880 1757 3943 et
1805 3873 2280 3964 incongruum,
2350 3881 2424 3944 ut
2491 3881 2675 3944 terra
2727 3870 3093 3944 Ecclesiae
3162 3868 3624 3965 Toplicensis,
3695 3889 3842 3961 per

502 3970 652 4045 Nos
706 3972 1086 4067 aliqvaliter
1138 3982 1532 4067 occupetur,
1583 3973 1705 4047 vel
1754 3973 2183 4069 impediatur,
2235 3974 2582 4050 reddimus
2637 3973 2925 4050 eandem
2979 3983 3234 4049 terram
3288 3982 3358 4045 et
3401 3973 3832 4046 restituimus

502 4074 868 4149 Ecclesiae
917 4075 1310 4172 Toplicensi
1360 4088 1690 4175 perpetuo
1741 4077 2230 4170 rehabendam,
2301 4089 2372 4153 et
2422 4077 2934 4176 possidendam,
2987 4100 3077 4151 eo
3131 4075 3377 4150 modo:
3434 4073 3634 4163 Quod
3688 4097 3836 4149 nec

504 4201 631 4275 per
660 4178 836 4271 NoS,
891 4201 1023 4253 nec
1072 4202 1199 4277 per
1247 4179 1543 4255 Nostros
1596 4203 2077 4276 successores,
2127 4206 2255 4259 seu
2306 4184 2575 4278 aliqvos
2629 4183 2716 4257 de
2759 4181 3014 4256 Nostra
3065 4184 3543 4275 generatione,
3595 4179 3840 4273 aliqva

500 4286 858 4379 impetitio,
911 4288 1252 4379 qvaestiO,
1308 4306 1434 4359 seu
1468 4288 1844 4381 requisitio,
1898 4309 2023 4382 pro
2076 4298 2259 4362 terra
2310 4286 2619 4384 praefata
2671 4289 2891 4382 possit
2941 4284 3090 4358 fieri
3142 4295 3382 4358 contra
3434 4283 3836 4357 Ecclesiam

501 4386 1005 4484 Toplicensem.
1108 4388 1187 4462 In
1240 4391 1435 4481 cujus
1487 4393 1593 4462 rei
1636 4394 2097 4465 testimonium
2146 4399 2553 4488 praesentes
2619 4389 2884 4465 Literas
2955 4388 3247 4465 Nostras
3319 4391 3836 4475 concessimus,

470 4490 862 4584 pendentis
914 4491 1135 4589 sigini
1186 4491 1420 4568 Nostri
1471 4495 1840 4566 munimine
1892 4491 2274 4569 roboratas.
2362 4495 2610 4569 Datum
2661 4494 2868 4569 Auno
2922 4493 3197 4568 Domini
3245 4492 3613 4569 Millesimo
3667 4490 3848 4564 Du—

503 4599 883 4669 centesimo
936 4599 1409 4690 octuagesimo
1463 4598 1721 4692 qviuto.

504 4766 587 4823 Ex
618 4767 981 4840 Trans-ummo
1016 4771 1409 4843 Privilegiorum
1443 4771 1699 4827 Abbatiae
1732 4772 1793 4827 B.
1827 4773 1894 4826 n.
1929 4773 1990 4827 V.
2028 4775 2094 4829 de
2128 4775 2423 4846 Tbopusko.
