3950 5917
504 377 665 456 402

2009 583 2066 646 A
2120 595 2295 666 ter-90
2314 608 2337 646 .-

821 771 1282 860 Reverendis,
1355 772 1909 866 Honorabilibus,
1981 774 2482 870 spectabilibus
2557 800 2640 849 ac
2711 776 3140 872 Magnificis,
3222 779 3602 875 Magnificis
3675 784 3818 853 item

504 876 833 972 Egregijs
906 888 975 950 et
1045 877 1422 971 Nobilibus,
1503 902 1637 952 nec
1706 901 1846 952 non
1916 878 2366 953 Prudentibus
2440 904 2524 954 ac
2579 880 3110 977 Circumspectis
3163 881 3247 954 N.
3302 884 3384 956 N.
3438 883 3820 978 Regnorum

505 980 913 1054 Nostrorum
967 982 1374 1072 Dalmatiae,
1432 981 1751 1056 croatiae
1805 992 1876 1056 et
1927 983 2347 1056 Sclavoniae
2400 984 2761 1059 Universis
2815 986 3116 1061 Statibus
3173 992 3237 1059 dc
3292 986 3658 1061 Ordinibus
3710 992 3821 1059 dte.

504 1084 562 1157 F
566 1084 851 1159 idelibus
896 1083 1112 1160 Nobis
1168 1085 1454 1160 dilectis.

1024 1292 1394 1367 Varasdini
1446 1316 1539 1366 ex
1593 1293 1770 1368 offo.

2020 1526 2133 1619 (L.
2209 1527 2319 1615 S.)

506 1805 654 1880 Orig.
687 1809 741 1860 in
777 1807 936 1860 Arch.
972 1807 1102 1876 Reg.
1139 1805 1313 1865 Croat.
1347 1808 1479 1860 Actu
1537 1806 1701 1881 Regni
1739 1805 1933 1877 Gongr.
1978 1806 2133 1872 1738,
2170 1805 2256 1859 Νι.
2296 1809 2379 1863 11.

1884 2404 2464 2488 conns.

1393 2694 1601 2764 Anno
1663 2690 1898 2763 1745.
1965 2692 2083 2763 die
2143 2692 2212 2762 1.
2260 2691 2551 2785 Aprilis.
2627 2690 2953 2765 Viennae.

508 2954 1065 3034 Instructio
1163 2952 1896 3034 Commissariis
1979 2979 2148 3058 pro
2244 2958 3181 3058 reincorporatione
3285 2952 3832 3032 Inferioris

663 3091 1204 3173 Slavoniae
1271 3095 1903 3197 constitutiS,
1969 3118 2012 3173 a
2073 3091 2463 3199 Regina
2525 3093 2822 3173 Maria
2886 3091 3369 3173 Theresia
3434 3091 3687 3169 data.

824 3364 1218 3438 Communis
1299 3386 1384 3437 ac
1453 3364 1735 3437 ulterior
1813 3363 2177 3437 Instructio
2233 3360 2871 3438 Commissariorum
2953 3362 3358 3437 Nostrorum
3436 3361 3834 3455 Regiorum,

511 3467 872 3542 Generalis
927 3472 1173 3563 quippe
1225 3471 1441 3541 nostri
1476 3468 1766 3541 Bai-onis
1812 3467 1898 3539 ab
1933 3467 2455 3560 Engelshoffen,
2512 3466 2795 3541 Comitis
2840 3469 3013 3560 jtem
3052 3465 3433 3539 Alexandri
3469 3462 3836 3538 Patachicb

512 3582 583 3646 et
635 3572 926 3645 Baronis
1002 3571 1297 3646 Ladislai
1369 3571 1594 3666 Vajai,
1678 3571 1764 3643 ad
1827 3574 2446 3670 incorporationem
2519 3571 2771 3666 Syrmij
2840 3580 2911 3643 et
2960 3570 3309 3644 inferioris
3397 3569 3836 3643 Sclavoniae.

508 3698 634 3772 pro
707 3678 1056 3770 exigentia
1133 3674 1426 3746 Articuli
1495 3675 1596 3746 18
1668 3683 1739 3746 et
1793 3673 1912 3745 50.
1968 3677 2392 3748 novissimae
2473 3675 2757 3747 Diaetae
2841 3697 2967 3749 suo
3050 3674 3255 3747 modo
3334 3673 3836 3761 instituendam,

510 3779 737 3852 denuo
802 3783 1282 3853 exmissorum.

822 3881 1170 3978 Siquidem
1207 3883 1591 3977 praemisso
1628 3882 1697 3953 in
1728 3884 2009 3975 negotio
2037 3871 2617 3984 Incorporationis
2654 3882 2826 3954 ultra
2858 3905 2967 3974 ea,
3009 3904 3185 3977 quae
3207 3886 3349 3975 jam
3380 3883 3610 3956 Annis
3631 3901 3835 3976 prae-

511 3988 731 4059 teritis
786 3986 1160 4059 clementer
1211 3984 1626 4059 resolvimus
1683 3994 1751 4056 et
1802 3986 1997 4059 Bano
2054 3984 2398 4074 croatiae,
2472 4009 2606 4058 nec
2660 4008 2797 4058 non
2850 3985 3163 4082 praefato
3220 3985 3548 4059 Generali
3606 3994 3832 4059 nostro

510 4088 596 4162 ab
650 4089 1143 4184 Engelsholl'en
1227 4088 1338 4161 die
1393 4087 1514 4161 30.
1572 4086 1889 4162 Octobris
1960 4090 2146 4161 Anni
2219 4088 2421 4161 1743
2491 4100 2561 4162 et
2633 4087 2878 4162 Comiti
2948 4089 3344 4180 Patachich,
3415 4114 3648 4187 aeque
3723 4084 3834 4162 sub

508 4192 623 4266 die
679 4194 749 4266 5.
806 4193 1103 4288 Augusti
1171 4193 1357 4264 Anni
1426 4196 1743 4288 proxime
1807 4196 2182 4287 praeteriti,
2260 4189 2705 4266 conformiter
2770 4194 2856 4267 ad
2928 4198 3343 4289 praecitatos
3418 4194 3542 4266 18.
3603 4204 3675 4268 et
3723 4190 3830 4266 50.

505 4296 696 4370 Anni
750 4297 947 4369 1741
1008 4296 1388 4389 Articulos,
1468 4305 1787 4391 tanquam
1841 4295 2073 4369 Basim
2130 4306 2198 4369 et
2252 4296 2762 4370 fundamentum
2816 4302 3021 4373 totius
3076 4299 3361 4371 huiusce
3411 4298 3828 4396 Incorpora-

506 4403 713 4475 tionis
784 4401 1066 4474 ulterius
1135 4423 1408 4496 quoque
1477 4399 1778 4494 benigne
1848 4404 2249 4492 insistimus,
2323 4401 2549 4474 medio
2624 4405 2825 4475 etiam
2898 4412 3209 4498 tempore
3265 4408 3634 4499 sequentia
3687 4401 3827 4474 cle-

506 4515 778 4578 menter
830 4505 1390 4578 resolvissemus.

822 4607 1147 4697 Primo,
1202 4617 1275 4680 ut
1302 4606 1592 4703 praefati
1630 4605 2097 4699 Commissarij
2140 4610 2353 4681 nostri
2390 4607 2590 4702 Regij
2650 4618 2806 4703 post
2849 4620 3204 4705 acceptam
3259 4610 3436 4683 hanc
3471 4609 3825 4703 benignam

503 4708 1031 4785 instructionem
1112 4721 1415 4786 nostram
1472 4711 1558 4784 ad
1613 4712 1962 4784 Summum
2018 4715 2191 4784 intra
2250 4711 2350 4784 14
2405 4711 2555 4784 dies
2610 4712 2695 4783 ad
2750 4711 3000 4786 faciem
3071 4714 3209 4786 loci
3254 4717 3511 4806 jterum
3590 4718 3824 4786 exeant

503 4824 584 4887 et
633 4839 757 4911 pro
812 4826 1004 4887 certo
1061 4815 1170 4888 die
1225 4837 1311 4887 ac
1360 4816 1546 4906 loco,
1609 4838 1734 4914 per
1785 4818 1976 4910 ipsos
2028 4814 2578 4909 cointelligenter
2631 4815 3084 4906 designando,
3142 4819 3339 4891 simul
3393 4822 3820 4900 conveniant,

504 4930 597 4992 et·
633 4941 851 5014 usque
904 4917 1108 4992 finem
1164 4916 1679 5016 Corporationis
1748 4921 1945 4994 istius
2000 4922 2068 4992 in
2126 4919 2437 4994 omnibus
2502 4918 2902 4993 Militat-ibus
2960 4943 3179 5017 aeque
3236 4945 3342 5002 ac„
3371 4920 3823 4995 Provinciali-

507 5021 640 5096 bus
696 5024 1098 5096 simultanee
1136 5046 1221 5095 ac
1258 5026 1706 5096 communiter
1772 5033 2001 5117 agant.
2077 5022 2289 5117 Igitur
2341 5033 2413 5095 ut
2456 5027 2743 5119 primum
2782 5023 2870 5096 ad
2908 5024 3314 5098 destinatum
3369 5024 3631 5097 Locum
3668 5045 3824 5119 per-

504 5130 853 5219 venerint,
928 5137 997 5200 et
1051 5126 1253 5201 simul
1306 5129 1649 5200 constituti
1702 5124 1980 5218 fuerint,
2052 5150 2136 5198 ac
2192 5127 2278 5200 de
2333 5137 2643 5222 tempore
2716 5137 2786 5199 et
2837 5132 3258 5202 necessitate
3313 5128 3467 5202 fore
3544 5149 3826 5223 compe-

508 5234 752 5317 rerint,
832 5232 1004 5303 ultra
1050 5233 1196 5324 jam
1247 5253 1373 5328 per
1428 5228 1798 5303 Consilium
1855 5241 2162 5305 nostrum
2224 5230 2450 5303 Aulae
2503 5232 2834 5303 Bellicum
2907 5231 3316 5327 publicatam
3386 5254 3642 5306 novam
3695 5235 3827 5302 ite-

511 5341 666 5403 rato
737 5354 863 5426 pro
917 5335 1263 5407 universis
1334 5332 1825 5431 praedonibus,
1894 5356 2065 5428 prae
2136 5334 2446 5409 manibus
2517 5334 2909 5426 Judiciarijs
2982 5336 3276 5409 nondum
3357 5334 3826 5424 existentibus,
