3950 5917
538 428 652 520 80

540 640 858 715 introitus
909 648 1145 737 portus
1223 641 1519 715 civitatis
1572 638 1658 713 de
1738 644 2089 716 extraneis
2167 640 2337 717 duas
2407 652 2639 739 partes
2690 642 2849 718 Rex
2912 642 3183 733 babeat,
3260 648 3528 718 tertiam
3583 642 3850 719 Comes

548 745 867 816 civitatis.
969 743 1046 817 In
1100 747 1380 818 civitate
1448 754 1683 818 vestra
1760 749 2103 819 neminem
2153 746 2653 840 Huugar‘orum,
2731 749 2849 823 vel
2916 748 3447 841 alienigenarum
3528 746 3849 822 babitare

548 851 956 946 permittam,
1008 850 1141 922 nisi
1193 870 1393 944 quem
1445 847 1763 923 voluntas
1814 859 2049 923 vestra
2103 854 2482 946 expetierit.
2546 848 2714 924 Cum
2768 860 2991 925 autem
3045 851 3131 924 ad
3182 873 3316 925 vos
3370 850 3846 944 coronandus,

554 962 672 1025 aut
720 950 1079 1026 vobiscum
1131 956 1329 1047 regni
1398 956 1675 1046 negotia
1725 962 2132 1027 tractaturus
2187 976 2473 1046 venero,
2542 958 2795 1028 nemini
2847 959 3097 1029 civium
3148 959 3261 1030 vis
3312 954 3642 1029 inferatur
3693 955 3847 1030 do-

553 1078 815 1131 morum
869 1078 1169 1146 suarum,
1219 1059 1353 1130 nisi
1404 1078 1606 1152 quem
1640 1055 1913 1131 dilectio
1965 1067 2199 1131 vestra
2244 1062 2641 1154 susceperit.
2691 1058 3000 1133 Judicem
3052 1063 3230 1133 inter
3277 1081 3411 1134 vos
3465 1069 3534 1133 et
3586 1069 3846 1134 extru-

553 1182 730 1235 ueos
784 1183 825 1232 a
877 1182 988 1233 me
1060 1163 1489 1235 constitutum
1568 1158 1927 1233 vobiscum
1976 1163 2051 1233 in
2102 1164 2378 1234 civitate
2455 1161 2694 1236 scdulo
2763 1166 3170 1237 commorari
3220 1164 3414 1254 volo,
3490 1185 3624 1237 nec
3678 1185 3847 1238 eum

551 1274 749 1339 extra
800 1262 1038 1336 urbem
1093 1264 1262 1339 alias
1312 1262 1859 1360 proficiscentem
1934 1267 2042 1338 sui
2090 1275 2456 1361 praecepto
2536 1274 2650 1338 aut
2717 1266 2941 1360 sigillo
2996 1289 3037 1338 a
3087 1263 3290 1341 vobis
3343 1288 3551 1340 causa
3603 1268 3845 1364 placi-

550 1367 735 1442 tandi
787 1366 1204 1464 sequendum
1259 1367 1592 1440 concedo.
1662 1366 1740 1440 Si
1788 1370 1941 1463 quis
1992 1378 2377 1443 vestrorum
2428 1391 2556 1465 per
2606 1391 2828 1442 meum
2880 1368 3192 1464 Regnum
3244 1379 3454 1453 terra,
3526 1374 3846 1467 marique

545 1474 825 1565 negotia
874 1473 1291 1559 exercuerit,
1371 1470 1530 1544 mibi
1582 1465 1697 1544 a'ut
1749 1470 1952 1544 alieni
2031 1482 2415 1546 nostrorum
2494 1471 2838 1546 bominum
2919 1496 3013 1546 ex
3088 1477 3363 1569 proprio
3418 1478 3845 1547 commercio

530 1576 798 1649 nullum
848 1576 1204 1672 persolvat
1255 1573 1590 1664 debitum3
1671 1573 1949 1648 obsides
2003 1598 2044 1647 a
2094 1576 2298 1650 vobis
2376 1574 2559 1650 nullo
2634 1577 2836 1650 modo
2909 1580 3262 1674 recipiam,
3344 1577 3470 1652 sed
3519 1581 3589 1651 in
3641 1583 3843 1652 curia

541 1688 778 1753 nostra
833 1682 1101 1754 servire
1151 1678 1541 1752 volentibus
1592 1700 1834 1772 rogam
1882 1679 2296 1775 impendam,
2359 1690 2429 1754 et
2479 1679 2788 1754 morandi
2840 1684 2992 1756 sive
3046 1680 3440 1754 discedendi
3494 1681 3579 1753 ad
3634 1704 3843 1756 suum

540 1784 754 1873 velle,
806 1782 1223 1872 facultatem,
1252 1781 1623 1871 obtineant,
1675 1782 2060 1877 nullamque
2115 1805 2322 1878 super
2370 1784 2506 1856 boc
2559 1786 2938 1858 molestiam
2989 1783 3298 1858 inferam.
3378 1786 3488 1857 Ac
3542 1788 3603 1859 si
3647 1784 3842 1859 forte

543 1888 832 1983 aliquem
884 1886 1249 1960 dominium
1302 1908 1524 1959 mcum
1596 1907 1982 1979 aggravare
2033 1885 2396 1977 videbitur,
2477 1896 2548 1960 et
2597 1886 2835 1961 urbem
2905 1897 3207 1963 vestram
3262 1892 3455 1962 exire
3507 1889 3842 1980 voluerit,

543 2012 792 2064 secure
847 2012 999 2062 cum
1051 2012 1274 2063 uxore
1328 1998 1398 2062 et
1444 1988 1598 2063 filiis
1652 1993 1717 2062 dc
1768 1988 2021 2062 familia
2078 2000 2147 2062 et
2198 1991 2507 2066 omnibus
2587 1995 2732 2067 suis
2785 1991 2985 2065 bonis
3037 2013 3441 2088 quocunque
3489 1990 3619 2067 sibi
3674 1995 3839 2090 pla-

543 2098 785 2183 cuerit,
841 2104 973 2167 eat.
1061 2092 1255 2166 Haec
1308 2102 1533 2166 autem
1587 2096 1812 2166 omnia
1866 2094 2124 2190 absque
2176 2093 2416 2169 fraude
2469 2106 2540 2169 et
2589 2100 2867 2191 ingenio
2919 2095 3009 2170 ‘ad
3057 2096 3526 2170 detrimentum
3581 2100 3840 2172 civium

537 2199 657 2273 vel
710 2200 1004 2272 civitatis
1054 2200 1124 2270 in
1179 2196 1404 2293 aliquo
1454 2200 1779 2269 attinente
1833 2196 2244 2271 observabo.

846 2299 1365 2374 Sacramentum
1418 2299 1553 2372 boc
1605 2323 1646 2371 a
1696 2299 1895 2395 Rege
1948 2311 2021 2374 et
2061 2301 2601 2400 Arcbiepiscopo
2653 2302 2923 2377 Muchia
2978 2302 3442 2377 confirmatum
3496 2313 3622 2377 est.
3682 2302 3839 2399 Ego

528 2403 939 2479 Bacbien'sis
992 2404 1573 2501 Arcbiepiscopus
1622 2403 1829 2478 laudo
1884 2409 1949 2478 dc
2003 2405 2390 2481 confit-ino.-
2440 2407 2594 2501 Ego
2644 2406 2973 2482 Martinus
3027 2407 3390 2503 Agriensis
3441 2406 3835 2505 Episcopus

533 2508 738 2582 laudo
793 2518 863 2582 et
915 2507 1268 2581 confirmo.
1321 2507 1474 2601 Ego
1519 2507 1768 2581 Paulus
1818 2505 2351 2604 vesprimiensis
2402 2507 2784 2608 Episcopus
2836 2509 3040 2586 laudo
3096 2521 3166 2585 et
3217 2509 3568 2585 confi-mo.
3677 2511 3836 2606 Ego

534 2611 838 2687 Verblen
872 2610 1357 2708 Zagrabiensis
1408 2609 1790 2708 Episcopus
1840 2611 2046 2685 laudo
2101 2624 2171 2686 et
2223 2614 2571 2689 confirmo,
2623 2615 2777 2710 Ego
2830 2615 3143 2689 zacheus
3195 2615 3442 2690 Tavar.
3497 2614 3710 2689 laudo
3765 2625 3835 2688 et

538 2715 890 2790 confirmo.
990 2713 1148 2810 Ego
1200 2716 1507 2790 Joannes
1585 2713 2344 2812 Quinqueccclcsiensis
2414 2719 2795 2817 Episcopus
2847 2720 3050 2794 laudo
3105 2730 3176 2794 et
3228 2718 3566 2794 coi-firmo.
3677 2717 3832 2813 Ego

534 2818 786 2896 Paulus
841 2817 1287 2894 cenadiensis
1341 2820 1542 2893 laudo
1596 2828 1667 2892 et
1718 2818 2069 2894 confirmo.

534 2996 724 3054 Fan-lati
758 2996 1016 3067 Illyricum
1051 2997 1262 3051 Sacrum
1296 2997 1352 3051 Τ.
1387 2996 1472 3052 m.
1506 3015 1559 3067 p.
1598 2999 1716 3052 1¹74.
1750 3027 1818 3038 -
1852 2997 2007 3067 Fejer
2040 2998 2219 3053 Codex
2251 2999 2387 3069 Dipl.
2422 3000 2590 3070 Regni
2621 3000 2793 3071 liking.
2827 3001 2884 3054 Τ.
2913 3001 2978 3054 u.
3012 3017 3065 3072 p.
3091 3002 3209 3056 118.

2013 3587 2363 3672 XXV.

1932 3876 2141 3948 Anno
2204 3875 2437 3950 1151.

596 4138 897 4219 Belus
959 4137 1277 4217 Banus
1339 4137 1885 4218 immediate
1964 4150 2189 4243 post
2246 4137 2608 4246 Regem
2668 4143 2757 4219 in
2819 4139 3143 4220 fronte
3207 4140 3777 4245 diplomatis

1574 4275 2124 4384 Hungarici
2222 4280 2797 4359 nominatur.

841 4566 1092 4640 Divina
1144 4563 1582 4662 dispensante
1634 4565 2023 4658 clementia,
2079 4564 2313 4665 Geyse
2365 4566 2565 4662 Rege
2613 4577 2974 4663 regnante,
3035 4590 3214 4642 anno
3267 4589 3400 4663 quo
3455 4566 3831 4666 Mai-tyrius

531 4669 603 4740 in
653 4668 1265 4765 Arcbiepiscopum
1335 4680 1444 4744 est
1495 4668 1782 4761 electus,
1852 4668 2023 4744 Belo
2085 4669 2277 4744 Bane
2347 4676 2712 4766 existente,
2790 4673 3110 4770 colloquii
3178 4694 3386 4745 causa
3453 4671 3675 4767 Regis
3749 4695 3833 4746 ac

532 4774 741 4846 totius
791 4771 1018 4867 Regni
1072 4795 1224 4846 cum
1276 4772 1473 4846 Duce
1525 4771 1848 4848 Austriae
1916 4773 2141 4848 habita
2196 4784 2304 4851 cst
2355 4785 2486 4850 etc.

530 4965 793 5040 Originale
825 4969 879 5021 in
913 4966 1158 5022 Ambivio
1207 4967 1462 5023 Abbatiae
1514 4968 2023 5026 &canufi-tenensis.
2070 5001 2132 5012 -
2189 4971 2519 5029 Bonumentu
2550 4971 2844 5045 flung-riae
2877 4973 3140 5028 Historia.
3174 4971 3289 5026 Vol.
3316 4971 3400 5028 Vl.
3469 4969 3651 5027 Codex
3690 4970 3828 5043 mpl-

844 5053 1169 5126 Arpudiunus
1205 5053 1557 5111 continuatus.
1593 5054 1782 5111 Pestini
1820 5058 1973 5126 1860,
2009 5075 2130 5130 pag.
2164 5060 2252 5114 60.
