3950 5917
467 356 623 430 222

462 566 638 661 ipsis
693 562 782 636 de
830 561 1142 635 remedio
1198 559 1565 656 prouidere
1620 569 2024 655 opportuno.
2131 557 2279 632 Nos
2333 568 2563 632 autem
2644 559 2963 633 volentes
3037 569 3107 632 et
3161 557 3426 654 prefate
3475 558 3758 636 Ecclesia

467 664 936 742 commoditati
992 675 1062 737 et
1114 664 1452 736 dictorum
1505 662 2037 756 Regnicolarum
2093 672 2482 735 nostrorum
2540 665 2747 757 quieti
2803 685 2981 757 equo
3037 662 3572 757 dispensacionis
3619 687 3758 737 mo-

467 770 824 843 deramine
894 766 1289 865 prouidere,
1364 766 1682 840 volumus
1761 770 1968 861 igitur
2022 776 2092 839 et
2144 765 2451 838 fidelitati
2519 775 2758 839 vestre
2838 766 3076 838 harum
3151 768 3336 838 serie
3408 763 3758 841 firmissime

471 876 979 962 committimus,
1025 871 1213 943 aliud
1269 874 1336 941 in
1395 892 1667 942 omnem
1723 881 2046 943 euentum
2099 867 2356 942 habere
2412 871 2758 958 nolentes,
2813 879 3146 964 quatenus
3201 868 3443 942 habitis
3493 892 3760 965 presen-

467 975 676 1069 tibus,
724 975 1027 1073 prefatas
1075 975 1381 1046 decimas
1418 973 1715 1068 frugum,
1769 971 2152 1062 bladorum,
2202 977 2546 1059 vinorum,
2603 973 2987 1060 milliorum,
3044 974 3464 1067 aliarumque
3500 977 3764 1045 omnium

469 1103 728 1169 rerum,
808 1079 1135 1151 decimari
1213 1078 1547 1150 hactenus
1630 1077 2007 1164 solitarum,
2087 1099 2213 1172 per
2265 1076 2572 1172 prefatos
2643 1076 3105 1151 decimatores
3176 1079 3474 1149 annotati
3543 1076 3765 1149 domini
3902 1123 3903 1134 κ

470 1184 754 1257 Osualdi
805 1182 1130 1279 Episcopi
1176 1191 1247 1253 et
1282 1201 1767 1273 successorum
1823 1202 2129 1264 suorum,
2185 1183 2372 1251 iuxta
2430 1178 2987 1252 moderacionem
3043 1190 3114 1253 et
3146 1179 3618 1252 limitacionem
3666 1179 3765 1252 di-

467 1309 709 1360 uorum
764 1286 1030 1379 Regum
1086 1284 1464 1375 Hungarie,
1535 1294 1925 1357 nostrorum
2001 1284 2266 1358 scilicet
2323 1283 2926 1378 predecessorum,
2980 1285 3050 1355 in
3102 1284 3477 1378 priuilegiis
3527 1303 3763 1355 eorun-

468 1390 625 1462 dem
682 1399 1100 1477 contentam,
1153 1398 1223 1460 et
1269 1387 1855 1459 adiudicacionem
1909 1395 2214 1459 nostram
2271 1408 2425 1458 cum
2477 1386 2767 1460 Prelatis
2823 1396 2893 1458 et
2943 1384 3324 1460 Batonibus
3381 1385 3601 1480 Regni
3641 1409 3762 1457 no-

467 1498 590 1567 stri
644 1490 1111 1589 superioribus
1168 1495 1392 1580 annis,
1446 1495 1773 1586 imprimis
1825 1494 1893 1563 in
1949 1490 2202 1586 oppido
2257 1500 2496 1564 nostro
2552 1488 2886 1563 Crisiensi
2935 1493 3009 1582 in
3058 1489 3266 1562 Anno
3303 1488 3570 1561 Domini
3617 1488 3762 1561 Mil-

468 1597 714 1671 lesimo
769 1595 1442 1692 quadringentesimo
1500 1597 1945 1687 sexagesimo
2003 1603 2233 1680 sexto,
2289 1602 2356 1665 et
2410 1592 2661 1666 deinde
2712 1591 2905 1665 Bude
2940 1596 3009 1665 in
3044 1592 3411 1665 Millesimo
3466 1590 3765 1687 quadrin-
3902 1643 3903 1668 l

467 1703 855 1795 gentesimo
911 1701 1421 1794 septuagesimo
1477 1708 1745 1793 quarto,
1817 1697 2182 1793 superinde
2238 1696 2520 1786 factam,
2599 1718 2876 1792 semper
2943 1694 3362 1792 temporibus
3434 1695 3663 1767 debitis
3711 1705 3770 1766 et

470 1808 823 1898 congruis,
879 1802 1202 1875 videlicet
1273 1800 1512 1894 fruges
1568 1804 1790 1874 statim
1847 1811 2002 1896 post
2055 1823 2382 1890 messem,
2453 1802 2687 1873 vinum
2740 1821 2917 1872 vero
2972 1810 3043 1873 et
3093 1799 3371 1871 millium
3427 1809 3576 1895 post
3622 1802 3768 1870 vin-

468 1905 760 1979 demiam
815 1906 1078 1993 dicare,
1162 1905 1559 2000 dicatasque
1638 1926 1766 2000 per
1833 1908 2026 2000 ipsos
2097 1904 2493 1997 regnicolas
2574 1913 2851 1978 nostros
2929 1906 3059 1998 ipsi
3132 1903 3410 1975 domino
3493 1900 3767 1975 Osualdo

466 2009 817 2106 Episcopo
858 2019 929 2082 et
965 2012 1107 2081 suis
1164 2006 1715 2098 successoribus,
1769 2011 2209 2104 ipsorumque
2265 2006 2794 2079 decimatoribus
2847 2006 3024 2080 infra
3076 2009 3465 2093 terminum,
3515 2009 3584 2078 in
3621 2007 3768 2099 ipsis

467 2113 710 2187 litteris
766 2114 1020 2186 nostris
1075 2111 1521 2200 declaratum,
1575 2133 1699 2205 per
1753 2115 1980 2183 omnia
2033 2110 2338 2183 remedia
2396 2121 2774 2207 opportuna
2830 2119 2901 2183 et
2951 2113 3380 2205 grauamina,
3433 2113 3501 2182 in
3553 2107 3773 2180 talibus

461 2215 615 2290 fieri
664 2217 892 2307 solita,
948 2216 1283 2288 exoluere
1321 2224 1392 2288 et
1425 2214 1620 2287 reddi
1674 2214 1911 2287 facere
1966 2213 2276 2287 debeatis
2331 2224 2402 2286 et
2452 2217 2845 2286 teneamini.
2909 2213 3039 2300 Qui
3077 2213 3350 2309 quidem
3387 2212 3768 2306 Regnicole,

467 2324 530 2394 si
582 2319 969 2393 huiusmodi
1037 2318 1343 2391 decimas
1414 2340 1636 2414 Vsque
1706 2321 2092 2410 terminum,
2149 2320 2216 2389 in
2271 2320 2438 2413 ipsis
2490 2316 2731 2390 litteris
2784 2320 3039 2392 nostris
3094 2315 3597 2389 adiudicatoriis
3648 2337 3770 2385 ex-

466 2445 808 2520 pressum,
863 2423 1138 2498 soluere
1193 2430 1616 2493 recusarent.
1670 2422 1790 2492 vel
1845 2443 2080 2493 eorum
2139 2420 2340 2515 aliqui
2393 2424 2893 2508 recusauerint,
2943 2430 3199 2493 extunc
3252 2424 3445 2515 ipsos
3500 2419 3581 2490 ad
3633 2417 3768 2489 sol-

466 2527 762 2600 uendum
846 2526 1131 2601 easdem
1201 2529 1386 2596 iuxta
1464 2534 1769 2596 tenorem
1830 2534 1899 2595 et
1953 2527 2426 2597 continencias
2506 2525 2879 2598 earundem
2957 2524 3330 2598 litterarum
3413 2532 3770 2596 nostrarum

464 2630 1134 2710 adiudicatoriarum,
1190 2627 1500 2702 similiter
1551 2650 1676 2722 per
1729 2631 1955 2699 omnia
2013 2650 2224 2699 onera
2266 2638 2335 2698 et
2370 2628 2672 2699 remedia
2730 2637 3107 2724 opportuna
3163 2628 3580 2723 compellere
3616 2645 3771 2696 *mo-

467 2733 573 2808 dis
611 2731 923 2807 omnibus
978 2730 1331 2817 debeatis3
1384 2731 1703 2803 volumus
1757 2741 1985 2802 tamen
2025 2739 2094 2802 et
2132 2728 2430 2802 lidelitati
2488 2741 2723 2804 vestre
2776 2754 3015 2806 rursus
3053 2735 3559 2814 committimus,
3612 2725 3771 2822 quod

470 2841 530 2911 si
585 2836 764 2909 forte
817 2833 1126 2931 prefatus
1198 2833 1512 2905 dominus
1565 2831 1949 2930 Episcopus
2006 2844 2120 2906 aut
2175 2837 2323 2906 eius
2379 2833 2839 2908 decimatores
2906 2846 3144 2907 contra
3217 2831 3598 2906 huiusmodi
3648 2852 3771 2903 no-

466 2950 676 3013 stram
749 2937 1364 3025 adiudicacionem,
1445 2937 1924 3010 limitacionem
2001 2946 2071 3010 et
2124 2936 2546 3010 decisionem
2630 2942 2818 3034 ipsos
2873 2937 3293 3031 Regnicolas
3376 2947 3648 3010 nostros
3699 2931 3772 3003 ad

468 3042 733 3137 aliquas
787 3039 1168 3136 superfluas
1223 3050 1338 3113 aut
1391 3043 1688 3112 maiores
1762 3045 2179 3114 exactiones*
2232 3045 2380 3114 siue
2435 3062 2560 3136 per
2613 3063 2972 3132 censuraS,
3046 3046 3194 3114 siue
3268 3040 3470 3113 aliter
3539 3058 3774 3131 cogere

469 3154 540 3219 et
593 3144 1013 3241 compellere
1090 3146 1494 3234 niterentur,
1575 3142 1837 3218 eisdem
1916 3145 2291 3237 regnicolis
2369 3148 2625 3219 nostris
2693 3148 3025 3219 assistere
3080 3155 3149 3218 et
3202 3144 3490 3217 eosdem
3548 3148 3612 3213 in
3662 3140 3775 3211 bac

464 3258 659 3346 parte
731 3257 968 3320 contra
1041 3251 1264 3343 ipsum
1336 3246 1680 3320 dominum
1752 3246 2172 3343 Episcopum
2245 3257 2317 3320 et
2368 3269 2535 3322 suos
2590 3247 2934 3322 dicatores
3008 3247 3389 3321 defendere
3462 3244 3777 3330 debeatis,

466 3363 671 3447 atque
727 3351 1031 3424 decimas
1086 3349 1471 3423 huiusmodi
1523 3373 1664 3423 non
1716 3352 1939 3439 aliter,
2001 3373 2203 3446 quam
2255 3353 2326 3422 in
2378 3350 2576 3423 dictis
2646 3352 2888 3424 litteris
2958 3355 3216 3424 nostris
3289 3348 3779 3422 adiudicatoriis

466 3458 876 3546 continetur,
932 3457 1222 3549 exigere
1274 3457 1702 3549 permittatis,
1758 3458 2160 3527 auctoritate
2231 3463 2464 3525 nostra
2531 3453 2965 3548 presentibus
3037 3453 3242 3527 vobis
3296 3458 3365 3527 in
3423 3453 3552 3526 bac
3602 3459 3779 3546 parte

463 3558 804 3647 attributa,
862 3567 931 3631 et
981 3560 1246 3630 iusticia
1304 3555 1673 3646 mediante,
1729 3580 1936 3633 secus
1990 3580 2128 3629 non
2183 3556 2452 3646 facturi,
2524 3556 2956 3653 presentibus
3017 3559 3372 3653 perlectis,
3449 3553 3780 3630 exhibenti

463 3665 813 3735 restitutis.
921 3660 1170 3733 Datum
1222 3660 1414 3733 Bude
1468 3659 1640 3733 feria
1698 3671 1896 3735 sexta
1955 3663 2264 3755 proiima
2320 3669 2478 3756 post
2526 3660 2778 3734 festum
2834 3661 3017 3735 beati
3069 3660 3538 3735 Bartholomei
3587 3658 3780 3758 Apoj-

463 3765 624 3843 stoli
676 3764 884 3838 Anno
937 3765 1213 3837 Domini
1290 3761 1654 3836 Millesimo
1737 3763 2412 3857 quadringentesimo
2495 3769 2970 3859 octuagesimo
3044 3775 3311 3860 quarto,
3393 3764 3779 3857 Regnorum

463 3878 855 3944 nostrorum
909 3866 1261 3962 Hungarie
1314 3876 1447 3940 etc.
1499 3865 1708 3940 Anno
1763 3870 2105 3964 vigesimo
2160 3871 2483 3963 septimo,
2537 3866 2869 3943 Bohemie
2923 3891 3098 3942 vero
3155 3878 3361 3943 sexto
3402 3867 3688 3941 decimo.

1188 4123 1430 4200 (Locus
1471 4123 1683 4204 So‘quli
1730 4124 1911 4204 Reqii
1955 4125 2019 4185 iu:
2070 4123 2371 4203 inferiori
2415 4126 2706 4204 maraine
2747 4127 3090 4203 oppressi)

462 4360 612 4434 orig.
647 4365 819 4418 charta
859 4365 910 4416 in
946 4363 1173 4417 Archivo
1208 4362 1379 4434 Regni
1416 4361 1673 4418 croatiae.
1730 4363 1860 4417 Priv.
1899 4362 1961 4415 N.
2000 4364 2085 4415 54.
