3950 5917
526 604 644 666 tur
695 597 769 666 et
822 593 1197 681 imminent.
1277 591 1550 665 nonnisi
1616 608 1745 685 per
1811 589 2200 666 coutmuam
2251 588 2690 683 vigilanciam
2740 598 2813 662 et
2864 586 3342 664 detensium
3393 586 3636 666 obuiari
3677 615 3792 689 pu·-

529 704 698 788 tcst‚
753 717 889 770 voa
940 716 1114 769 vero
1169 693 1420 771 nullam
1471 697 1543 767 in
1594 693 1730 766 boc
1782 716 1914 772 nec
1952 695 2228 789 priuato
2281 693 2543 782 salutis,
2621 714 2755 766 nec
2808 690 3232 768 defendo-is
3308 702 3637 791 statusque
3678 719 3792 770 ve·-

533 804 659 875 stri
710 798 972 872 habere
1027 798 1303 871 velletIs
1353 801 1726 871 racionem.
1834 795 2195 884 Quomodo
2248 803 2476 869 autem
2527 794 2598 870 id
2651 818 2921 892 quoque
2974 801 3393 871 conueniens
3472 797 3797 874 credibile—

528 927 668 1002 que
722 906 836 994 sit,
888 912 968 976 vt
1018 903 1136 980 illo
1195 923 1319 999 pro
1373 900 1780 978 defensione
1829 899 2059 997 Regni
2111 897 2427 992 cronois,
2479 907 2718 974 vestra
2769 922 3042 997 quoque
3093 901 3338 993 salute,
3401 923 3531 996 que
3574 910 3699 977 tota
3740 906 3797 976 iu

535 1009 1086 1083 cousemaoione
1139 1013 1211 1078 et
1261 1004 1670 1080 defensioue
1722 1008 1937 1102 ipsius
1989 1004 2214 1099 Regni
2269 1004 2636 1101 dependet,
2716 1014 2965 1098 gentes
3017 1027 3112 1079 ex
3162 1004 3298 1078 boc
3345 1004 3590 1099 Regno
3631 1005 3799 1081 Hun-

534 1113 730 1207 garie
808 1110 1349 1208 pmficiscantnr‚
1432 1113 1493 1184 si
1572 1131 1704 1184 vos
1780 1112 1911 1206 ipsi
1963 1107 2352 1182 defensioni
2422 1117 2660 1185 vestre
2735 1107 3113 1199 defueritis,
3192 1132 3326 1183 nec
3395 1108 3481 1182 ad
3546 1108 3800 1183 obuian-

532 1219 693 1289 dum
744 1214 1128 1294 huiusmodi
1199 1212 1497 1290 assiduis
1564 1214 1887 1311 periculis
1957 1216 2320 1307 insurgere
2373 1213 2748 1287 volueritis.
2853 1211 3061 1289 Scitis
3113 1217 3296 1288 enim
3347 1210 3546 1304 bene,
3611 1235 3801 1309 quan-

531 1331 670 1393 tam
748 1318 1237 1393 multitudinem
1318 1314 1567 1392 Christi
1647 1316 1943 1392 fidelium
1963 1368 1989 1407 .
2080 1325 2534 1412 quantamque
2610 1315 2889 1412 predam
2966 1339 3183 1414 nuper
3261 1338 3531 1414 quoque
3602 1316 3802 1391 hostes

529 1428 662 1521 ipsi
737 1423 990 1498 'l'burci
1070 1445 1163 1495 ex
1244 1419 1533 1495 Croucia
1614 1419 1995 1510 abduxere,
2067 1421 2425 1516 indiesque
2503 1418 2872 1508 abducere,
2953 1430 3025 1493 et
3101 1423 3580 1495 misserrimam
3653 1421 3801 1494 illam
3897 1431 3898 1438 ’

529 1531 817 1626 patriam
886 1527 1250 1601 deuastare
1322 1525 1847 1622 despoliareque
1920 1546 2060 1597 non
2132 1523 2488 1599 desistunt.
2600 1523 2776 1597 Nam
2830 1535 2900 1597 et
2950 1524 3081 1597 hac
3131 1546 3404 1622 quoque
3480 1523 3639 1598 bora
3697 1524 3805 1597 bec

532 1632 828 1707 aduersa
909 1653 1085 1704 noua
1165 1629 1366 1703 nobis
1447 1630 1535 1703 de
1607 1628 1989 1702 confinibus
2077 1628 2212 1702 illis
2290 1626 2761 1702 Bosneusibus
2855 1650 3365 1724 superuenere,
3444 1628 3618 1723 quod
3683 1630 3805 1701 sci-

531 1738 694 1811 licet
761 1734 999 1810 hostes
1070 1737 1198 1831 ipsi
1269 1734 1519 1806 Thurci
1589 1737 1658 1806 in
1712 1735 2010 1805 maxima
2083 1735 2283 1828 copia
2337 1735 2749 1826 congregati
2819 1732 3048 1807 valida
3119 1754 3323 1806 manu
3394 1729 3674 1805 confinia
3718 1731 3809 1803 illa

534 1850 605 1913 et
657 1841 953 1913 maxime
1009 1838 1324 1931 Regnum
1392 1838 1571 1911 istud
1600 1877 1617 1900 .
1643 1835 1935 1910 Croucie
2016 1837 2368 1919 inuadere.
2441 1847 2510 1909 et
2560 1834 2723 1908 illud
2802 1839 3086 1932 eiusque
3141 1846 3366 1909 castra
3421 1845 3614 1931 atque
3677 1857 3809 1906 mu-

533 1947 844 2017 niciones
916 1943 1088 2016 vltra
1171 1943 1441 2014 solitum
1512 1953 1791 2015 vastare
1865 1951 1935 2014 et
1990 1940 2284 2014 obruere
2364 1940 2878 2029 decreuissent;
2960 1940 3139 2035 quod
3221 1944 3277 2012 si
3359 1939 3577 2026 fieret,
3651 1960 3807 2010 con-

534 2049 841 2124 siderare
912 2049 1224 2142 potestis,
1297 2045 1477 2140 quod
1548 2068 1682 2117 nec
1734 2067 1866 2118 vos
1922 2066 2218 2140 quoque
2289 2048 2399 2138 qui
2454 2045 2548 2115 illi
2595 2047 2801 2115 vicini
2874 2048 3066 2132 estis
3141 2044 3513 2141 periculum
3584 2045 3808 2114 euitare

533 2154 880 2249 poteritis:
954 2160 1023 2222 et
1076 2150 1163 2222 ob
1229 2150 1363 2222 hoc
1411 2150 1709 2245 pericula
1775 2152 1901 2243 ipsi
1960 2147 2208 2242 Regno
2281 2145 2572 2220 Groacie
2645 2145 3113 2222 incumbeucia
3178 2146 3379 2224 vobis
3451 2150 3662 2239 magis
3709 2167 3810 2242 pre

536 2256 686 2328 aliis
741 2253 1022 2329 subditis
1096 2258 1346 2327 nostris
1420 2276 1585 2325 cure
1656 2275 1817 2325 esse
1890 2250 2163 2325 debent.
2268 2249 2668 2325 Mandemus
2733 2255 2958 2345 itaque
3013 2262 3081 2323 et
3136 2254 3605 2323 committimus
3658 2247 3810 2320 fide-

534 2360 702 2432 litati
768 2369 1003 2432 vestre
1077 2357 1201 2430 sub
1266 2368 1425 2429 nota
1498 2366 1823 2451 perpetue
1911 2355 2323 2429 infidelitatis
2413 2358 2988 2449 ammissioneque
3060 2355 3390 2428 bonorum
3458 2362 3809 2427 vestrorum

533 2462 774 2535 harum
854 2466 1036 2535 serie
1116 2460 1537 2548 firmissime,
1619 2471 1949 2555 quatenus
2027 2484 2066 2530 a
2137 2458 2341 2532 modo
2422 2459 2578 2530 dum
2632 2468 2701 2531 et
2755 2458 3023 2553 quando
3103 2482 3188 2530 ac
3241 2462 3808 2554 quocienscunque

532 2589 658 2664 per
702 2572 915 2662 ipsum
961 2566 1220 2637 Banum
1264 2575 1571 2637 nostrum
1619 2566 1926 2658 requisiti
1981 2563 2272 2650 fueritis..
2326 2563 2548 2636 subito
2595 2585 2747 2635 cum
2792 2562 3107 2656 gentibus
3151 2566 3408 2636 vestris
3454 2566 3802 2654 insurgere.

533 2681 603 2742 et
654 2671 804 2745 illas
856 2673 924 2742 in
973 2670 1174 2763 pleno
1233 2679 1301 2740 et
1352 2667 1662 2763 perfecto
1735 2689 2018 2739 numero
2073 2667 2159 2739 ad
2215 2665 2462 2739 dictum
2536 2666 2792 2739 Banum
2862 2677 3192 2755 nostrum,
3270 2669 3388 2740 vel
3472 2687 3602 2759 quo
3656 2664 3805 2735 idem

531 2777 832 2864 iusserit.
886 2783 955 2844 et
1007 2777 1066 2845 si
1119 2773 1346 2868 plures
1405 2775 1735 2866 poteritis.
1788 2783 1991 2865 provt
2041 2771 2343 2865 pericula
2397 2770 2621 2866 Regni
2672 2771 2849 2842 illius
2904 2793 3290 2866 exposcere
3344 2775 3599 2856 nostis,
3669 2769 3805 2838 mit-

533 2888 684 2952 tere
735 2880 806 2949 in
859 2898 1131 2949 omnem
1185 2886 1501 2948 euentum
1583 2874 1909 2948 debeatis.
2019 2874 2189 2945 Nam
2244 2898 2372 2947 nos
2428 2896 2697 2968 quoque
2770 2884 3014 2967 gentes
3065 2879 3130 2946 in
3186 2877 3430 2948 maiori
3511 2895 3636 2968 qua
3689 2869 3810 2941 lieri

535 2982 787 3076 poterit
864 2983 1062 3074 copia
1133 2979 1288 3052 binc
1342 3002 1435 3053 ex
1487 2980 1835 3073 Hungaria
1889 2983 2065 3051 istuc
2143 2977 2230 3050 ad
2284 2977 2815 3052 succurrendum
2869 2977 3070 3052 vobis
3150 2989 3219 3051 et
3268 2978 3367 3051 illi
3447 2973 3815 3074 periclitanti

535 3083 784 3176 Regno
865 3087 1032 3156 mitti
1111 3106 1195 3156 ac
1250 3083 1396 3156 dari
1474 3086 1801 3158 citissime
1879 3085 2223 3156 iussimus.
2322 3082 2457 3156 Vbi
2525 3092 2754 3154 autem
2804 3104 2942 3156 vos
3017 3103 3289 3178 quoque
3358 3085 3431 3155 in
3502 3079 3820 3177 premissis

539 3187 762 3260 adhuc
829 3189 1261 3283 negligentes
1356 3186 1664 3272 fueritiS.
1744 3209 1833 3259 ne
1903 3210 2028 3282 per
2105 3185 2576 3260 huiuscemodi
2654 3185 2983 3259 libertatis
3060 3197 3298 3260 vestre
3380 3187 3824 3258 asset-cionem

536 3291 782 3385 Regna
834 3291 950 3366 illa
1001 3300 1311 3388 pereant,
1366 3294 1826 3366 commisimus
1879 3295 1950 3366 in
1987 3292 2139 3383 alijs
2191 3291 2432 3365 litteris
2487 3293 2743 3363 uostris
2798 3300 2866 3362 et
2917 3294 3389 3363 auctoritatem
3448 3292 3663 3364 eciam
3707 3306 3824 3380 uqs-

542 3406 753 3470 stram
807 3395 1263 3468 omnimodam
1317 3395 1625 3468 dedimus
1679 3393 1946 3490 prefato
1985 3394 2175 3467 Bauo
2218 3404 2485 3484 nostro,
2539 3403 2616 3467 vt
2665 3397 2815 3490 ipse
2852 3415 2985 3468 vos
3024 3403 3095 3467 et
3131 3393 3501 3490 quemlibet
3551 3399 3827 3465 vestrum

542 3498 630 3571 ad
682 3499 815 3573 boc
868 3498 1255 3573 faciendam
1308 3502 1528 3572 eciam
1579 3521 1704 3595 per
1775 3502 2277 3595 occupaciones
2329 3496 2666 3570 bonorum
2714 3508 3104 3571 vestrorum
3156 3500 3428 3595 aliaque
3479 3493 3827 3592 opportuna

539 3602 845 3676 remedia
915 3607 1300 3698 astringere
1353 3612 1424 3676 et
1476 3603 1893 3698 compellere
1966 3602 2234 3678 debeat.
2341 3602 2565 3698 Super
2616 3602 2747 3697 hys
2800 3613 3032 3678 autem
3078 3602 3282 3680 vobis
3337 3602 3563 3678 dictus
3634 3597 3830 3670 Bauus

541 3717 782 3779 noster
855 3710 1046 3780 iussu
1123 3718 1361 3781 nostro
1443 3715 1512 3779 et
1564 3706 1651 3778 de
1705 3715 1932 3779 mente
2010 3705 2389 3778 Maiestatis
2471 3714 2708 3779 nostre
2784 3708 2975 3801 plura
3058 3706 3355 3780 dicturus
3411 3716 3544 3779 est.
3649 3699 3828 3774 Cuius

541 3808 778 3884 verbis
834 3819 905 3883 et
955 3810 1270 3900 credere.
1355 3820 1425 3883 et
1499 3831 1610 3901 ea,
1682 3830 1815 3904 que
1867 3809 2069 3883 vobis
2140 3807 2458 3882 facienda
2530 3809 2806 3897 dixerit.
2878 3809 3115 3883 facere
3189 3820 3259 3884 et
3310 3812 3570 3906 exequi
3639 3802 3830 3878 modis

543 3913 856 3988 omnibus
908 3913 1218 3987 debeatis
1272 3922 1344 3987 et
1390 3916 1799 4003 teneamini3
1879 3923 1949 3987 et
2012 3935 2216 3988 secus
2270 3935 2448 4008 pena
2494 3912 2617 3986 sub
2664 3917 3000 4009 premissa
3053 3913 3289 3987 facere
3343 3915 3531 3987 nulla
3577 3913 3826 3984 racione

541 4020 972 4118 presumatis.
1077 4018 1324 4092 Datum
1394 4015 1670 4090 Posonii
1745 4016 1919 4094 feria
1971 4021 2197 4114 quinta
2277 4020 2588 4113 proxima
2668 4027 2824 4113 post
2901 4018 3327 4092 Dominicam
3410 4012 3827 4106 Quasimodo.

544 4120 752 4195 Anno
808 4121 1085 4194 Domini
1140 4119 1540 4195 millessimo
1595 4119 2162 4216 Quingentesimo
2216 4119 2484 4194 decimo
2541 4124 2794 4215 quinto.
3507 4155 3514 4164 ·

1880 4349 2085 4414 Tenor
2128 4350 2556 4414 [adorsalar
2532 4398 2549 4414 .

860 4517 1183 4616 Egregijs
1239 4529 1309 4594 et
1360 4516 1715 4594 Nobilibus
1770 4519 2212 4593 Vniuersituti
2263 4517 2604 4593 Nobilium
2659 4519 2880 4614 Regni
2931 4522 3148 4593 nostri
3201 4517 3615 4610 Sclauouie‚
3682 4512 3842 4588 fide·

554 4622 732 4697 libus
784 4621 984 4698 nobis
1038 4624 1304 4698 dilectis

1484 4828 1803 4910 (sigilium
1847 4827 2112 4909 Regi-n
2156 4827 2238 4889 αὖ
2283 4838 2467 4891 eoenu
2509 4835 2933 4911 appetem.)

555 5016 702 5090 oa..
733 5019 791 5074 1-
821 5016 1050 5074 meum
1084 5016 1253 5090 Regni
1299 5017 1555 5074 cmm.
1588 5019 1724 5073 rm.
1760 5017 1821 5072 ιι.
1860 5020 1979 5074 122.
