3950 5917
3359 416 3516 528 25⁷.

174 625 265 699 de
321 623 579 717 orbam,
652 623 1104 699 comitatuum
1157 626 1446 722 predicti
1497 625 1725 720 Regni
1776 625 2128 718 Hungarie
2181 621 2466 698 Nobiles
2520 622 2999 717 Proceresque
3048 633 3118 695 et
3166 624 3521 698 Primores

176 728 492 801 eiusdem
562 728 788 822 Regni
857 728 1193 819 vniuersi‚
1271 733 1342 801 in
1414 729 1716 824 presenti
1795 728 1998 800 Dieta
2071 737 2141 799 et
2196 725 2686 798 Conuencione
2757 737 2991 799 nostra
3065 728 3373 819 generali
3445 732 3519 801 in

180 830 429 926 campo
482 830 747 922 Bairos,
804 832 891 903 de
944 833 1267 904 mandato
1329 831 1576 928 prefati
1626 831 1902 903 Domini
1954 832 2175 902 nostri
2234 827 2598 902 Wladislai
2646 828 2862 922 Regis
2917 851 3040 926 pro
3095 829 3276 903 festo
3308 829 3523 901 beati

172 933 535 1007 Michaelis
588 934 1012 1028 Archangeli
1064 938 1379 1030 proxime
1431 937 1757 1030 preterito
1811 932 2160 1006 celebrata
2217 935 2586 1020 constituti.
2643 942 2712 1004 et
2756 934 3157 1006 existentes.
3231 932 3516 1005 Memo-

172 1039 278 1109 rie
360 1037 923 1111 commendamus
999 1045 1246 1110 tenore
1324 1039 1761 1133 presencium
1840 1033 2354 1130 significantes,
2437 1033 2679 1129 quibus
2760 1034 3038 1130 expedit
3114 1038 3514 1109 vniuersis.
3494 1061 3518 1075 ·

179 1138 384 1226 Quod
439 1161 596 1213 cum
649 1140 814 1211 nihil
863 1144 935 1212 in
988 1143 1190 1214 terris
1246 1142 1334 1214 sit
1411 1150 1527 1212 aut
1575 1138 1695 1211 fiat
1745 1139 1901 1211 Deo
1956 1140 2307 1234 acceptius
2360 1138 2477 1210 vel
2530 1148 2771 1210 nature
2843 1137 3137 1211 humane
3219 1161 3517 1212 accom—

170 1240 561 1334 modamus,
636 1264 839 1336 quam
910 1245 1252 1316 communi
1320 1246 1538 1338 patrie
1605 1245 2226 1348 vniuersorumque
2277 1240 2623 1313 hominum
2697 1245 2923 1315 coetui
3000 1264 3202 1335 quam
3257 1245 3516 1336 optime

174 1367 519 1439 quamque
596 1345 1099 1420 studiosissime
1180 1345 1574 1436 consulere,
1660 1366 2045 1440 omnesque
2127 1354 2440 1434 conatuS‚
2522 1366 2749 1434 curam„
2832 1345 3225 1436 salerniam,
3307 1367 3520 1419 omne

31 1520 34 1571 ;
170 1446 477 1542 denique
547 1448 839 1521 studium
908 1459 979 1520 et
1028 1448 1427 1520 industriam
1502 1448 1588 1519 ad
1639 1471 1841 1522 vsum
1893 1456 1962 1520 et
2029 1447 2316 1520 salutem
2388 1450 2602 1542 ipsius
2673 1450 2889 1542 patrie
2944 1471 3029 1522 ac
3083 1452 3352 1540 gentis
3385 1470 3516 1521 sue

170 1548 453 1639 refere3
508 1572 780 1644 quoque
833 1553 984 1645 ipsa
1041 1552 1231 1625 salua
1289 1554 1376 1622 sit
1429 1531 1499 1622 e't
1549 1551 1938 1640 incolumis„
2001 1552 2363 1645 presencia
2417 1552 2672 1645 pariter
2721 1559 2789 1621 et
2841 1550 3314 1646 impendencia
3370 1573 3518 1623 ex-

172 1654 397 1724 actius
476 1654 1025 1747 vigilanciusque
1096 1656 1368 1743 intueri,
1450 1664 1520 1726 et
1585 1657 1909 1726 Vniuersa
1990 1647 2408 1741 discrimina„
2489 1655 2558 1724 in
2614 1676 2746 1748 que
2797 1653 2911 1725 illa
2968 1677 3061 1726 ex
3129 1656 3387 1727 incuria
3445 1661 3518 1727 et

178 1754 448 1827 desidia
506 1765 1072 1828 conseruatorum
1145 1755 1456 1830 eiusdem
1509 1754 1713 1828 facile
1764 1755 2073 1828 incidere
2124 1764 2392 1850 posset,
2472 1758 2562 1826 ita
2617 1756 3046 1851 propulsare„
3116 1768 3194 1830 vt
3244 1761 3314 1829 in
3367 1765 3514 1832 tuto

174 1867 245 1927 et
309 1857 672 1951 tranquillo
728 1859 1066 1933 collocata
1122 1867 1193 1931 et
1247 1857 1536 1931 stabilita
1592 1881 1686 1930 ex
1740 1862 1920 1931 omni
1976 1867 2169 1954 parte
2224 1879 2387 1930 esse
2439 1857 2776 1931 videatur.
2885 1857 3070 1932 Sane
3125 1862 3328 1952 igitur
3380 1881 3520 1933 nos

171 1962 242 2031 in
299 1962 530 2031 animo
609 1967 849 2034 nostro
931 1983 1100 2056 sepe
1177 1962 1619 2035 reuoluentes
1700 1982 1984 2054 grauem
2061 1960 2245 2032 illam
2301 1970 2371 2032 et
2422 1982 2635 2057 prope
2690 1963 3071 2036 exiciosam
3140 1963 3337 2036 huius
3385 1962 3515 2050 In,-

175 2062 315 2133 cliti
378 2061 606 2154 Regni
674 2062 1025 2157 Hungarie
1078 2063 1593 2137 desolacionem
1655 2074 1860 2158 atque
1910 2062 2396 2157 indigenciam‚
2475 2066 2543 2134 in
2599 2061 2838 2158 quibus
2911 2065 3075 2137 illud
3127 2064 3308 2138 idem
3378 2066 3517 2139 hoc

174 2174 489 2259 tempore
547 2165 935 2238 'enormiter
1002 2165 1362 2238 admodum
1436 2170 1671 2239 iacere
1742 2170 2031 2261 quisque
2103 2164 2308 2237 facile
2382 2170 2792 2260 conspicere
2841 2168 3115 2263 potest,
3188 2169 3512 2241 volentes

174 2289 371 2338 more
428 2271 832 2360 optimorum
912 2269 1445 2362 Regnicolarum
1501 2280 1570 2340 et
1622 2272 1836 2363 patrie
1916 2279 2155 2341 nostre
2210 2279 2587 2341 amatorum
2659 2279 2862 2365 atque
2944 2282 3510 2344 conseruatorum

172 2370 600 2442 eiuscemodi
672 2370 1101 2444 desolacioni
1169 2382 1371 2467 atque
1443 2382 1756 2445 extreme
1810 2375 2006 2443 ruine
2069 2371 2377 2443 eiusdem
2432 2375 2759 2445 maturius
2829 2374 3194 2446 consulere
3274 2375 3514 2468 plures

31 2530 32 2559 2
168 2471 334 2546 hinc
406 2473 564 2544 inde
633 2472 874 2549 Dictus
945 2497 1232 2567 magnas
1307 2477 1510 2545 etiam
1583 2475 1657 2547 et'
1716 2473 2237 2569 inexplicabiles
2307 2473 2610 2566 labores,
2692 2475 2944 2568 fatigas
3019 2485 3089 2548 et
3159 2499 3508 2571 expensas

173 2577 241 2646 in
300 2598 385 2646 ea
442 2578 588 2670 ipsa
641 2599 720 2650 re
774 2577 1132 2688 hucvsque
1188 2577 1500 2649 fecimus.
1607 2576 1694 2647 Et
1744 2577 1906 2648 licet
1959 2578 2182 2671 aliqua
2240 2581 2373 2650 sint
2425 2599 2549 2672 per
2599 2577 2732 2649 hec
2782 2586 3092 2673 tempora
3159 2581 3383 2653 multis
3440 2589 3510 2651 et

170 2681 384 2750 uariis
460 2680 640 2750 curis
714 2681 809 2750 et
850 2677 1198 2752 laboribus
1269 2679 1642 2752 reformata
1714 2689 1782 2751 et
1843 2678 2246 2770 rectificata‚
2317 2690 2547 2752 tamen
2617 2704 2829 2754 vnum
2899 2683 3035 2753 hoc
3112 2667 3509 2784 precipuum

174 2782 661 2874 comperimus„
717 2804 842 2877 per
894 2782 1075 2877 quod
1111 2782 1299 2854 hoc
1277 2804 1499 2878 1psum
1545 2782 1859 2874 Regnum
1913 2793 2222 2856 nostrum
2274 2783 2680 2856 vehemeter
2732 2784 3198 2868 dilaceratum
3254 2763 3509 2857 debili-'-

172 2892 519 2977 tutumque
576 2894 647 2956 et
700 2884 787 2955 ad
840 2884 1019 2957 hanc
1069 2894 1333 2979 turpem
1387 2885 1902 2957 desolacionem
1961 2889 2144 2958 etin
2199 2885 2509 2961 omnibus
2566 2892 2708 2961 suis
2759 2887 3080 2960 membris
3168 2886 3510 2960 deformi-

172 2996 382 3058 tatem
440 2990 699 3058 exstitit
751 2987 1123 3059 redactum.
1198 2986 1396 3074 Quod
1429 2987 1757 3061 videlicet
1805 2987 1941 3059 hoc
1994 2992 2215 3083 ipsum
2251 2988 2566 3082 Regnum
2622 3012 3078 3085 sepenumero
3124 2988 3209 3063 ab
3257 2992 3517 3063 alieni--

170 3092 373 3181 genis
430 3099 499 3161 et
550 3089 944 3164 forensibus
997 3091 1308 3163 Dominis
1364 3101 1433 3164 et
1484 3089 1794 3183 Regibus
1848 3095 2108 3165 exstitit
2160 3090 2650 3184 gubernatum3
2723 3115 3008 3187 quorum
3062 3077 3509 3198 temporibus

172 3195 231 3263 si
286 3196 610 3286 preterita
663 3214 1207 3265 commemorare
1260 3194 1527 3282 liceret,
1601 3204 1717 3265 aut
1771 3215 1942 3289 opus
1999 3202 2215 3281 esset,
2283 3193 2488 3267 facile
2543 3206 2930 3289 appareret,
3003 3196 3317 3290 Regnum
3373 3183 3509 3268 hoc

172 3317 514 3389 nunquam
571 3299 787 3369 maius
843 3295 1345 3385 detrimentum,
1398 3319 1739 3391 nunquam
1795 3298 2015 3369 maius
2067 3297 2440 3391 periculum
2497 3306 2567 3369 et
2616 3296 3154 3371 desolacionem
3181 3296 3510 3380 subiisse

172 3420 372 3492 quam
429 3409 614 3486 tunc,
671 3421 872 3493 quum
928 3398 1052 3473 sub
1107 3399 1370 3472 forensi
1426 3399 1725 3472 dominio
1778 3408 1847 3471 et
1898 3421 2040 3472 non
2094 3400 2198 3472 sui
2252 3398 2580 3492 linguagii
2632 3400 2758 3473 fuit
2807 3410 3065 3472 tentum
3123 3410 3190 3473 et
3237 3400 3506 3494 guber-

170 3511 426 3573 natum.
534 3501 620 3572 Hi
700 3505 951 3573 etenim
1030 3501 1353 3575 forenses
1434 3505 1714 3596 priuatis
1758 3499 1965 3574 rebus
2049 3522 2287 3573 eorum
2359 3505 2622 3591 intenti,
2703 3507 3094 3599 priusquam
3147 3525 3380 3576 mores
3437 3514 3508 3575 et

167 3603 705 3677 consuetudines
760 3605 957 3678 huius
1013 3603 1338 3701 Scythice
1392 3610 1618 3698 gentis
1694 3608 1867 3699 (que
1922 3608 2121 3678 sicuti
2173 3604 2489 3697 Regnum
2541 3603 2679 3676 hoc
2748 3629 2903 3678 cum
2975 3610 3273 3678 maxima
3328 3628 3508 3679 san-

166 3710 395 3800 guinis
452 3711 556 3779 sui
612 3708 948 3780 effusione
1004 3718 1074 3781 et
1125 3706 1406 3779 fratrum
1463 3731 1739 3781 suorum
1794 3711 2055 3802 ingenti
2111 3706 2283 3780 cede
2339 3710 2719 3803 acquisiuit.
2783 3711 2872 3779 ita
2931 3706 3116 3780 ferro
3180 3720 3250 3781 et
3295 3713 3504 3781 armis

164 3811 376 3881 modo
435 3833 705 3905 quoque
763 3820 981 3882 tutare
1038 3810 1255 3903 solet)
1312 3810 1741 3898 didicissent.
1784 3834 2072 3904 semper
2127 3815 2281 3883 ocio
2333 3814 2573 3907 pocius
2630 3821 2698 3881 et
2751 3814 2981 3904 quieti,
3038 3834 3240 3906 quam
3295 3816 3504 3885 armis

31 3948 32 3955 ι
163 3911 639 3985 incubuerunt.
749 3913 899 3999 Quo
975 3911 1227 3986 factum
1294 3923 1401 3986 est
1461 3923 1538 3984 vt
1588 3913 1832 4000 Rama,
1915 3913 2188 4004 Serum,
2273 3914 2584 4002 Gallicia.,
2663 3913 3100 4002 Lodomerim
3180 3915 3504 4008 Bulgaria

163 4016 658 4110 Dalmaciaque
711 4026 782 4088 et
834 4017 965 4088 alia
1021 4039 1224 4112 quam
1278 4016 1561 4111 plurima
1616 4014 1953 4086 fortalicia
2026 4037 2152 4109 per
2205 4037 2444 4088 eorum
2515 4021 2849 4089 incuriam
2921 4017 3007 4089 ab
3062 4018 3197 4091 hoc
3251 4018 3503 4110 Regno

158 4129 324 4192 sunt
378 4118 672 4190 alienata
727 4118 932 4210 adeo,
987 4130 1063 4191 vt
1114 4119 1504 4191 dilaceratis
1578 4116 2118 4191 extremitatibus
2190 4119 2572 4192 verendum
2627 4122 2826 4194 nobis
2884 4125 2994 4210 sit,
3066 4145 3157 4193 ne
3212 4122 3503 4195 hostiles

160 4226 456 4316 impetus
510 4225 647 4295 iam
700 4225 904 4294 etiam
960 4221 1047 4293 ad
1100 4224 1426 4293 interiora
1482 4243 1560 4294 se
1617 4231 2043 4310 conuertant,
2116 4243 2248 4317 que
2303 4225 2576 4295 minime
2626 4234 2777 4295 acta
2818 4222 3034 4298 fuisse
3071 4224 3502 4314 arbitramur,

163 4329 224 4398 si
280 4325 412 4396 hec
463 4347 638 4418 gens
691 4324 1083 4418 Hungarica
1163 4327 1407 4398 natalis
1464 4325 1593 4397 soli
1649 4324 2008 4396 dulcedine
2082 4325 2329 4396 allecta
2382 4347 2519 4397 non
2578 4325 2663 4397 de
2720 4351 2760 4398 e
2791 4381 2997 4398 .....
3051 4326 3502 4419 Nacionibus.‚

162 4429 290 4502 sed
326 4428 415 4500 de
453 4438 663 4523 gente
719 4451 842 4502 sua
900 4431 1281 4522 quempiam
1335 4427 1603 4521 Regem
1655 4428 1979 4500 idoneum
2033 4450 2156 4523 pro
2196 4451 2275 4502 se
2314 4428 2664 4521 elegisset.
2773 4428 2945 4501 Nam
2986 4440 3060 4503 vt
3100 4432 3503 4505 Serenissi-

31 4528 32 4537 '
158 4554 427 4605 morum
486 4531 769 4603 Andree
825 4529 1127 4602 Secundi
1177 4530 1398 4603 Patris
1438 4541 1670 4625 vtputa
1720 4531 1936 4625 Regis
1991 4530 2048 4602 B
2079 4587 2096 4603 .
2127 4586 2143 4603 .
2176 4586 2192 4602 .
2225 4586 2241 4602 .
2298 4536 2543 4626 quarti,
2599 4557 2682 4604 ac
2727 4532 3058 4605 Lodouici
3114 4544 3181 4606 et
3217 4533 3502 4624 Mathie.,

158 4637 587 4730 aliorumque
643 4633 950 4706 diuorum
1004 4633 1355 4726 Hungarie
1390 4633 1659 4727 Regum
1714 4644 1865 4706 acta
1918 4636 2371 4731 preclaraque
2424 4646 2651 4729 gesta,
2707 4635 2947 4731 quibus
3001 4647 3277 4729 gentem
3321 4637 3503 4710 hanc

158 4739 563 4835 Scythicam
614 4760 753 4810 non
810 4738 1029 4810 solum
1087 4737 1339 4809 claram
1414 4736 1982 4833 magnificamque
2063 4741 2339 4811 nomine
2394 4748 2465 4811 et
2516 4739 2735 4831 gloria
2784 4739 3226 4813 reddiderunt
3281 4795 3296 4812 .
3429 4795 3445 4812 .
3477 4795 3497 4811 .

156 4843 411 4914 famam
468 4843 680 4937 ipsius
737 4863 862 4937 per
911 4849 1127 4912 totum
1181 4839 1419 4912 orbem
1471 4851 1806 4913 terrarum
1861 4842 2074 4935 longe
2128 4843 2399 4936 lateque
2455 4841 2765 4915 diffusam
2821 4843 2907 4915 ad
2977 4843 3213 4916 ethera
3270 4865 3496 4937 vsque

31 4988 34 5045 5
161 4945 595 5037 extulerunt)
651 4942 1003 5017 breuitatis
1057 4946 1341 5015 racione
1395 4952 1893 5039 pretereamus„
1950 4944 2172 5018 nullus
2230 4965 2495 5034 eorum,
2568 4949 2681 5040 qui
2733 4945 2821 5018 de
2876 4949 3083 5042 stirpe
3136 4945 3497 5040 Hungari-

31 5068 32 5073 ’
159 5073 242 5122 ce
296 5052 612 5122 nacionis
667 5046 753 5120 ad
807 5048 1047 5143 regale
1131 5045 1473 5140 fastigium
1548 5047 1990 5143 supplimatus
2057 5045 2274 5120 fuisse
2356 5047 2758 5139 dinoscitur.
2840 5048 3292 5145 dispendium7
3366 5047 3497 5121 sed

159 5157 402 5248 pocius
458 5159 895 5245 augmentum
951 5159 1021 5222 et
1071 5149 1429 5223 vtilitatem
1481 5147 1709 5242 Regni
1764 5150 2019 5239 attulit·
2091 5172 2132 5221 e
2188 5160 2423 5222 contra
2477 5173 2681 5245 vero,
2750 5155 2863 5247 qui
2918 5153 3003 5225 de
3055 5161 3298 5225 extera
3352 5174 3503 5224 na—

31 5282 32 5293 2
162 5261 362 5331 cione
422 5311 440 5328 .
519 5259 704 5328 .ucti
776 5256 1211 5344 exstiterunt
1282 5259 1422 5325 non
1479 5253 1699 5324 solum
1769 5252 1928 5324 huic
1978 5251 2228 5346 Regno
2299 5254 2604 5347 periculo
2675 5254 2899 5346 fuere„
2968 5278 3212 5329 verum
3284 5257 3494 5328 etiam

152 5370 233 5432 vt
282 5361 528 5433 hostes
581 5357 917 5430 interdum
974 5358 1321 5431 senissimi
1372 5359 1545 5429 intra
1598 5359 1875 5430 viscera
1931 5356 2156 5451 Regni
2229 5355 2594 5431 crudeliter
2674 5361 2968 5452 grassati
3022 5357 3273 5455 probro
3329 5380 3498 5430 ma-

361 5492 522 5559 (Pm
547 5489 589 5545 1.
623 5490 801 5544 Privil.
835 5500 887 5543 οι
920 5489 1141 5559 uben.)
2970 5462 3069 5535 33
