3950 5917
488 362 645 454 129

490 570 720 643 factos
768 578 849 642 et
898 566 1126 641 illatos
1181 575 1419 641 contra
1466 564 2247 662 iegimnaieautem
2298 565 2417 639 vel
2462 568 2640 644 eius'
2667 561 3003 655 subditos.
3053 573 3174 639 aut
3196 563 3432 639 ‘auos‘
3451 562 3811 660 quoslibet}

492 693 719 768 vscpie
771 670 859 746 ad
911 671 1090 743 haec
1138 679 1477 767 tempora,
1530 672 1775 767 quouis
1827 667 2065 759 modo,
2115 670 2487 764 parcimus,
2539 671 2965 763 ignoramus,
3017 667 3408 743 dimittimus
3460 675 3548 742 et.
3581 667 3809 742 indul«

498 796 771 869 gemus,
814 794 958 847 neo
1008 774 1301 849 eosdem
1352 777 1572 865 ciues,
1620 774 1738 848 vel
1791 769 2161 869 quemlibet
2225 775 2531 869 ipsorum
2602 774 2933 869 quispiam
3003 792 3218 868 super
3281 768 3696 846 excessibus
3743 780 3816 845 et

500 880 717 975 culpis
770 881 990 975 possit
1040 879 1400 974 imputare,
1453 899 1866 972 aggi-auare.
1917 877 2249 971 temporis
2301 878 2370 948 in
2427 885 2677 949 euentu
2731 875 3027 970 aliquali.
3112 875 3288 948 Item
3339 894 3582 971 omnes
3633 895 3814 949 saw.

495 986 773 1071 tentius,
839 979 1404 1072 deliberationes,
1485 990 1639 1053 acta
1691 998 1818 1076 per
1870 977 2205 1052 Comitem
2258 987 2330 1050 et
2383 977 2682 1070 Curiam,
2753 982 2904 1053 siue
2972 1000 3100 1075 per
3149 977 3440 1051 consilia
3507 976 3814 1051 eiusdem

501 1089 818 1175 ciuitatis,
898 1083 1317 1180 temporibus
1389 1088 1759 1158 retroactis
1831 1082 2017 1156 facta
2086 1092 2160 1155 et
2207 1081 2548 1173 ordinata,
2627 1080 3110 1157 confirmamus
3155 1090 3232 1155 et
3279 1078 3699 1155 ratificamus
3746 1083 3814 1153 'm

498 1198 899 1285 perpetuum
967 1186 1425 1262 obseruanda.
1530 1187 1700 1261 Item
1772 1189 1998 1259 omnia
2069 1186 2454 1282 priuilegia.
2524 1189 2809 1280 gratius,
2877 1183 3290 1259 donationes
3343 1194 3415 1256 et
3449 1182 3816 1257 libertates

496 1296 712 1388 ipsius
764 1294 1083 1389 ciuitatis,
1134 1313 1260 1387 per
1312 1291 1940 1366 excellentissimos
1991 1287 2348 1385 Principes
2399 1289 2564 1365 olim
2616 1289 2915 1364 illua-ea
2957 1306 3177 1383 ‚reges
3228 1287 3622 1381 nugat-ine
3681 1286 3816 1359 h·-

494 1406 603 1469 tas
660 1405 732 1468 et
781 1415 1190 1485 concessas,
1243 1396 1659 1469 inconcusse
1711 1404 1783 1467 et
1825 1393 2108 1466 firmiter
2157 1393 2471 1466 uolumus
2527 1391 2948 1482 obseruare3
2993 1395 3069 1466 in
3099 1394 3207 1466 eis
3248 1390 3540 1486 denique
3592 1388 3818 1463 liber-

495 1496 747 1573 tatibus
784 1508 855 1572 et
888 1498 1089 1572 donis
1139 1501 1332 1594 ipsos
1379 1501 1573 1573 ciues
1608 1499 1963 1593 ampliare,
2018 1514 2156 1569 non
2195 1500 2531 1588 minuere,
2577 1494 3033 1570 intendentes.
3113 1492 3280 1568 Item
3318 1494 3489 1569 duas
3523 1493 3815 1582 insulas,

502 1602 771 1673 Srimaz
822 1610 894 1674 et
943 1601 1155 1674 Zuvri
1205 1611 1524 1693 vocatas,
1594 1623 1749 1674 cum
1805 1621 2040 1674 earum
2093 1603 2546 1696 pertinentiis,
2616 1618 2787 1695 quas
2840 1599 3004 1673 olim
3055 1620 3421 1672 commune
3468 1596 3816 1670 Jadrenso

495 1706 733 1776 illicite
788 1714 1273 1800 occupauerat,
1325 1708 1397 1778 in
1448 1725 1733 1799 quorum
1787 1712 2087 1781 tenutam
2144 1712 2216 1779 et
2254 1705 2775 1798 possessionem
2825 1701 3215 1777 Dominium
3250 1701 3592 1774 Venatum
3639 1720 3818 1775 eos-

497 1807 654 1880 dem
687 1807 1090 1899 introduxit,
1142 1808 1568 1882 restituendo
1621 1807 1889 1882 eisdem
1941 1810 2375 1900 resignamus
2427 1805 2717 1902 pacifice
2767 1809 2916 1879 iure
2967 1804 3382 1879 hereditario
3435 1803 3820 1900 possiden-

497 1911 644 1984 das.
750 1910 920 1983 Item
974 1911 1157 2006 quod
1210 1911 1300 1984 dc
1352 1920 1616 2003 cetero,
1688 1910 2015 1984 videlicet
2085 1913 2365 1983 racione
2420 1913 2946 2004 praemissarum
2999 1909 3372 1983 insularum
3420 1906 3628 1981 iidem
3685 1906 3818 1979 Ja-

495 2013 787 2087 drenses
841 2015 958 2087 vel
1012 2014 1127 2088 alii
1178 2014 1483 2110 quilibet,
1553 2013 1841 2089 cosdem
1901 2013 2287 2089 nullatenus
2351 2013 2633 2086 valeant
2699 2013 3092 2089 molestare.
3191 2011 3366 2086 ltom
3419 2009 3822 2084 molendina

498 2122 647 2189 siue
702 2116 892 2212 Slap‚
947 2140 1103 2190 cum
1157 2116 1432 2191 flumine
1483 2118 1741 2208 Karka,
1795 2140 1971 2213 quae
2017 2139 2197 2190 nunc
2247 2115 2611 2212 possidere
2663 2115 3178 2210 dignoscuntur,
3232 2114 3494 2188 eisdem
3531 2117 3599 2185 in
3636 2135 3820 2209 per-

492 2231 769 2315 petuum
822 2219 1268 2313 gubernanda
1318 2224 1803 2296 commisimus.
1861 2221 2034 2292 Item
2086 2220 2339 2293 nullum
2393 2228 2691 2294 castrum
2742 2219 3061 2315 nullaque
3113 2218 3436 2291 fortalitia
3486 2220 3557 2290 in
3593 2239 3821 2311 prae-

496 2323 674 2407 dicta
726 2326 1000 2397 ciuitate
1052 2323 1364 2416 Sibinici.‚
1418 2347 1552 2398 nec
1603 2326 1675 2396 in
1724 2323 2035 2397 districtu
2083 2322 2394 2396 eiusdem
2449 2324 2568 2396 vel
2621 2332 2819 2396 extra
2873 2323 3276 2410 districtum,
3346 2343 3522 2417 quae
3576 2328 3832 2394 essent

496 2431 725 2497 vicina
799 2425 1024 2499 dictae
1097 2431 1378 2519 ciuitati,
1430 2431 1501 2500 in
1551 2427 2042 2523 praeiudicium
2112 2425 2420 2499 eiusdem
2471 2427 2613 2499 vllo
2666 2449 2963 2521 vnquam
3035 2435 3371 2520 tempore,
3441 2420 3827 2496 aedificare

499 2550 624 2623 per
676 2551 1141 2625 quoscumque
1194 2528 1549 2604 faciemus.
1660 2530 1825 2602 Item
1875 2538 2119 2617 totum,
2193 2529 2371 2625 quod
2426 2550 2553 2625 per
2602 2532 2913 2623 regimen
2968 2528 3278 2602 eiusdem
3332 2529 3622 2598 ciuitatis
3684 2534 3826 2617 est,

501 2643 568 2701 et
621 2635 690 2703 in
740 2631 1034 2705 futurum
1088 2633 1293 2705 fuerit
1346 2636 1822 2706 sententiatum
1877 2643 1947 2705 et
1999 2630 2471 2723 deliberatum,
2541 2635 2630 2704 sit
2677 2643 2897 2704 ratum
2953 2642 3155 2727 atque
3209 2630 3498 2718 firmum,
3570 2639 3644 2701 et
3700 2633 3830 2701 in·-

498 2734 906 2807 uiolabiliter
959 2734 1221 2829 absque
1275 2735 1814 2809 contradictione
1867 2734 2317 2830 quorumlibet
2371 2739 2441 2808 in
2481 2739 2754 2809 ciuitate
2809 2746 2880 2809 et
2922 2734 3228 2810 districtu
3283 2731 3828 2823 obseruandum,

496 2859 626 2908 nec
697 2842 898 2910 etiam
968 2838 1176 2910 iidem
1249 2843 1440 2914 ciues
1508 2842 1776 2935 possint
1846 2840 2066 2922 citari.
2137 2838 2257 2910 vel
2310 2841 2468 2932 cogi
2522 2842 2589 2910 in
2640 2842 3105 2934 praesentiam
3175 2838 3570 2933 quorumvis
3623 2834 3826 2907 iudi-

491 2961 646 3010 cum
698 2950 897 3012 extra
951 2940 1199 3014 dictam
1254 2945 1617 3016 ciuitatem.
1720 2942 1892 3014 Item
1944 2944 2012 3019 si
2057 2962 2184 3036 per
2234 2941 2500 3037 aliquos
2552 2941 2785 3016 Banos
2833 2942 2950 3014 vel
3001 2950 3361 3037 tyrannim,
3432 2939 3822 3034 Tempori-

489 3039 617 3112 bus
672 3042 953 3138 elapsis,
1009 3044 1231 3140 aliqua
1286 3048 1353 3116 in
1410 3048 1685 3118 ciuitate
1735 3045 1854 3118 vel
1908 3047 2058 3117 eius
2114 3043 2419 3117 districtu
2470 3041 2765 3117 fuissent
2817 3053 3148 3140 occupata
3205 3053 3275 3115 et
3327 3042 3646 3129 detenta3
3731 3063 3824 3114 ea

487 3155 890 3217 remaneant
927 3146 1086 3238 illis,
1142 3151 1255 3243 qui
1306 3170 1488 3221 nunc
1538 3151 1686 3243 ipsa
1742 3147 2124 3242 possident,
2178 3169 2312 3219 nec
2347 3149 2615 3220 ratione
2668 3157 3048 3242 temporum
3105 3147 3324 3241 aliqua
3380 3144 3700 3217 molestia
3753 3149 3828 3217 in

490 3251 593 3318 eis
645 3247 997 3321 inferatur.
1063 3298 1071 3309 -
1107 3249 1276 3323 Item
1298 3258 1305 3264 ’
1329 3250 1532 3323 Vlahi
1580 3250 1699 3325 vel
1752 3250 2006 3323 Villani
2057 3255 2129 3323 in
2181 3250 2490 3324 districtu
2553 3253 2774 3347 ipsius
2828 3253 3147 3342 ciuitatis,
3219 3249 3480 3344 absque
3533 3248 3827 3320 licentia

490 3359 560 3421 et
613 3351 967 3423 voluntate
1043 3356 1290 3426 ciuium
1360 3376 1619 3450 pascua
1689 3357 1992 3449 ipsorum
2062 3375 2188 3429 seu
2241 3356 2549 3447 gramina
2622 3353 3004 3450 depascere
3056 3374 3195 3426 non
3248 3356 3533 3449 possint.
3639 3350 3834 3423 Item

486 3451 666 3547 quod
720 3475 852 3527 nos
903 3456 1023 3528 vel
1078 3456 1253 3529 alter
1304 3459 1550 3552 quium,
1606 3456 1731 3530 sub
1787 3457 2088 3530 dominio
2142 3456 2498 3551 praelibati
2568 3455 2821 3529 domini
2877 3459 3094 3530 nostri
3153 3458 3346 3550 regis
3399 3456 3832 3528 constitutus

490 3566 563 3626 et
612 3558 1152 3650 constituendus,
1220 3556 1478 3632 nullum
1548 3558 1881 3648 debitum,
1945 3559 2334 3654 nullamque
2401 3559 2764 3632 collectam
2817 3582 2858 3632 a
2913 3563 3254 3635 communi
3326 3558 3556 3631 dietae
3615 3559 3856 3631 ciffi--

483 3661 643 3730 tatis
696 3660 815 3731 vel
866 3664 1017 3734 eius
1064 3660 1434 3753 districtus,
1485 3673 1762 3758 praeter
1811 3665 1920 3736 ius
1971 3665 2317 3755 regiarum
2369 3673 2742 3758 portarum,
2793 3663 2977 3759 quod
3031 3661 3351 3749 tributum
3401 3659 3854 3758 appellum-,5

481 3769 686 3855 prout
752 3765 823 3834 in
871 3763 1270 3836 eorumdem
1340 3764 1714 3860 priuilegiis
1788 3768 2198 3853 continetur,
2271 3776 2688 3862 extorquere
2742 3775 2814 3839 et
2866 3758 3155 3860 elligere
3206 3766 3606 3853 valeamus;
3681 3787 3840 3838 nec

488 3867 692 3935 etiam
744 3887 904 3956 nos,
959 3875 1078 3938 aut
1129 3867 1244 3939 alii
1296 3871 1706 3964 quicunque,
1760 3872 1828 3940 in
1884 3872 2379 3964 praescriptam
2436 3871 2780 3942 ciuitatem
2833 3869 3356 3944 Sibenicensem
3414 3889 3618 3941 manu
3672 3890 3840 3964 po—

481 3969 650 4038 tenti
724 3972 970 4041 venire
1040 3971 1426 4062 valeamus,
1505 3975 1636 4044 nisi
1689 3975 1760 4045 in
1814 3975 2210 4067 quantitate,
2292 3994 2426 4068 qua
2503 3973 2839 4067 placuerit
2916 3971 3206 4063 ciuibus,
3287 3993 3414 4046 seu
3489 3973 3834 4065 regimini

483 4073 802 4160 ciuitatis,
842 4094 1067 4145 -vnum
1111 4073 1462 4169 prandium
1518 4076 1736 4149 semel
1772 4077 1840 4147 in
1878 4096 2089 4165 anno,
2144 4085 2216 4149 et
2265 4097 2406 4149 non
2457 4076 2638 4172 plus,
2690 4079 2841 4171 ipsa
2889 4079 3343 4150 communitas
3393 4074 3596 4149 nobis
3638 4075 3836 4149 dare
3909 4104 3910 4109 ¹

482 4180 820 4265 teneatur«,
876 4185 950 4248 et
998 4179 1063 4250 si
1109 4178 1398 4252 vlterius
1448 4181 1522 4251 in
1575 4178 1822 4255 eadem
1898 4181 2178 4255 ciuitate
2256 4179 2679 4253 volucrina
2759 4198 3203 4276 pumancre,
3279 4200 3494 4274 super
3568 4189 3848 4253 nasu-a

478 4296 790 4369 expensa
843 4289 918 4351 et
965 4277 1148 4353 bona
1200 4281 1557 4356 voluntate
1626 4281 1914 4377 hospitis
1964 4285 2215 4370 nostri,
2279 4280 2550 4378 absque
2620 4284 2933 4358 molesti·
2999 4281 3457 4379 quorumlibet
3529 4283 3850 4377 ciuium,

478 4377 1590 4459 debomnamaaereineadm
1696 4385 3860 4482 imprmmmnmmmmatmmm.

473 4501 649 4554 sona
728 4484 1065 4576 eiusdem,
1143 4492 1305 4561 totis
1383 4485 1646 4563 viribus
1727 4497 1798 4561 et
1858 4493 2163 4581 potentia
2223 4487 2315 4561 ab
2379 4488 2694 4566 omnibus
2774 4490 3060 4565 aemulis
3141 4500 3214 4564 et
3271 4488 3866 4587 imetitiom‘hn·

473 4584 690 4676 ipsam
747 4591 1091 4662 ciuitatem
1171 4612 1325 4663 cum
1393 4591 1700 4665 districtu
1776 4591 2088 4667 eiusdem
2168 4591 2548 4668 defendere
2603 4603 2674 4665 et
2732 4603 3130 4689 protegere,
3205 4614 3364 4667 cum
3419 4593 3686 4667 auxilio
3749 4604 3910 4670 et:

470 4688 855 4762 iuramento
936 4692 1356 4788 spondemus
1435 4705 1507 4766 et
1586 4697 2018 4768 assumimus.
2115 4696 2285 4769 Item
2369 4700 2430 4773 si
2497 4698 2865 4792 aliquando
2917 4697 3251 4772 Dominus
3327 4705 3572 4773 noster
3651 4697 3852 4773 Rex

471 4788 591 4879 val
664 4793 814 4865 eius
897 4815 1349 4870 successores
1423 4795 1512 4869 de
1563 4796 2091 4893 proprietatibus
2162 4809 2234 4873 et
2302 4799 2725 4877 libertatibus
2796 4802 3022 4875 diotae
3093 4804 3386 4875 ciuimtis
3455 4798 3874 4895 quibam-

474 4892 901 4969 alienassent
949 4907 1022 4969 et
1071 4898 1466 4989 tradissent,
1537 4902 1726 4996 ipsas
1798 4903 2252 4978 alienationes
2311 4904 2498 4977 idem
2549 4904 2885 4980 Dominus
2963 4926 3097 4978 nex
3145 4909 3217 4979 in
3268 4909 3530 4977 irritum
3582 4927 3850 4979 reno-

468 4996 699 5069 cubit.
776 4998 948 5073 Item
1021 5001 1403 5077 antedictus
1472 5003 1792 5081 dominus
1862 5016 2104 5083 noster
2163 5029 2318 5097 rex,
2400 5018 2516 5080 aut
2583 5030 2742 5100 nos,
2793 5009 2916 5084 vel
2975 5010 3174 5099 alter,
3253 5010 3534 5082 nomine
3603 5012 3846 5083 eius-

469 5099 625 5175 dem
693 5102 969 5178 Domini
1031 5109 1257 5179 nostri
1328 5111 1545 5202 regis,
1626 5108 1911 5185 obsides
1983 5110 2073 5184 de
2125 5109 2371 5185 eadem
2451 5115 2728 5186 ciuitate
2796 5112 3184 5188 nullatenus
3260 5121 3502 5209 petere
3555 5121 3632 5184 et
3681 5133 3854 5187 re·-
3909 5158 3910 5161 κ

469 5207 705 5299 cipere
754 5217 1000 5302 potest.
1105 5208 1277 5284 Item
1332 5212 1512 5309 quod
1563 5211 1938 5309 praelibata
1993 5217 2237 5289 ciuitas
2289 5213 2764 5291 Sibenicenais
2834 5215 3088 5290 babeat
3159 5234 3434 5290 omnem
3488 5217 3852 5312 gratian,

464 5305 848 5389 libertatem
896 5315 1302 5421 generalem
1354 5325 1428 5422 et
1480 5317 1881 5414 specialem.
1955 5340 2155 5414 quam
2211 5320 2390 5393 aliae
2460 5323 2777 5396 ciuitates
2845 5323 3046 5415 regni
3098 5318 3484 5393 Dalm-flac
3547 5317 3884 5397 hab-t-
