3950 5917
3294 481 3438 597 4'4'1

438 728 510 803 7.
618 729 972 825 Suplicaut
1020 730 1392 803 humillime
1456 728 1535 802 ΙΙ.
1606 728 1755 802 DD.
1813 727 1940 801 SS.
2016 740 2083 802 et
2138 728 2282 802 00.
2338 728 2736 823 Regnorum
2790 729 3172 802 Dalmatiae
3229 727 3462 803 Cros-

118 837 261 906 tiae
316 843 387 905 et
440 832 817 908 Slavoniae
881 843 1285 930 praesentes
1338 832 1690 927 Ablegati‚
1761 831 2038 907 nomine
2117 831 2562 905 Dominarum
2616 830 3093 927 Principalium
3148 855 3460 922 suorum,

120 936 405 1032 inclytis
462 935 764 1009 Statibus
819 947 890 1008 et
941 935 1332 1024 ordinibus,
1411 944 1483 1007 ut
1554 933 2024 1008 Consideratis
2080 945 2152 1007 et
2201 938 2562 1031 perpensis
2616 934 2977 1008 Universis
3056 939 3456 1032 praemissis

124 1038 666 1112 circumstantiis
739 1050 809 1109 et
878 1043 1177 1112 miserae
1246 1061 1378 1111 una
1454 1037 1959 1110 Contribuentis
2040 1036 2386 1109 inferioris
2457 1035 2684 1111 Plebis
2757 1036 3305 1111 conservatione
3386 1043 3457 1112 in

123 1147 599 1237 aequanimam
651 1141 1101 1214 reflexionem
1160 1152 1452 1236 sumpta,
1508 1141 1595 1213 ad
1646 1144 2182 1237 propositionem
2220 1141 2797 1214 Excellentissimi
2837 1152 2907 1215 et
2942 1142 3460 1215 illustrissimo-

123 1266 277 1316 rum
334 1246 777 1318 Dominorum
834 1243 1323 1341 Supremorum
1378 1243 1741 1334 Comitum,
1805 1267 1899 1316 ex
1952 1244 2225 1338 singulo
2295 1246 2412 1317 illo
2491 1242 2803 1317 inferiori
2858 1243 3198 1318 Comitatu
3252 1268 3457 1319 unum

125 1347 445 1442 adeoque
500 1351 567 1420 in
612 1357 757 1420 toto
811 1358 954 1420 tres
992 1347 1377 1442 Ablegatos
1416 1348 1676 1440 eligere
1715 1353 1974 1420 etcum
2031 1348 2182 1420 aliis
2236 1347 2449 1420 tribus
2501 1347 2833 1421 hactenus
2873 1349 3184 1444 expediri
3237 1351 3457 1422 solitis

122 1456 195 1521 in
235 1451 503 1543 aequali
554 1454 1037 1546 praerogativa
1080 1455 1470 1541 amittere,
1521 1451 1878 1546 taliterque
1915 1451 2001 1522 ad
2059 1451 2357 1523 salutare
2411 1451 2574 1522 illud
2628 1455 2924 1524 omnium
2981 1456 3454 1543 gravaminum

124 1554 530 1643 remedium,
583 1552 894 1626 Diaetam
948 1552 1298 1638 videlicet,
1362 1575 1497 1626 neo
1569 1562 1804 1649 partae
1858 1553 2234 1626 Slavoniae
2288 1557 2470 1627 viam
2545 1563 2615 1626 et
2678 1577 3038 1629 accessum
3094 1556 3458 1651 adaperire

126 1656 508 1750 dignentur.
595 1655 744 1728 Nec
801 1655 1102 1728 dubitant
1153 1666 1558 1753 praesentes
1596 1656 1916 1750 Ablegati
1971 1656 2037 1728 id
2094 1656 2266 1744 fieri,
2324 1667 2525 1751 atque
2578 1657 2710 1730 illis
2758 1661 2962 1729 etiam
3019 1659 3210 1730 titulo
3247 1658 3456 1730 Auc-

126 1763 421 1832 tionario
472 1755 924 1854 expediendis
975 1759 1200 1852 Regni
1251 1758 1613 1852 Ablegatis
1668 1763 1818 1833 sine
1871 1760 2294 1855 praejudicio
2347 1759 2763 1856 Inclytorum
2820 1761 3126 1833 Statuam
3182 1761 3456 1834 solitum

121 1860 380 1933 Locum
419 1871 489 1934 et
532 1862 926 1954 suffragium
983 1866 1351 1958 exoperari
1385 1885 1616 1959 posse.
1676 1862 1844 1935 Sive
1900 1866 2151 1934 etenim
2206 1866 2605 1957 inspiciatur
2638 1863 2986 1937 Articulus
3039 1863 3162 1936 61.
3203 1863 3456 1954 1625..

46 1989 55 1994 ·
123 1963 350 2058 Regni
405 1965 780 2038 Slavoniae
826 1964 1323 2059 Ablegatorum
1377 1975 1700 2038 numerus
1755 1969 2189 2038 irrestructus
2229 1963 2761 2062 comperiretur„
2819 1971 2972 2039 sive
3024 1971 3172 2062 ipsa
3227 1972 3454 2040 ratio-

126 2067 439 2139 nabilitas
494 2071 562 2139 in
607 2066 1057 2141 reflexionem
1113 2079 1521 2157 assumatur.³
1575 2072 1725 2163 quis
1777 2090 1914 2140 non
1972 2068 2361 2155 concludet.
2418 2079 2615 2141 aucta
2670 2069 3155 2143 Jurisdictione
3201 2071 3453 2163 Regni,

124 2193 211 2242 eo
248 2174 652 2266 praesertim
691 2172 924 2254 modo..
978 2194 1113 2266 quo
1170 2181 1367 2244 aucta
1405 2194 1500 2243 ex
1533 2223 1591 2242 ..
1616 2225 1671 2243 ..
1710 2174 2299 2268 incorporalisque
2331 2171 2808 2245 Decretalibus
2849 2177 3014 2245 citra
3053 2174 3255 2245 ullum
3315 2175 3451 2246 du-

126 2271 303 2344 bium
343 2283 501 2345 ante
536 2274 911 2346 eorundem
949 2274 1404 2362 avulsionem„
1444 2275 1777 2348 Sessione
1815 2285 1885 2346 et
1920 2285 2088 2347 voto
2128 2283 2193 2348 in
2235 2275 2473 2347 Diaeta
2513 2275 2965 2369 gaudentibus
3006 2274 3452 2350 comitatibus

125 2378 338 2468 (sic).
393 2399 743 2449 numerum
802 2399 1072 2473 quoque
1124 2377 1619 2471 Ablegatorum
1674 2381 1911 2469 augeri
1967 2400 2176 2472 posse
2232 2387 2303 2449 et
2355 2377 2653 2466 debere3
2733 2383 2887 2453 sive
2943 2379 3212 2451 demum
3270 2401 3452 2452 con-

124 2479 464 2552 sideretur
517 2490 587 2551 et
621 2480 716 2566 id,
772 2481 953 2575 quod
992 2490 1149 2552 ante
1196 2484 1742 2576 occupationem,
1788 2490 1860 2552 ut
1896 2481 2313 2573 praedictum
2350 2492 2481 2569 est„
2536 2482 2799 2554 illarum
2853 2486 3166 2578 partium,
3220 2484 3452 2578 plures

122 2604 321 2676 quam
377 2592 522 2655 tres
575 2582 959 2677 Ablegatos
1013 2583 1237 2678 Regni
1293 2584 1668 2655 Slavoniae
1732 2587 1798 2654 in
1855 2583 2119 2658 Diaetis
2173 2607 2312 2657 non
2365 2586 2853 2672 intervenisse„
2927 2586 3454 2659 remonstrabile

122 2708 257 2757 non
343 2690 455 2772 sit,
534 2684 777 2781 inclyti
845 2685 1117 2759 Domini
1192 2688 1424 2760 Status
1507 2696 1577 2759 et
1627 2685 1924 2760 Ordines
1978 2687 2203 2781 Regni
2258 2687 2678 2782 Hungariae.
2760 2691 2872 2784 qui
2953 2698 3182 2784 utpote
3248 2689 3452 2761 Neo-

118 2792 474 2884 aquisticis
526 2791 596 2859 in
652 2793 917 2883 gremio
974 2793 1077 2862 sui
1124 2787 1568 2863 Comitatibus
1622 2790 1687 2862 id
1743 2793 1962 2885 ipsum
2019 2814 2156 2862 non
2213 2802 2575 2884 negarunt,
2664 2792 2748 2863 ad
2805 2792 3286 2885 assignandam
3344 2791 3450 2866 bis

118 2912 394 2988 quoque
434 2891 791 2985 Ablegatis
838 2893 1241 2965 Sessiouem
1280 2893 1901 2967 Condescensuros
1956 2893 2236 2966 tirmiter
2288 2905 2359 2965 et
2412 2904 2599 2967 tauto
2656 2892 2912 2968 firmius
2952 2895 3220 2991 quidem
3277 2918 3451 2991 spe·-

113 2998 251 3067 rari
310 3004 564 3091 potest,
618 2998 937 3090 quoniam
973 2996 1349 3070 Slavoniae
1383 2996 1697 3090 Regnum
1752 2998 2041 3092 plurium
2098 2995 2575 3081 Comitatuum,
2629 2999 2819 3069 velut
2853 3021 2891 3067 a
2930 3008 3122 3094 parte
3175 3002 3278 3070 rei
3313 3021 3454 3074 non

118 3102 558 3171 existentium
620 3098 1278 3195 Incorporationem.,
1359 3110 1561 3194 atque
1617 3099 1794 3171 adeo
1849 3123 1982 3171 nec
2037 3103 2423 3172 auctionem
2474 3099 2972 3194 Ablegatorum
3033 3106 3102 3175 in
3158 3102 3452 3174 futurum

112 3201 575 3297 praetendere
627 3206 866 3298 possit.
973 3202 1150 3276 Nihil
1204 3200 1780 3299 praejudicabitur
1833 3200 1966 3273 hoc
2022 3201 2236 3292 facto,
2291 3214 2572 3299 sperant
2622 3202 2972 3296 Ablegati,
3053 3204 3454 3299 praealatae

114 3304 531 3376 Autboritati
590 3304 849 3380 Banali.
930 3306 1089 3379 nibil
1162 3310 1320 3376 item
1376 3304 1839 3376 Jurisdictioni
1895 3304 2144 3398 Regni.
2222 3310 2379 3400 quin
2452 3310 2590 3377 imo
2646 3306 3003 3400 augebitur
3035 3308 3255 3397 gloria
3313 3329 3455 3398 pa·—

114 3412 292 3479 triae
349 3417 420 3479 et
473 3408 705 3480 Decor
761 3409 1063 3482 sublimis
1116 3408 1566 3481 Antboritatis
1619 3406 1895 3480 Banalis
1950 3430 2037 3478 ac
2088 3407 2355 3501 Regni3
2418 3408 2597 3480 nulla
2655 3433 2779 3504 per
2831 3408 2966 3481 boc
3019 3407 3254 3479 inferri
3311 3430 3447 3500 po-

114 3521 253 3583 test
308 3511 601 3598 Scissio.
683 3515 841 3607 quin
894 3515 1031 3583 imo
1089 3510 1496 3604 Conjunctio
1556 3515 1909 3605 utriusque
1962 3508 2188 3605 Regni
2241 3514 2479 3607 partia.
2536 3521 2605 3583 et
2660 3524 3047 3605 superatum
3103 3510 3449 3604 Incorpo-

108 3615 401 3688 rationis
454 3613 989 3688 stabilimentum
1047 3637 1134 3687 eo
1190 3614 1595 3689 luculentius
1651 3614 2148 3710 subsequetur3
2227 3637 2361 3687 nec
2416 3612 2904 3685 desiderabunt
2956 3614 3092 3686 hoc
3144 3613 3446 3687 admisso

114 3716 493 3790 Comitatus
562 3717 657 3790 illi
713 3740 837 3812 per
886 3718 1193 3812 Regales
1247 3723 1517 3807 vocari,
1590 3741 1724 3790 nec
1778 3716 2228 3792 comitatuum
2301 3720 2657 3790 nominare
2710 3715 3125 3811 Ablegatos‚
3199 3739 3444 3789 verum

113 3820 551 3894 Contendent
602 3843 878 3917 semper
930 3822 1086 3894 talia
1141 3824 1207 3894 in
1268 3825 1532 3915 gremio
1588 3824 1696 3894 sui
1749 3825 2051 3893 enutrire
2105 3818 2441 3914 subjecta,
2496 3841 2674 3915 qnae
2726 3817 3127 3912 Conjunctis
3172 3818 3448 3894 Viribus

112 3947 254 3997 non
310 3925 516 3997 modo
570 3927 640 3998 in
695 3947 917 4013 suum,
970 3928 1311 4021 privative
1364 3928 1433 3996 in
1489 3934 1737 4019 puncto
1794 3923 2353 4015 Contributionis‚
2410 3923 2535 3997 sed
2584 3934 2654 3996 et
2690 3924 2929 3996 horum
2969 3915 3447 4012 Comitatuum',

110 4027 431 4122 adeoque
479 4030 686 4100 totius
739 4027 957 4125 Incyti
1003 4027 1231 4121 Regni
1285 4027 1510 4124 quoad
1563 4028 1823 4121 reliqua
1878 4027 2457 4101 Jurisdictionalia
2492 4036 2564 4100 et
2600 4026 3056 4101 Provincialia
3112 4027 3450 4100 desudent

108 4131 635 4204 incrementum.
716 4130 1031 4225 Denique
1083 4154 1223 4204 non
1277 4129 1672 4204 onerabitur
1706 4129 1922 4204 Cassa
1966 4131 2219 4206 ,borum
2271 4130 2717 4228 Superiorum
2759 4128 3233 4219 Comitatuum.
3288 4134 3446 4205 sin-

110 4234 318 4328 gulus
366 4238 624 4307 etenim
663 4232 1038 4308 Comitatus
1092 4257 1297 4308 unum
1353 4235 1745 4307 modalitate
1799 4238 2084 4329 praevia
2123 4235 2295 4308 ultra
2334 4234 2622 4308 hacteus
2671 4239 3010 4307 nominari
3066 4242 3445 4330 consvetos

112 4334 508 4431 eligendum
564 4338 821 4411 diurnis
875 4338 1262 4434 providebit
1308 4348 1376 4410 et
1429 4338 1562 4411 hoc
1616 4340 1834 4434 ipsum
1888 4338 2119 4411 medio
2154 4336 2550 4412 Eorundem
2585 4335 3083 4432 Ablegatorum
3120 4338 3443 4411 declarat.

1031 4565 1118 4629 ln
1187 4565 1520 4631 dextro
1580 4566 2034 4632 inferiori
2101 4567 2526 4653 margine.

423 4755 869 4831 Extradatum
924 4779 1049 4854 per
1098 4779 1212 4830 me
1263 4755 1362 4851 lg.
1417 4756 1753 4855 Kovacsy
1803 4781 1891 4831 m.
1946 4779 2012 4856 p.
2092 4757 2336 4858 Inclyti
2383 4756 2761 4833 Comitatus
2819 4756 3242 4854 syrmiensis
3304 4756 3445 4829 Ju-

104 4871 331 4934 ratum
385 4860 889 4935 Archivarium.

98 5063 163 5117 ln
198 5062 432 5117 Archivo
468 5062 635 5133 Regni
673 5061 936 5117 croatiae.
1008 5063 1138 5116 Acta
1174 5060 1234 5114 R.
1272 5059 1755 5131 Congrcgationun
1792 5061 1948 5118 2⁷51.
1984 5060 2043 5116 Π.
2080 5062 2204 5116 647.

313 5597 473 5666 (rm
501 5595 543 5651 1.
586 5595 763 5652 rava.
795 5604 851 5650 οι
881 5595 1105 5667 uun.)
2922 5564 3022 5639 56
