3950 5917
3305 435 3488 523 fut

138 644 388 723 firmas
469 652 658 718 ratas
700 651 785 719 et
832 652 1068 738 gratas
1144 640 1406 723 habore
1457 654 1539 717 et
1580 651 1855 736 mere,
1920 667 2008 719 ac
2076 646 2270 741 ipsos
2323 643 2670 727 dominum
2749 642 3368 741 Archieplscopum
3416 654 3489 721 et

140 746 432 822 clerum
485 746 927 845 supradictos·
971 750 1346 845 occasione
1398 751 1737 843 premissa
1790 751 2067 825 minime
2119 747 2515 825 molestare.
2570 746 2649 821 lu
2683 769 2970 844 quorum
3021 750 3488 826 testimoninm

140 872 451 948 presens
503 850 641 923 hoc
691 849 1032 947 publicum
1102 850 1630 924 lustramentum
1701 851 1913 929 scribi
1964 861 2037 924 et
2088 849 2240 925 fieri
2291 853 2614 933 iussimus
2659 872 2795 947 ‚per
2843 851 3227 935 victorium
3294 853 3488 937 sorb-

140 953 450 1051 bamque
503 963 815 1027 nostrum
866 952 1207 1050 publicum
1258 953 1765 1050 infrascriptum
1817 964 1887 1027 et
1938 956 2159 1029 nostri
2212 955 2417 1048 sigilli
2469 957 2791 1030 iussimus
2845 958 3268 1050 appensione
3321 976 3486 1027 mu·-

143 1061 303 1134 uiri.
414 1055 600 1129 Acta
652 1055 927 1130 fuerunt
978 1056 1286 1153 predicta
1335 1060 1407 1135 in
1462 1055 1668 1131 Curia
1720 1059 1861 1131 loci
1909 1057 2312 1150 Monosterij
2372 1060 2592 1132 sancti
2645 1057 2969 1131 dominici
3020 1056 3109 1131 de
3163 1066 3364 1133 extra
3416 1068 3489 1133 et

136 1182 368 1258 prope
396 1158 751 1256 Spaletnm
807 1161 1066 1236 ordinis
1118 1159 1645 1257 predicatorum.
1698 1161 1907 1235 Anno
1952 1164 2323 1236 natiuitatis
2378 1160 2721 1235 dominice
2771 1159 3138 1235 Millesimo
3189 1170 3483 1235 trecen·-

134 1268 399 1339 tesimo
482 1267 993 1359 septuagesimo
1073 1269 1335 1361 quinto,
1414 1264 1794 1338 indictione
1847 1268 2048 1338 tertia
2101 1264 2403 1355 decima5
2450 1264 2846 1359 die-quinta
2900 1264 3168 1337 decima
3219 1267 3486 1341 nem

132 1367 347 1460 luniJ‚
402 1365 850 1442 Pontificatus
902 1369 1346 1465 suprascripti
1399 1367 1656 1442 domini
1709 1372 1926 1442 nostri
1978 1389 2153 1465 pape
2201 1366 2519 1462 Gregorij
2558 1368 2677 1439 XI.
2729 1367 2938 1441 Anno
2978 1371 3255 1463 quint03
3306 1388 3482 1463 pre-

134 1469 464 1545 sentibus
516 1470 933 1545 Reuerendo
986 1475 1057 1544 in
1103 1470 1357 1544 christo
1409 1481 1605 1567 patre
1655 1472 1929 1551 domino
1966 1471 2198 1553 ,fratre
2249 1471 2764 1561 Boniohanne8‚
2821 1471 3207 1567 supradicta
3261 1473 3482 1564 gratia

136 1573 427 1647 Abbate
463 1572 865 1667 Monasterij
922 1577 1143 1648 sancti
1194 1573 1550 1647 Michaelis
1606 1576 1693 1648 de
1746 1585 2006 1666 moute,
2059 1576 2369 1670 polensis
2424 1574 2798 1666 dioecesis,
2854 1572 3133 1648 Ganoro
3190 1572 3485 1647 condam

130 1677 409 1750 domini
461 1675 828 1750 Lanzaroti
878 1676 968 1750 de
1021 1676 1325 1770 Mantua,
1377 1681 1645 1752 notario
1697 1677 2094 1752 Communis
2148 1676 2438 1772 Spaleti‚
2493 1688 2564 1751 et
2616 1676 2940 1772 Clapacio
2976 1677 3339 1750 mercedro
3393 1675 3484 1750 de

136 1780 465 1877 Spaleto‚
519 1803 606 1854 ac
657 1780 902 1854 Nicola
953 1779 1199 1854 Jacohi
1250 1779 1537 1854 Andree
1591 1781 1679 1855 de
1733 1781 2043 1878 Spaleto‚
2093 1779 2382 1857 testibus
2436 1783 2706 1855 vocatis
2761 1780 2848 1857 ad
2899 1780 3034 1855 hec
3086 1780 3481 1878 specialiter

134 1893 212 1957 et
265 1885 563 1978 rogatis.
1784 1908 1789 1913 ·
1880 1916 1886 1922 ·

1515 2111 1783 2193 Siquam
1827 2113 2091 2176 Notarii
2113 2135 2137 2174 .-

476 2302 632 2398 Ego
688 2303 931 2377 Victor
984 2302 1346 2377 Guillielmi
1398 2304 1488 2377 de
1539 2304 1887 2394 Torcello,
1951 2302 2261 2403 publicus
2311 2304 2646 2401 imperiali
2717 2306 3120 2377 auctoritate
3172 2304 3487 2376 notarius

140 2431 236 2480 ac
288 2405 527 2482 scriba
596 2406 964 2503 supradicti
1034 2407 1287 2481 domini
1350 2407 1922 2499 Suboolleotoris‚
1999 2409 2479 2504 suprascriptis
2533 2404 2846 2480 omnibus
2901 2416 2972 2477 et
3025 2405 3311 2500 singulis
3364 2407 3486 2478 in-

146 2509 390 2600 terrui,
448 2533 667 2606 eaque
722 2509 810 2584 de
863 2511 1181 2584 mandato
1236 2510 1397 2585 dicti
1450 2510 1707 2587 domiui
1759 2510 2297 2585 Subcollectoris
2350 2513 2623 2606 scripsi,
2674 2518 2747 2584 et
2795 2512 2866 2587 in
2909 2509 3090 2583 hanc
3140 2507 3488 2604 publicam

146 2613 452 2687 formam
489 2613 804 2708 reddegi,
859 2614 1081 2709 siquid
1133 2637 1357 2687 meum
1414 2638 1546 2687 uua
1594 2637 1749 2687 cum
1784 2618 1999 2710 ipsius
2053 2614 2307 2687 domini
2358 2612 2898 2688 Subcollectoris
2953 2612 3160 2708 sigilli
3210 2633 3486 2708 appen-

142 2719 352 2793 sione
408 2728 818 2792 consuetum
870 2739 1223 2813 apponens
1277 2721 1348 2792 in
1401 2721 1862 2793 testimouium
1922 2722 2435 2816 premissorum.
2989 2726 2998 2732 ’

18 2970 21 2989 ,
1475 2919 1797 3004 (Siyu’llum
1835 2921 2181 2998 anuum.)

20 3010 23 3109 ἓ
144 3128 291 3202 orig.
323 3131 383 3184 in
420 3146 470 3183 c.
493 3146 539 3186 r.
575 3130 748 3185 aulico
784 3128 1029 3187 Ambivio
1066 3129 1367 3185 vio-uui.
1420 3128 1551 3184 Acta
1584 3127 1925 3197 spalaten-ia.

1720 3762 1933 3847 GV.

1180 4074 1419 4149 1377.
1498 4078 1615 4148 die
1666 4075 1799 4152 31.
1856 4074 2196 4148 oolobm.
2268 4074 2479 4147 Zoln’t‘.

150 4344 729 4429 Ludovious
788 4340 991 4427 Rex
1052 4341 1380 4445 litem,
1444 4363 1771 4422 coram
1830 4338 2197 4423 Judice
2261 4337 2620 4421 Curiae
2681 4346 3074 4440 motam,
3136 4332 3492 4415 Slavo-

426 4485 655 4561 niae
716 4478 1018 4584 flauo,
1084 4481 1691 4583 competenti
1743 4477 2106 4586 judici,
2170 4474 2829 4559 decidendam
2888 4471 3218 4553 tradit.

473 4777 871 4853 Lodovicus
919 4775 1032 4849 dei
1068 4776 1303 4871 gracia
1357 4773 1716 4869 hungarie,
1772 4774 2078 4870 polonie,
2131 4771 2468 4847 dalmacio
2505 4780 2637 4845 etc.
2692 4766 2880 4843 fideli
2932 4789 3061 4843 suo
3116 4764 3486 4860 magnifico

159 4888 317 4961 viro
374 4879 625 4957 Comiti
675 4879 931 4957 Iacobo
984 4879 1074 4955 de
1129 4878 1424 4977 scopus,
1494 4878 1710 4953 ludici
1779 4901 1905 4953 sue
1960 4880 2178 4969 curie,
2251 4876 2541 4951 salutem
2593 4883 2666 4947 et
2716 4874 3045 4966 graciam.
3152 4868 3493 4947 Fidenati

162 4998 403 5065 vestre
474 4985 716 5061 damus
766 4987 841 5059 in
892 4983 1257 5074 mandatis,
1328 4990 1663 5078 quatenus
1736 5004 2020 5057 eausam
2089 4983 2268 5057 iuter
2336 4976 2545 5051 Ciues
2597 4985 2880 5051 nostros
2953 4973 3349 5051 Grecenses
3401 4967 3495 5045 do

166 5088 509 5187 znp-nbia
576 5088 665 5162 ab
715 5102 880 5180 una,
931 5097 1126 5185 parto
1196 5108 1375 5162 vero
1428 5109 1527 5163 ex
1571 5087 1789 5162 altera
1842 5088 2020 5159 inter
2068 5081 2540 5158 venerabilem
2591 5083 2664 5155 in
2716 5077 2989 5157 Christo
3039 5086 3302 5172 patrem
3349 5070 3495 5147 do·-

167 5200 417 5275 uiunm
497 5193 922 5269 &menium
995 5191 1413 5289 Episcopum
1488 5188 2027 5285 Zagrabiensem
2092 5197 2163 5263 et
2225 5183 2604 5283 Capitulum
2671 5184 2814 5261 loci
2875 5180 3187 5257 eiusdem
3257 5194 3500 5253 coram

170 5298 368 5379 vobi-
420 5306 838 5388 vorwutem,
890 5304 1073 5373 statu
1110 5298 1183 5371 in
1226 5293 1509 5386 eaden,
1561 5293 1825 5390 ahsmle
1877 5294 2066 5369 omni
2113 5292 2515 5386 masmine
2565 5286 2659 5365 ad
2703 5285 3025 5367 iudicium
3073 5290 3148 5357 et
3194 5299 3504 5361 exam

166 5399 519 5502 want
586 5402 722 5479 vini
764 5399 967 5481 Pam
1017 5398 1274 5494 Ζιιᾱοτ,
1342 5401 1550 5497 regni
1594 5400 1821 5479 nostri
1868 5396 2262 5477 Schuouie
2309 5393 2514 5488 Rani,
2579 5390 3128 5480 tramitum,
3186 5379 3508 5484 pm
