3950 5917
3369 425 3522 498 39⁴?

168 620 460 708 quarto,
513 611 912 709 Regnorum
966 624 1356 692 nostrorum
1408 619 1705 697 Romani
1755 621 2026 706 decimo
2081 627 2314 716 tertio,
2365 620 2839 724 simnia-um
2882 630 3230 725 vigesimo
3274 633 3523 728 primo,

172 713 560 811 Hungarici
616 726 686 791 et
737 717 1092 793 Bobemici
1145 724 1351 794 etiam
1411 720 1683 798 decimo
1734 729 1958 800 tertio.

82 835 97 940 i
504 869 848 948 Carolus
894 896 983 946 m.
1036 898 1098 971 p.

506 1025 861 1121 Eugenius
917 1050 957 1101 a
1011 1029 1354 1104 sabaudia
1410 1054 1497 1104 m.
1552 1054 1614 1128 p.

1328 1231 1334 1237 '
1372 1233 1456 1286 Ad
1493 1233 1787 1289 nand-uam
1825 1236 1968 1290 sacr.
2006 1234 2157 1291 0100.
2194 1239 2499 1308 Regi-eque
2536 1236 2837 1295 Catholicae
2869 1240 3149 1310 ltqjutntt·
3184 1244 3486 1318 propriumz

1851 1354 1913 1425 J.
1958 1353 2078 1426 W.
2131 1376 2274 1430 von
2309 1353 2805 1432 Brockhausen
2856 1379 2946 1430 m.
2985 1380 3048 1454 p.

18 1557 69 1628 11²3
1694 1554 1748 1616 A
1794 1563 1970 1633 ter-90
1997 1577 2011 1616 ε

497 1687 956 1781 Reverendis.‚
1012 1690 1565 1784 Honorabilibus,
1622 1692 2125 1791 spectabilibus
2180 1718 2265 1768 ac
2315 1693 2727 1792 magnificis,
2800 1721 2934 1772 nec
2988 1720 3129 1772 non
3182 1698 3513 1796 Egregiis

170 1801 256 1864 et
308 1789 662 1865 Nobilibus
716 1791 799 1864 N.
853 1792 936 1867 N.
1000 1792 1359 1870 Universis
1412 1794 1712 1870 Statibus
1767 1807 1837 1871 et
1889 1796 2253 1873 Ordinibus
2324 1799 2732 1891 Dalmatiae,
2807 1799 3127 1876 Groatiae
3177 1812 3247 1876 et
3301 1802 3514 1877 Scla-

169 1897 440 1968 voniae
492 1892 890 1989 Regnorum
945 1895 1377 1989 Nostrorum,
1433 1898 1747 1974 fidelibus
1800 1899 2019 1976 Nobis
2074 1901 2381 1977 Dilectis.
3493 1955 3496 1962 -

18 1985 66 2054 τε·

1646 2080 1758 2173 (ι.
1832 2080 1948 2173 s.)

17 2277 47 2352 ἰῇ
170 2275 326 2343 orig.
361 2277 417 2328 in
454 2276 680 2330 Arcbivo
716 2276 884 2348 Regni
919 2276 1176 2333 croatiae.
1214 2279 1339 2333 Acta
1378 2280 1547 2351 Regni
1582 2282 1778 2352 Gongr.
1812 2300 1860 2335 ι.
1901 2285 2053 2340 1724.
2094 2284 2178 2336 Nr.
2217 2286 2266 2336 5.

17 2485 63 2556 {a

1616 2731 2087 2814 ccxmt.

20 2985 51 3072 lt
837 2994 1041 3051 Anno
1113 2982 1204 3051 17
1214 2983 1340 3054 25.
1400 2985 1512 3054 die
1576 2986 1637 3054 7.
1696 2987 1907 3058 Jnm'e'.
1994 2988 2072 3056 ln
2129 2996 2367 3058 castro
2428 2989 2868 3085 Laoeenburq.

132 3214 607 3297 ·Garolus
671 3217 794 3297 111.
890 3216 1083 3297 Rex
1144 3218 1594 3297 Tabulam
1659 3220 2314 3298 Judiciariam
2406 3247 2572 3325 pro
2637 3222 2982 3326 Regno
3049 3225 3512 3304 Oroatiae

1258 3368 1350 3435 et
1413 3357 1952 3436 Slavoniae
2018 3359 2441 3461 regulat.

22 3651 45 3678 f.
178 3601 600 3675 CAROLUS
655 3602 771 3675 v1.
827 3602 979 3675 DEI
1033 3606 1252 3697 gratia
1334 3605 1597 3677 electus
1652 3602 2115 3675 Romanorum
2188 3603 2565 3698 Imperator
2635 3625 2909 3699 semper
2961 3605 3342 3697 Augustus.
3425 3630 3513 3679 ac

38 3763 47 3774 .
567 3705 1005 3794 Germaniae,
1088 3706 1589 3802 Hispaniarum,
1670 3705 2091 3800 Hungariae,
2171 3705 2682 3802 Bohemiaeque
2736 3709 2861 3780 dcc.
2918 3707 3126 3780 REX.

22 3859 43 3900 „-

21 3965 37 4012 ι
496 3912 925 4003 Reuerenffi,
1005 3913 1487 4000 Honorabiles,
1545 3912 1974 4008 spectabiles
2031 3936 2116 3986 ac
2168 3912 2542 4008 Magnifici,
2611 3913 2958 4009 Magnifici
3013 3919 3172 3987 item
3225 3915 3510 4011 Egregij

21 4067 37 4102 ,
178 4024 244 4088 dc
303 4016 617 4108 Nobiles.
671 4017 947 4091 Fideles
1001 4016 1216 4089 Nobis
1273 4017 1522 4090 dilecti.
1630 4017 1950 4091 Demisse
2024 4018 2238 4089 relata
2314 4027 2421 4089 est
2473 4016 2688 4092 Nobis
2759 4019 2871 4091 illa
2937 4019 3506 4092 celebrandorum

24 4173 31 4218 s
178 4120 590 4194 indiciorum
649 4120 1036 4211 Modalitas‚
1121 4145 1323 4217 quam
1375 4120 1773 4194 Fidelitates
1847 4120 2145 4194 Vestrae
2220 4124 2284 4192 in
2340 4121 2565 4193 locum
2640 4121 3247 4197 Prothonotarialis
3317 4122 3512 4196 ludi-

24 4277 29 4322 Ι
177 4234 405 4316 catus.
462 4226 753 4298 antehac
807 4229 874 4298 in
930 4223 1240 4297 Partibus
1295 4228 1609 4310 exerciti.
1663 4234 1819 4320 post
1873 4224 2184 4315 ejusdem
2241 4223 2367 4296 sub
2422 4229 2801 4298 novissime
2856 4229 3210 4299 terminata
3266 4226 3510 4298 Diaeta

24 4381 27 4422 ᾗ
176 4331 638 4401 interveniam
697 4327 1241 4422 abrogationem.
1297 4334 1361 4401 in
1422 4328 1741 4402 Generali
1809 4325 2367 4422 congregatione
2426 4351 2577 4418 sua,
2660 4351 2901 4401 mense
2955 4329 3271 4424 Augusto
3326 4330 3510 4403 Anni

182 4429 388 4504 1723
469 4432 855 4528 Zagrabiae
939 4431 1309 4522 celebrata.
1384 4433 1467 4505 ad
1522 4431 1888 4525 benignam
1943 4430 2464 4504 ratificationem
2535 4442 2650 4504 ant
2717 4430 3294 4507 modificationem
3366 4455 3508 4506 no-

24 4605 25 4612 ,
176 4544 393 4607 stram
451 4534 889 4609 elaborarunt
941 4540 1005 4607 dc
1055 4534 1399 4629 Majestati
1453 4545 1732 4610 nostrae
1787 4534 2156 4608 humillime
2195 4534 2506 4608 exhiberi
2552 4534 2882 4608 fecerunt,
2995 4535 3145 4623 Quo
3191 4541 3259 4609 in
3297 4558 3507 4632 passu

178 4637 479 4732 benigne
536 4643 757 4714 visum
816 4639 938 4712 fuit
992 4637 1205 4713 Nobis
1264 4651 1662 4734 sequentem
1711 4640 2206 4714 resolutionem
2243 4641 2609 4734 impertiri:
2667 4649 2738 4711 ut
2791 4640 3112 4712 videlicet
3166 4663 3288 4735 pro
3344 4662 3507 4713 mo-

24 4615 33 4872 ὶ
176 4741 398 4815 derno
454 4743 946 4817 iurisdictionis
1000 4743 1276 4816 Banalis
1331 4744 1561 4833 Statu.
1613 4766 1745 4816 una
1803 4743 2134 4816 duntaxat
2188 4742 2544 4816 Iudiciaria
2601 4741 2885 4832 Tabula,
2942 4767 3034 4816 ex
3089 4766 3226 4817 uno
3283 4743 3509 4818 Prae-

26 4877 27 4900 *
176 4843 356 4935 side.
420 4869 505 4919 ac
560 4856 848 4943 quatuor
900 4846 1427 4934 Assessoribus,
1479 4868 1618 4920 uno
1671 4850 1832 4920 item
1887 4847 2126 4920 Jurato
2177 4845 2495 4937 Notat-io,
2546 4844 2846 4942 benigne
2900 4869 3022 4943 per
3074 4846 3508 4939 Majestatem

176 4959 485 5024 nostram
568 4974 735 5046 erga
791 4955 1143 5047 praeviam
1199 4951 1569 5024 demissam
1624 4949 2053 5023 Fidelitatum
2082 4949 2510 5023 -Vestrarum
2560 4950 3105 5046 Propositionem
3163 4953 3507 5025 constitu-

180 5054 378 5127 endis
417 5059 482 5127 dc
521 5053 1067 5144 denominandis.
1113 5054 1460 5127 ordinario
1507 5052 1830 5149 Legeque
1869 5052 2167 5127 stabilito
2203 5052 2506 5127 Indicum
2550 5054 2938 5128 Iuramento
2974 5054 3506 5150 adstringendis.

26 5243 27 5248 Ἰ
176 5178 261 5227 ac
317 5158 583 5230 Salaria
641 5162 1095 5254 competentia
1150 5180 1244 5230 ex
1296 5155 1575 5229 Publice
1631 5156 1856 5251 Regni
1907 5155 2122 5229 fundo
2177 5155 2530 5244 habituris.
2607 5168 2934 5242 constans
2989 5161 3315 5251 erigatur,
3371 5180 3505 5230 ea-

179 5257 475 5360 demque
530 5284 657 5335 seu
713 5262 797 5334 ad
847 5264 1028 5335 illam
1081 5260 1560 5356 denominandi
1614 5259 1940 5352 Praeses,
1995 5260 2430 5334 Assessores
2483 5264 2549 5332 Φ
2592 5259 2917 5334 Notarius
2971 5266 3039 5334 in
3094 5260 3406 5335 Liberam
3438 5271 3507 5333 et

179 5360 470 5457 Regiam
509 5363 867 5440 ciuitatem
909 5377 1207 5440 nostram
1241 5363 1777 5463 Zagrabiensem
1816 5366 2180 5460 quotannis
2215 5385 2340 5461 pro
2376 5361 2732 5442 Dominica
2772 5368 2984 5462 prima
3024 5364 3506 5460 Quadi-agesi-
