3950 5917
3337 404 3486 482 8⁹1

1220 1054 1255 1080 ·‹
1336 1063 1341 1069 ·
1447 1005 2246 1192 mum·

797 1304 1006 1373 Anno
1068 1288 1303 1374 1721.
1358 1301 1474 1373 Hie
1526 1297 1654 1374 20.
1708 1303 1911 1393 Maii.
1991 1299 2075 1375 In
2124 1307 2366 1382 castro
2418 1247 2865 1412 Lwdnbflrq.

18 1567 19 1570 ‘
164 1561 595 1642 Carolus
685 1560 812 1642 ΙΙΙ.
904 1560 1101 1642 Rex
1190 1561 1615 1667 mandat,
1706 1573 1805 1643 ut
1896 1562 2238 1642 Status
2302 1562 2774 1648 croatiae
2851 1590 3143 1648 unam
3236 1567 3491 1648 alte-

168 1724 498 1781 ramve
560 1699 1065 1808 legionem
1128 1701 1534 1807 militum
1596 1702 2032 1780 aestivis
2082 1700 2593 1781 mensibus
2653 1712 3266 1807 sustentent,
3327 1704 3490 1783 vel

829 1833 1150 1918 50.000
1204 1836 1665 1918 florenos
1727 1836 1913 1916 hoc
1973 1841 2363 1918 nomine
2424 1840 2847 1920 solvant.

164 2101 590 2180 GAROLUS
663 2106 777 2179 Vl.
848 2104 1002 2178 DEI
1071 2108 1291 2200 gratia
1343 2106 1605 2180 electus
1658 2105 2122 2178 Romanorum
2187 2105 2566 2200 Imperator
2618 2129 2896 2204 semper
2944 2106 3329 2204 Angustus,
3404 2133 3489 2182 ac

587 2207 1022 2296 Germaniae,
1095 2208 1595 2306 Hispaniarum,
1669 2207 2062 2302 Hungariae
2114 2207 2628 2305 Bobemiaeque
2680 2213 2807 2284 dcc.
2860 2209 3072 2284 REX.

484 2450 904 2539 Reverendi
957 2447 1439 2539 Honorabiles
1495 2449 1924 2547 spectabiles
1952 2473 2036 2522 ac
2064 2447 2437 2543 Magnifici
2493 2449 2835 2544 Mag-uilici
2867 2454 3026 2524 item
3074 2455 3139 2525 dc
3171 2445 3486 2548 Egregij

174 2575 312 2632 nec
358 2574 502 2628 non
553 2552 935 2653 Pmdentes
985 2562 1060 2630 et
1094 2551 1632 2650 ssitmspecti„
1692 2553 1973 2644 Fideles
2025 2552 2244 2636 Nobis
2297 2553 2550 2638 dssecti.
2649 2554 2954 2634 Aliunde
3019 2554 3488 2652 Eideiitatibns

182 2655 457 2734 vestris
506 2661 810 2754 apprime
864 2666 1187 2744 constare
1240 2678 1380 2740 nen
1432 2655 1865 2751 ambigimus„
1948 2660 2221 2751 quantis
2275 2680 2572 2752 quamve
2637 2659 2910 2754 amplis,
2968 2643 3202 2756 ngjsque
3253 2661 3492 2734 {nevi-.-

174 2758 494 2848 tnffibus
544 2760 947 2856 Aerarium
981 2769 1291 2846 nostrum
1360 2759 2091 2857 Caesareo-Regium,
2166 2773 2321 2856 post
2389 2761 2614 2838 Bella
2653 2771 2787 2836 tam
2861 2762 3242 2858 diuturnas
3257 2785 3494 2858 eaque

170 2866 617 2957 gravissima,
670 2867 1028 2938 retroactis
1083 2863 1305 2937 Annis
1351 2874 1421 2936 et
1455 2861 1872 2961 temporibus
1928 2861 2272 2952 confecta
2331 2875 2675 2960 prematur
2726 2839 2792 2938 ’σε
2837 2853 3249 2967 obnoxietur
3298 2865 3489 2962 Ero-

172 2966 593 3062 gationibus,
647 2966 826 3041 adeo
881 2939 1178 3063 quidem,
1234 2978 1304 3038 ut
1357 2966 1695 3060 ejusmodi
1749 2970 1942 3040 oneri
1998 2967 2279 3039 ulterius
2336 2966 2653 3050 ferendo
2725 2971 2856 3041 nisi
2911 2972 3137 3041 omnia
3212 2971 3490 3042 omnino

18 3141 19 3146 ,
168 3069 649 3144 Haereditaria
701 3068 944 3165 Regna
1001 3081 1071 3143 et
1120 3070 1529 3144 Provinciae
1582 3081 1863 3144 nostrae
1935 3073 2004 3141 in
2058 3069 2448 3143 Subsidium
2519 3094 2739 3167 aequa
2809 3077 3254 3170 proportione
3309 3096 3490 3148 con-

176 3196 513 3246 cursurae
568 3174 1009 3263 attrahantur,
1064 3177 1280 3269 impar
1329 3175 1529 3268 plane
1583 3183 1654 3245 et
1705 3172 2126 3246 insufficiens
2196 3195 2361 3246 esse
2430 3186 2838 3260 censeatur3
2918 3176 3193 3247 Interim
3265 3185 3493 3247 tamen

180 3276 442 3370 absque
494 3274 707 3349 Milite
763 3286 1177 3350 conservato
1214 3287 1282 3348 et
1319 3275 1543 3349 debite
1599 3276 1823 3368 soluto
1880 3274 2190 3371 publicae
2247 3280 2619 3358 securitati„
2676 3288 2745 3350 et
2797 3282 3138 3351 communi
3192 3280 3490 3349 omnium

172 3378 359 3452 bono
417 3402 502 3451 ac
552 3383 762 3475 quieti
814 3390 1248 3477 prospectum
1303 3382 1469 3454 satis
1523 3401 1658 3452 non
1732 3383 1839 3451 sit.
1947 3377 2123 3450 Hinc
2191 3377 2340 3452 Nos
2393 3379 2779 3471 hujusmodi
2853 3382 3128 3453 motivis
3199 3391 3269 3451 et
3339 3382 3490 3452 cir-

175 3484 605 3575 cnmstantijs
656 3485 972 3579 permoti,
1040 3506 1122 3555 ac
1173 3481 1723 3577 indispensabilis
1792 3483 2231 3554 necessitatis
2299 3485 2566 3555 ratione
2619 3482 2897 3571 inducti„
2970 3487 3039 3556 in
3110 3480 3487 3580 praefatum

172 3608 449 3681 quoque
520 3585 700 3659 istud
769 3586 1083 3680 Regnum
1154 3595 1461 3664 nestrum
1533 3585 1858 3660 croatiae
1930 3595 2190 3679 partem
2255 3587 2572 3658 antelati
2637 3588 2871 3658 oneris
2902 3627 2906 3632 ·
2936 3591 3072 3658 etsi
3143 3588 3490 3658 minimam

172 3689 620 3761 derivandam
678 3699 748 3762 et
795 3689 1299 3762 extendendam
1355 3711 1543 3777 esse,
1617 3711 1907 3784 eumque
1964 3693 2029 3760 in
2088 3687 2316 3775 finem„
2389 3710 2588 3760 unam
2665 3689 3041 3760 alteramve
3111 3688 3489 3782 Legionem

171 3805 509 3882 nostram,
565 3816 602 3864 a
659 3796 872 3890 prima
928 3795 1266 3866 currentis
1316 3792 1577 3865 Mensis
1631 3791 1796 3884 Maji
1865 3792 2023 3882 Die,
2097 3816 2224 3888 qua
2283 3792 2412 3865 illis
2480 3792 2615 3864 buc
2685 3793 3097 3865 movendum
3174 3802 3348 3878 erat,
3419 3796 3488 3864 in

171 3900 460 3969 aestivis
532 3894 917 3984 Mensibus,
992 3895 1364 3968 secundum
1436 3892 1709 3989 benigni
1784 3894 2260 3988 Regulamenti
2328 3900 2393 3968 in
2469 3905 2847 3968 memorato
2920 3895 3170 3988 Regno
3240 3906 3481 3969 nostro

170 3999 566 4092 Hungariae
621 4022 743 4095 pro
797 4003 1164 4096 praeterito
1219 3997 1528 4095 hyberno
1582 3998 1897 4094 publicati
1950 4009 2259 4070 tenorem
2317 4010 2386 4071 et
2439 4021 2774 4089 normam,
2828 4004 2892 4071 in
2951 4004 3216 4093 gremio
3273 4022 3488 4095 prae-

172 4101 355 4174 libati
412 4103 609 4192 hujus
661 4102 889 4199 Regni
939 4106 1160 4177 nost·i
1211 4101 1527 4176 Croatiae
1582 4099 2049 4175 diSlocandam
2105 4105 2171 4174 dc
2215 4103 2753 4194 sustentandam,
2806 4104 2925 4176 vel
2977 4106 3043 4176 in
3086 4106 3312 4176 vicem
3363 4125 3491 4179 sen

173 4205 396 4277 locum
458 4205 794 4296 ejusmodi
849 4206 1374 4279 alimentationis
1422 4209 1490 4278 in
1536 4213 1772 4300 parato
1821 4226 1986 4277 aere
2034 4204 2530 4300 Quinquaginta
2570 4205 2754 4279 Mille
2793 4206 3131 4281 Florenos
3170 4209 3489 4302 (optione

174 4310 581 4381 alternative
637 4319 922 4383 eatenus
974 4308 1439 4383 Fidelitatibus
1492 4308 1760 4382 Vestris
1834 4307 1922 4381 ad
1974 4320 2240 4405 promte
2292 4331 2377 4382 ac
2447 4308 2739 4382 fideliter
2809 4311 3293 4403 exequendum
3349 4309 3487 4384 be·-

169 4417 380 4503 nigne
436 4413 708 4500 relicta]
775 4413 1300 4487 dinumerandos
1357 4423 1427 4486 et
1479 4412 1856 4488 solvendos
1913 4433 2101 4500 esse„
2158 4412 2536 4486 clementer
2601 4413 2971 4485 Statuimus
3028 4424 3231 4509 atque
3285 4412 3487 4487 ordi-

170 4519 508 4588 pavimus.
595 4515 743 4603 Quo
802 4538 972 4588 vero
1028 4519 1245 4609 ipsum
1317 4515 1537 4590 hocce
1609 4538 1783 4588 onus
1856 4517 2160 4588 ulteriori
2230 4516 2600 4589 lenimento
2671 4527 3117 4612 temperatum
3192 4521 3489 4590 miserae

168 4618 359 4691 Plebi
415 4620 638 4691 levius
695 4620 985 4700 accidatq
1044 4620 1419 4691 clementer
1470 4621 1909 4706 resolvimus,
1964 4629 2036 4690 ut
2090 4629 2374 4714 uterque
2430 4619 2880 4692 Generalatus
2956 4620 3488 4694 Varasdinensis

174 4733 239 4796 et
300 4721 899 4806 CarlostadiensiS„
959 4722 1337 4794 Cameralia
1391 4726 1549 4794 item
1607 4723 1794 4794 Bona
1854 4732 2113 4807 nostra„
2173 4726 2343 4794 intra
2400 4724 2645 4795 limites
2691 4720 2979 4818 praefati
3017 4722 3218 4815 hujus
3264 4724 3489 4817 Regni

170 4830 385 4898 nostri
427 4830 582 4914 sita,
638 4831 1009 4900 occasione
1058 4824 1304 4899 ibidem
1339 4823 1609 4898 fiendae
1647 4825 2099 4921 praefatarum
2137 4824 2512 4918 Legionum
2552 4837 2933 4898 nostrarum
2969 4825 3488 4916 Dislocationis‚

169 4931 287 5002 vel
344 4932 501 5002 loco
545 4930 742 5023 EjuS,
800 4942 868 5002 ut
903 4932 1350 5026 praemissum
1408 4938 1536 5017 est,
1593 4932 1805 5027 parati
1862 4931 2043 5000 aeris
2102 4927 2367 5000 liendae
2416 4933 2920 5025 praestationi8‚
2977 4929 3198 5004 habita
3239 4934 3490 5028 aequi-

170 5038 327 5107 tatis
381 5038 844 5129 proportione.
900 5038 966 5106 in
1023 5036 1254 5106 oneris
1308 5043 1566 5129 partem
1624 5035 1922 5105 veniant.

484 5136 865 5234 Eapropter
918 5136 1378 5210 Fidelitatibus
1431 5136 1701 5207 Vestris
1754 5136 1990 5207 barum
2048 5138 2232 5207 serie
2286 5134 2582 5229 benigne
2620 5136 2814 5208 simul
2856 5146 2923 5210 et
2964 5135 3244 5209 firmiter
3283 5158 3488 5209 com-

170 5243 495 5314 mittimus
549 5251 616 5314 et
672 5242 1092 5326 mandamus„
1169 5250 1497 5335 quatenus
1570 5241 1872 5333 acceptis
1936 5239 2436 5334 praesentibus,
2504 5239 2982 5335 intellectaque
3052 5239 3347 5335 benigna
3418 5243 3490 5312 in

170 5346 573 5441 praemissis
651 5344 1114 5440 Dispositione
1187 5353 1389 5440 atque
1465 5342 1891 5416 ordinatione
1959 5352 2239 5431 nostra,
2314 5365 2524 5437 super
2594 5342 3039 5417 antelaturum
3112 5342 3489 5437 Legionum
