3950 5917
503 417 660 509 '206

512 647 677 719 turis
731 698 1039 717 .......
1095 637 1599 729 confirmamus,
1651 641 1991 737 presentis
2045 642 2274 735 scripti
2327 640 2542 711 nostri
2592 621 2967 732 patrocinio
3020 634 3378 708 mediante.
3481 635 3555 705 ln
3605 639 3787 708 cuius

511 750 617 821 rei
679 752 1076 820 memoriam
1156 746 1666 839 firmitatemque
1740 753 2134 840 perpetuam
2214 752 2569 838 presentes
2649 742 3119 812 concessimus
3198 741 3455 810 litteras
3531 747 3780 816 nostras

515 851 872 948 pendentis
927 862 997 924 et
1049 849 1413 922 authentici
1467 850 1716 922 secreti
1772 848 1973 939 sigilli
2025 851 2266 937 nostri„
2322 868 2456 942 quo
2511 854 2587 917 vt
2635 844 2793 916 Rex
2842 843 3189 938 Hungarie
3238 846 3508 931 wimar,
3570 848 3783 913 murti-

515 958 697 1027 mine
751 953 1130 1028 roboratas.
1237 953 1479 1024 Datum
1542 955 1606 1022 in
1662 951 1838 1024 Alba
1895 951 2141 1044 Regali
2220 950 2523 1023 secundo
2604 947 2714 1020 die
2794 946 2949 1020 sesti
3027 946 3517 1019 Penthecostes
3592 946 3783 1019 Anno

515 1055 788 1132 Domini
839 1057 1200 1132 Millesimo
1254 1056 1919 1152 quadringentesimo
1972 1057 2533 1150 quinquagesimo
2586 1061 2857 1124 octauo.

888 1288 1095 1349 Locus
1134 1287 1346 1367 Siyilln'
1389 1306 1470 1348 ea:
1513 1304 1678 1348 nona
1723 1287 1969 1348 sericea
2016 1286 2254 1348 coloris
2298 1283 2449 1358 albi,
2493 1280 2678 1345 rubri
2720 1289 2780 1344 et
2821 1281 3051 1344 viridis
3090 1281 3445 1362 pendentis.

509 1503 769 1569 originale
805 1455 853 1553 ie
889 1501 1113 1553 Archivo
1151 1501 1315 1568 Regni
1353 1500 1605 1553 croatiae.
1665 1499 1798 1551 Priv.
1835 1498 1895 1552 N.
1930 1498 2017 1550 23.

1851 1794 2403 1804 -———-——-—-—--.-—......-.

1989 2121 2370 2206 CXLI.

691 2414 893 2481 Anno
947 2411 1180 2482 1462.
1235 2411 1553 2483 Sabellio
1600 2418 1927 2504 proximo
1976 2418 2138 2505 post
2187 2411 2437 2502 festum
2491 2412 2944 2483 Ast-tensionis
2998 2412 3299 2483 Domini.
3363 2413 3610 2484 Budae.

509 2675 906 2752 Cautela
973 2645 1418 2754 Statuam
1485 2687 1574 2752 et
1636 2675 2100 2754 Ordinum
2162 2675 2480 2782 Regni
2542 2676 3113 2782 Hungariae
3179 2689 3271 2756 et
3342 2655 3783 2757 foedera-

507 2823 809 2889 torum
876 2812 1433 2918 Regnorum
1497 2838 1734 2892 anno
1805 2814 2062 2893 1462.
2131 2821 2723 2921 consignata
2790 2817 2901 2895 de
2964 2818 3228 2895 nulla
3300 2817 3775 2896 contribu-

1673 2959 1937 3034 tione
2012 2956 2634 3058 praestanda.

819 3225 961 3296 Nos
1015 3227 1410 3321 DyonisiuS.
1471 3228 1845 3299 Cardinalis
1899 3228 2480 3324 Archiepiscopus
2532 3228 2847 3301 Ecclesie
2904 3231 3422 3324 Strigoniensisq
3484 3229 3769 3299 Summus

517 3329 980 3402 cancellarius
1032 3329 1318 3423 Regius,
1393 3332 1775 3426 Stephanus
1827 3332 2404 3428 Archiepiscopus
2460 3330 2887 3420 ColocensiS‚
2960 3333 3225 3428 locique
3296 3334 3582 3429 eiusdem
3634 3330 3769 3401 Co-

507 3455 652 3503 mes
708 3445 1102 3528 perpetuus„
1162 3435 1511 3506 Ladislaus
1567 3435 1956 3528 AgriensiS.,
2011 3438 2316 3507 ,Ioannes
2370 3436 2837 3525 vamme-nsi&
2906 3437 3224 3508 Albertus
3288 3438 3771 3531 Veszprimien-

505 3540 629 3622 sis.,
681 3536 954 3631 locique
1021 3540 1326 3611 eiusdem
1403 3540 1653 3612 Comes
1724 3550 2115 3634 perpetuus„
2188 3542 2607 3630 Augustinus
2676 3542 3082 3630 Jauricnsis,
3152 3541 3424 3636 locique
3490 3537 3767 3609 eiusdem

501 3641 753 3712 Comes
811 3652 1200 3736 perpetuus‚
1255 3643 1606 3716 ,Iohannes
1661 3642 2426 3736 Quinqueecclesiensis
2482 3655 2549 3714 et
2599 3643 2912 3716 Vrbanus
2970 3646 3389 3741 Syrmiensis
3438 3644 3769 3714 Ecclesia-

497 3767 640 3815 rum
699 3744 1045 3842 Episcopi„
1100 3747 1425 3820 Nicolaus
1481 3748 1674 3819 Bodo
1728 3748 2123 3843 Prepositus
2189 3746 2505 3819 Ecclesie
2576 3748 2929 3836 AlbensiS,
3002 3751 3438 3821 Secretarius
3492 3745 3766 3818 Cancel-

499 3851 700 3920 larius
755 3845 1034 3941 Regius.
1143 3852 1307 3921 ltem
1366 3851 1661 3922 Michael
1727 3852 2039 3943 Orszagh
2110 3851 2195 3922 de
2251 3851 2478 3940 thh,
2549 3851 2772 3946 Regni
2824 3853 3170 3945 Hungarie
3222 3854 3585 3940 Palatinus2
3652 3848 3767 3919 Ni·-

497 3953 730 4024 colaus
787 3953 872 4023 de
925 3953 1166 4045 Wank
1219 3954 1586 4050 Wayuoda
1641 3955 2286 4051 Transyluaniensis
2339 3979 2422 4027 ac
2475 3955 3007 4047 Machouiensis‚
3060 3967 3129 4028 et
3182 3962 3378 4052 regni
3432 3953 3769 4026 Sclauonie

499 4057 748 4138 BanuS„
835 4055 1083 4130 Comes
1147 4058 1497 4131 Ladislaus
1554 4059 1638 4131 de
1693 4060 1945 4131 Palocz
2027 4059 2255 4132 Judex
2335 4057 2537 4131 Curie
2615 4060 2860 4153 Regia,
2940 4060 3293 4133 Johannes
3363 4060 3449 4132 de
3499 4059 3762 4149 Rozgon

493 4160 1068 4233 Thauernicorum
1123 4163 1506 4256 Regalium,
1586 4163 1946 4237 Emer-icus
2003 4163 2089 4236 de
2138 4164 2562 4236 Hederwara
2614 4165 2986 4237 Janitorum
3056 4165 3413 4258 Regalium
3462 4159 3765 4255 Magistri,

499 4264 850 4337 Ladislaus
933 4266 1018 4337 de
1096 4266 1349 4341 Kanisa
1429 4267 1685 4364 pridem
1765 4267 2145 4359 Wajwoda
2222 4268 2888 4364 Transyluaniensis‚
2961 4269 3317 4342 Emericus
3380 4268 3465 4340 de
3517 4263 3767 4359 Zapolja

497 4369 857 4461 Suntpmus
929 4369 1428 4444 Thezaurarius
1508 4371 1729 4464 Regie
1791 4371 2195 4461 Maiestatis,
2266 4371 2591 4444 Nicolaus
2656 4372 2742 4443 de
2803 4370 3096 4454 Dombo„
3174 4373 3563 4466 Regnorum
3614 4366 3768 4439 Dal-

495 4477 716 4543 macie
771 4483 839 4544 et
895 4472 1183 4546 Croacie
1263 4476 1514 4565 Banus.‚
1598 4471 1986 4571 Stephanus
2068 4477 2155 4547 de
2234 4473 2456 4548 Peren
2531 4486 2599 4547 et
2650 4476 3001 4551 Ladislaus
3084 4477 3171 4548 de
3250 4476 3502 4547 Bethor
3576 4471 3764 4564 Dapi-

495 4577 825 4664 ferorum,
912 4579 1164 4649 Simon·
1226 4579 1311 4650 de
1387 4579 1745 4651 Homonna
1829 4589 1898 4649 et
1978 4579 2295 4653 Andreas
2380 4580 2783 4678 Pangraczy
2860 4582 2946 4651 de
3026 4579 3430 4673 Dengelegh
3508 4578 3766 4649 Pincer-

492 4702 725 4751 narum
805 4681 1161 4774 Regalium
1241 4681 1596 4777 Magistri„
1677 4681 1926 4754 Paulus
2011 4684 2097 4755 de
2179 4682 2446 4756 Dombo
2525 4684 2929 4777 Agazonum
3010 4684 3366 4777 Regalium
3444 4681 3767 4774 Magisten

494 4783 797 4858 Iacobus
881 4784 1175 4857 Czwdar
1227 4788 1314 4859 de
1367 4785 1613 4858 Olnod.
1695 4785 2022 4858 Nicotaus
2102 4786 2389 4859 Pethew
2441 4788 2528 4860 de
2582 4787 2803 4862 Gerse
2883 4786 3134 4862 Comes
3214 4787 3578 4860 Comitatus
3639 4780 3765 4851 Za-

489 4888 838 4976 ladiensisq
921 4890 1168 4961 Paulus
1250 4901 1319 4961 et
1397 4889 1721 4972 Nicolaus
1803 4890 2126 4983 Hercegh
2205 4892 2292 4964 de
2372 4891 2757 4986 Zentgero,
2835 4891 3156 4968 Andreas
3234 4892 3320 4965 de
3400 4888 3643 4962 Bethor
3706 4889 3765 4952 et

493 4991 855 5066 Emericus
911 4994 996 5065 de
1048 4993 1303 5067 Kanisa
1359 5003 1590 5065 notum
1647 4994 1933 5068 facimus
2004 5004 2245 5067 tenore
2314 4999 2745 5091 presencium
2817 4996 3279 5091 significantes
3350 4991 3580 5088 quibus
3646 5005 3768 5059 ex-

490 5098 678 5191 pedit
749 5100 1139 5171 vniuersis:
1249 5097 1444 5184 Quod
1524 5102 1677 5194 quia
1758 5121 1887 5174 nos
1967 5121 2093 5195 pro
2173 5099 2639 5196 redemptione
2720 5102 2937 5174 Sacre
3018 5101 3319 5174 eiusdem
3398 5098 3589 5190 regni
3638 5091 3769 5163 Co-

487 5221 659 5271 rone
713 5204 781 5273 in
834 5199 966 5272 hac
1020 5200 1575 5295 congregatione
1631 5214 1862 5276 nostra
1945 5204 2252 5296 generali
2322 5207 2622 5276 vnanimi
2695 5210 2992 5278 omnium
3044 5204 3377 5279 Nobilium
3430 5200 3767 5289 Regnioo-

487 5307 698 5375 larum
751 5305 1100 5378 voluntate
1173 5306 1738 5381 contributionem
1802 5311 2005 5382 vuius
2061 5306 2302 5380 floreni
2357 5312 2502 5381 auri
2571 5329 2696 5405 pro
2744 5310 2874 5381 hac
2924 5313 3084 5383 vice
3138 5304 3603 5383 exoluendam'
3632 5299 3766 5370 dis-

494 5411 872 5500 posuimus,
928 5413 1365 5505 promisltque
1409 5421 1767 5507 propterea
1823 5411 2018 5484 nobis
2058 5424 2128 5484 et
2164 5411 2470 5485 omnibus
2527 5410 2924 5506 Regnicolis
2977 5413 3173 5488 huius
3212 5411 3422 5504 Regni
3461 5404 3767 5478 Ser-enis-
