3950 5917
3359 433 3531 509 ³283

188 645 333 726 tur,
388 638 806 730 munitioque
860 633 1088 732 oppidi
1136 632 1549 730 Kaproucza
1600 631 1786 707 bono
1840 633 2049 708 modo
2104 633 2248 725 fiat,
2327 658 2582 733 resque
2635 638 2777 727 illa,
2833 641 2926 709 uti
2978 635 3117 710 Sua
3174 635 3532 714 serenitas

196 739 287 811 ad
341 761 536 813 suam
588 737 1022 812 Maiestatem
1078 736 1339 828 scribit,
1417 736 1671 811 nullam
1726 727 2439 812 moram'ulteriorem
2490 743 2804 835 patiatur,
2872 761 3012 813 non
3066 740 3191 813 abs
3244 765 3324 814 re
3377 743 3535 817 fore

197 840 505 916 demisse
556 852 976 938 putaremus,
1056 850 1130 914 ut
1178 839 1509 916 Maiestas
1565 861 1688 913 sua
1745 839 2094 916 Caesarea
2151 852 2383 916 certos
2440 840 2968 918 Commissarios
3041 866 3136 917 ex
3202 844 3383 918 Aula
3439 869 3531 918 eo

196 945 541 1038 deligeret
610 955 677 1018 et
729 942 1413 1018 Reverendissimum
1480 942 1896 1039 Episcopum
1949 943 2518 1039 Zagrabieusem‚
2596 948 2767 1021 alias
2818 946 3105 1035 Bannm,
3180 956 3251 1020 et
3300 949 3536 1025 Status

197 1058 401 1144 atque
473 1046 769 1121 Ordines
841 1047 1003 1121 dicti
1071 1047 1299 1141 Regni
1353 1045 1774 1121 sclavoniae
1847 1057 1917 1120 et
1971 1045 2292 1121 Oroatiae
2372 1049 2613 1122 litteris
2686 1055 2855 1141 suis,
2937 1073 3031 1122 ex
3103 1049 3532 1127 Cancellaria

194 1173 322 1224 sua
374 1151 769 1245 Hungarica
821 1151 1049 1242 editis,
1103 1153 1329 1224 statim
1363 1153 1772 1245 requireret,
1823 1160 1899 1222 ut
1950 1173 2106 1223 cum
2141 1150 2472 1227 Maiestas
2528 1172 2652 1228 sna
2709 1153 3007 1247 benigne
3072 1152 3531 1247 decrevisset,

194 1254 651 1328 confiniorum
733 1251 1000 1327 illorum
1082 1252 1390 1349 aliasque
1464 1263 1690 1326 certas
1746 1252 1834 1325 ob
1907 1276 2182 1344 causas,
2262 1254 2516 1328 bouum
2587 1257 2927 1352 publicum
3000 1269 3529 1350 concernentes,

190 1368 431 1431 certos
487 1379 654 1431 suos
711 1356 1242 1431 commissarios
1296 1359 1456 1428 illuc
1506 1356 1906 1451 propediem
1961 1359 2322 1452 expedire,
2381 1381 2508 1454 per
2559 1382 2686 1434 eos
2742 1365 3018 1434 nomine
3074 1384 3243 1435 suae
3295 1362 3528 1436 Maie-

189 1464 391 1534 statis
443 1463 750 1556 requisiti
787 1459 1193 1555 Zagrabiam
1248 1464 1652 1549 convenire,
1709 1469 1780 1532 et
1832 1483 1944 1547 ea,
2000 1484 2176 1556 quae
2229 1465 2530 1557 ipsorum
2589 1474 2658 1536 et
2709 1468 2968 1558 patriae
3017 1465 3303 1536 salutem
3343 1488 3529 1538 con-

189 1575 588 1652 cernerent,
643 1563 728 1635 ab
782 1564 915 1636 illis
969 1566 1355 1660 percipere,
1410 1567 1479 1635 in
1536 1563 1983 1659 omnibusque
2038 1586 2201 1639 sese
2256 1570 2643 1661 morigeros
2681 1567 3037 1654 exhibere,
3094 1579 3164 1640 et
3198 1590 3329 1640 uua
3370 1593 3525 1643 cum

184 1669 327 1743 illis
394 1671 623 1740 omnia
704 1667 1068 1761 diligenter
1139 1667 1531 1741 consultare
1603 1676 1808 1762 atque
1878 1670 2081 1739 etiam
2152 1671 2223 1741 in
2293 1668 2614 1741 effectum
2684 1670 3065 1764 perducere
3133 1672 3374 1761 velint,
3458 1681 3528 1745 et

184 1773 327 1845 hoc
379 1780 611 1867 pacto,
666 1792 805 1843 uon
857 1781 1176 1866 tanquam
1211 1770 1503 1842 Diaetae
1555 1770 1928 1863 generalis,
1987 1770 2110 1844 sed
2166 1781 2420 1844 tantum
2461 1771 2985 1847 commissionis
3024 1776 3344 1869 specialis
3379 1797 3523 1849 uo-

188 1879 405 1961 mine.,
482 1877 752 1947 interim
808 1872 1033 1946 donec
1084 1873 1330 1946 Diaeta
1399 1872 1694 1969 publica,
1766 1895 1961 1946 more
2043 1875 2214 1947 alias
2270 1886 2636 1960 consveto‚
2717 1874 2807 1948 ibi
2863 1897 3133 1971 quoque
3188 1878 3525 1952 celebrari

187 1986 457 2072 posset,
514 1980 739 2049 omnia
811 1975 997 2049 bono
1050 1976 1257 2049 modo
1332 1979 1653 2072 componi
1704 1997 1918 2073 posse
1987 1978 2356 2050 humillime
2426 1983 2996 2051 existimaremus.
3105 1980 3301 2067 Quod
3375 1992 3525 2054 erat

185 2081 562 2154 Serenitati
616 2088 897 2152 vestrae
952 2078 1038 2151 ad
1076 2080 1441 2172 benignum
1500 2079 1808 2151 eiusdem
1860 2079 2273 2169 mandatum„
2326 2083 2568 2155 litteris
2624 2082 2808 2154 Suae
2846 2082 3224 2157 Maiestatis
3272 2094 3341 2156 et
3375 2086 3523 2158 Se-

182 2186 535 2256 reuissimi
582 2182 994 2257 Archiducis
1048 2187 1289 2255 iterum
1343 2186 1680 2272 remissis‚
1744 2182 2115 2257 humillime
2169 2183 2706 2258 rescribendum.

509 2284 728 2372 Quam
797 2286 989 2361 Deus
1062 2296 1386 2362 aeternus
1467 2286 1578 2358 diu
1652 2286 1918 2360 salvam
1993 2297 2196 2383 atque
2249 2290 2665 2362 incolumem
2735 2299 3130 2363 conservet.
3238 2289 3520 2364 Posouii

179 2390 545 2464 Februarii
603 2386 829 2461 1577.

29 2458 39 2721 b
714 2754 1042 2828 Eiusdem
1098 2753 1501 2830 Serenitatis
1555 2752 1850 2827 Vestrae

2269 2858 2547 2932 Fideles
2604 2863 2988 2934 servitores

1922 3034 2171 3089 Gamerae
2207 3036 2536 3104 Ruugaricae
2571 3036 2871 3090 Praefectus
2910 3046 2962 3089 et
2998 3035 3286 3091 Consiliarii

31 3150 36 3379 ι
2193 3186 2318 3282 Ep.
2389 3187 2758 3281 Agriensis
2833 3211 2920 3260 m.
2978 3211 3041 3283 p.

2322 3391 2683 3490 Ghozmoy
2733 3416 2825 3466 m.
2873 3415 2938 3489 p.

1686 3623 1739 3683 Δ
1798 3631 2013 3703 ter-90.-

500 3816 963 3891 Sereuissimo
1015 3814 1308 3910 Principi
1363 3825 1433 3889 et
1485 3814 1760 3888 domino
1815 3814 2092 3888 domino
2140 3815 2467 3903 Ernesto,
2522 3815 2893 3890 Archiduci
2929 3816 3280 3907 Austriae‚
3333 3815 3511 3889 Duci

174 3919 650 4015 Bul-gumiae,
708 3919 953 3993 Comiti
1005 3920 1281 4017 Tyrolis
1338 3930 1406 3992 et
1459 3918 1735 3991 domino
1788 3916 1992 3993 nobis
2048 3916 2622 3996 clementissimo.

2361 4128 2479 4201 Ad
2546 4127 2903 4202 Cameram
2965 4129 3299 4201 Aulicam.

170 4331 263 4387 ,Ex
298 4329 601 4386 Protoeollo
636 4329 805 4401 Regni
840 4328 1329 4400 Congmgationum.

2934 5482 3085 5557 36*
