3950 5917
484 423 649 536 ,κω

1767 623 1864 689 Ab
1903 622 2211 706 mneos-1
2250 623 2541 703 nav-9520

808 818 1115 898 sentibus
1164 818 1394 915 Regni
1446 815 1769 892 croatiae
1812 814 2198 908 mandatur,
2248 823 2326 888 ut
2358 811 2773 889 duonum
2824 811 3203 888 Comitatus
3252 807 3792 910 Nouae-laiatico·

490 932 569 1004 in
622 925 993 1001 Selauonia
1047 921 1358 998 adiacen.
1411 920 1500 996 ad
1553 918 2088 1019 eomparendun
2142 935 2378 993 eoram
2433 914 2940 993 Commium
2989 913 3478 1012 Neonquistiea
3529 936 3652 1013 pro
3697 915 3792 988 clio

500 1030 574 1105 2.
630 1028 795 1128 Ray
846 1038 920 1104 et
970 1024 1412 1124 subsequam.

1999 1251 2054 1315 A
2112 1261 2331 1334 eeu-90.-

804 1395 1270 1538 namnum,
1338 1441 1899 1537 namnum,
1966 1440 2472 1542 spombanm
2545 1463 2632 1516 ω
2676 1438 3090 1538 ungnes,
3155 1437 3487 1538 nal-ems
3541 1449 3612 1514 ει
3657 1436 3796 1513 no-

491 1549 766 1643 bilibus,
846 1547 1301 1626 Prudeutibus
1376 1551 1542 1624 item
1595 1570 1681 1622 ιο
1732 1545 2266 1646 Circumspectis
2345 1544 2429 1623 Ν.
2481 1543 2564 1622 Ν.
2620 1544 2982 1621 Universis
3059 1541 3363 1621 statibus
3441 1565 3534 1617 ιο
3605 1539 3794 1617 orili-

490 1654 691 1732 nibus
764 1653 1166 1779 Reguorum
1243 1661 1638 1729 nostrorum
1712 1651 2126 1744 Dalm-uae,
2205 1647 2529 1725 Croatiae
2608 1651 2677 1723 t
2744 1646 3159 1723 Sdauoniae
3240 1649 3368 1723 te.
3471 1643 3794 1721 Fidelibus

490 1758 713 1840 Nobis
766 1758 1055 1834 (Eleous.

1015 1911 1496 1989 Varasdinum.

494 2108 2596 2190 thfflnwcmmamwconwwoe‚n.⁴.

1879 2628 2451 2714 ccxxu.

1223 2893 1435 2964 Anno
1497 2890 1732 2964 1700.
1790 2894 1904 2963 die
1956 2890 2088 2964 30.
2153 2889 2598 2984 Septembris.
2659 2889 3090 2985 Zaqrabt'ae.

493 3153 842 3235 Comes
934 3152 1357 3234 Adamus
1451 3154 1567 3234 de
1631 3152 2151 3256 Batthyan,
2248 3151 2751 3256 Croatiae,
2841 3151 3391 3231 Dalmatiae
3455 3161 3551 3230 et
3612 3150 3801 3230 Sla-

490 3296 843 3370 voniae
906 3288 1254 3395 Bauus,
1319 3314 1493 3369 suo
1557 3302 1652 3371 et
1716 3314 2112 3370 suorum
2176 3314 2874 3370 suceessorum
2949 3294 3342 3371 nomine
3407 3314 3612 3369 eum
3672 3286 3803 3368 88.

494 3429 569 3510 Gt
633 3427 796 3509 00.
858 3426 1185 3535 Regni
1250 3427 1724 3509 Croatiae
1789 3440 1881 3508 et
1942 3427 2490 3509 Slavoniae
2554 3432 2913 3508 intuitu
2967 3432 3371 3535 jurium,
3465 3427 3806 3508 iisdem

490 3566 644 3648 88.
728 3578 819 3646 et
907 3566 1074 3648 00.
1167 3572 1259 3646 in
1344 3566 1822 3648 Confinio
1916 3566 2326 3645 Militari
2421 3571 3241 3672 competentium,
3334 3566 3806 3646 solemnia

1871 3715 2160 3809 pacta
2227 3707 2431 3784 init.

800 3923 949 3999 Nos
1004 3924 1258 3998 Comes
1309 3922 1623 3998 Adamus
1677 3922 1766 3996 de
1803 3920 2142 4019 Batthyau
2195 3921 2572 4021 Perpetuus
2626 3924 2696 3997 in
2742 3921 3351 4023 Nemeth-vaar‚
3405 3924 3640 4000 Judex
3673 3921 3806 3996 Cu-

487 4027 634 4100 riae
708 4027 1004 4122 Regiae,
1083 4026 1483 4122 Regnorum
1554 4027 1963 4117 Dalmatiae‚
2037 4024 2359 4100 Croatiae
2430 4037 2500 4100 et
2551 4026 2968 4101 sclavoniae
3019 4027 3277 4121 Banus,
3360 4025 3808 4102 Confiniorum

488 4130 795 4205 eiusdem
849 4131 1078 4226 Regni
1132 4130 1552 4203 sclavoniae
1608 4129 2135 4227 Colapianorum
2191 4135 2256 4203 (ic
2305 4130 2700 4203 Unanorum
2756 4129 3132 4228 Supremas
3182 4130 3628 4231 capitaneus,
3679 4129 3808 4204 Sa-

486 4258 650 4309 crae
704 4232 1097 4310 Caesareae
1148 4234 1554 4330 Regiaeque
1605 4235 1988 4309 Maiestatis
2066 4234 2380 4309 Actualis
2450 4234 2732 4310 Intimus
2810 4234 3285 4327 consiliarius,
3359 4234 3810 4322 Camerarius,

482 4338 779 4412 Partium
835 4337 1058 4435 Regni
1129 4339 1524 4433 Hungariae
1580 4336 2301 4414 Cis-Danubiauarum
2377 4350 2447 4411 et
2501 4335 2962 4412 Confiniorum
3019 4337 3317 4414 Canisae
3389 4356 3801 4413 annexorum

486 4442 847 4516 Generalis
903 4440 1335 4540 Capitaneus.
1443 4443 1704 4517 Damus
1776 4465 1901 4538 pro
1955 4447 2336 4515 memoria:
2448 4439 2647 4529 Quod
2717 4465 2846 4517 nos
2920 4443 3373 4517 conslderatis
3445 4453 3518 4516 et
3573 4449 3808 4516 exacte

480 4549 840 4644 perpensis
913 4556 1014 4620 tot
1064 4558 1133 4618 et
1183 4549 1387 4620 tantis
1440 4548 1612 4620 ultra
1668 4550 1802 4618 iam
1859 4547 2226 4618 Saeculum
2280 4567 2404 4642 pro
2459 4543 2656 4619 Divis
2709 4546 3104 4638 Hungariae
3156 4545 3466 4642 Regibus
3540 4557 3612 4619 et
3663 4537 3806 4617 Au-

480 4654 936 4742 gustisissima
990 4650 1217 4723 Domo
1269 4651 1635 4723 Austriaca
1691 4673 1845 4722 eum
1899 4648 2466 4745 amplissimarum
2523 4648 2940 4724 fortunarum
2991 4654 3286 4742 jactura,
3343 4651 3804 4747 copiosissima

484 4752 860 4849 Sangvinis
912 4752 1342 4850 profusione,
1396 4765 1631 4850 totque
1685 4766 1754 4827 et
1806 4765 1941 4826 tam
2000 4752 2360 4827 charorum
2417 4752 2819 4829 concivium
2874 4776 3156 4827 suorum
3210 4754 3455 4843 caede,
3511 4752 3801 4825 diuturna

481 4867 843 4954 praeterea
895 4867 967 4930 et
1010 4867 1403 4954 sumptuosa
1458 4856 1917 4931 Confiniariae
1971 4855 2254 4931 Militiae
2308 4880 2474 4931 aere
2526 4862 2802 4955 proprio
2859 4858 3284 4948 exolutione,
3337 4881 3465 4955 per
3515 4856 3802 4952 Inclytos

487 4960 720 5036 Status
770 4970 840 5033 et
890 4960 1184 5035 Ordines
1254 4960 1718 5059 praefatorum
1770 4961 2169 5055 Regnorum
2222 4960 2540 5035 Croatiae
2597 4972 2666 5035 et
2719 4949 3137 5037 Sclaveniae
3190 4962 3532 5038 adversus
3584 4960 3804 5034 varios

484 5077 555 5138 et
590 5065 917 5170 plurimos
951 5064 1568 5140 Naturalis-Hostis
1611 5068 1681 5139 in
1720 5066 1967 5140 eadem
2022 5064 2264 5160 Regna
2322 5068 2632 5156 insultus„
2687 5070 2755 5140 in
2806 5069 3410 5141 conservationem
3454 5060 3797 5138 Conlinio·

482 5190 632 5243 rum
690 5190 967 5244 suorum
1024 5165 1548 5265 Colapiauorum
1602 5174 1947 5265 praestitis
2004 5173 2330 5260 servitiis,
2387 5180 2458 5243 et
2511 5168 2692 5264 quod
2746 5168 3073 5266 deinceps
3129 5191 3400 5266 quoque
3452 5188 3597 5243 non
3655 5184 3800 5236 mo·

485 5272 577 5345 «lo
630 5275 699 5345 in
755 5272 1080 5365 praefatis
1131 5269 1570 5369 Collapianis,
1648 5272 1774 5348 sed
1826 5273 2094 5350 Vnanis
2149 5295 2419 5369 quoque
2473 5284 2543 5345 et
2599 5271 2906 5349 Glinanis
2952 5271 3282 5348 Conliniis
3351 5293 3474 5370 pro
3531 5267 3798 5344 moder·

484 5393 621 5444 nae
674 5373 859 5445 Suae
930 5372 1456 5450 Sacratissimae
1525 5374 1906 5470 Maiestatis
1981 5375 2375 5451 Caesareae
2447 5386 2517 5450 et
2566 5374 2835 5472 Regiae
2889 5375 3319 5473 saon-unque
3372 5371 3800 5470 Angustissi-
