3950 5917
764 651 987 724 Divisi
1057 649 1218 722 illud
1291 652 1614 744 exigente
1685 651 1916 723 indole
1996 655 2376 745 argumenti
2448 654 2516 724 in
2583 660 2726 723 tres
2799 659 3065 744 partes,
3143 654 3234 721 ita
3307 648 3624 744 quidem:
3705 658 3783 722 ut

450 775 507 848 1.
561 777 931 873 Privilegia
985 782 1051 850 dc
1099 776 1479 852 Libertates
1547 776 1775 873 Regni
1838 775 2194 867 Oroatiae,
2262 779 2644 851 Dalmatiae
2699 787 2770 851 et
2821 777 3223 867 Slavoniae,
3293 777 3374 850 Π.
3425 777 3778 853 Articulos

453 915 543 976 et
605 903 1142 979 Constitutiones
1218 905 1614 979 Diaetarum
1696 928 1823 980 seu
1904 905 2341 979 Generalium
2422 904 3047 1000 Congregationum
3125 904 3352 999 Regni
3429 902 3776 996 Oroatiae,

450 1031 834 1106 Dalmatiae
914 1037 980 1105 dc
1057 1023 1468 1127 Slavoniae,
1546 1033 1661 1107 111.
1732 1030 2270 1109 Constitutiones
2351 1030 2791 1108 comitiorum
2871 1034 2960 1108 ad
3035 1033 3353 1129 Regnum
3430 1031 3778 1126 croatiae,

448 1159 833 1235 Dalmatiae
906 1167 972 1235 dc
1042 1162 1419 1237 Slavoniae
1490 1172 1922 1260 spectantes,
1991 1173 2193 1259 atque
2247 1185 2290 1238 e
2344 1185 2639 1261 corpore
2708 1163 2892 1237 Juris
2963 1162 3333 1258 Hungarici
3408 1172 3778 1260 excerptas

445 1286 719 1363 Lectori
772 1290 1218 1366 exhibuerim.

755 1512 927 1588 Pars
976 1515 1193 1609 prima
1279 1513 1684 1609 locupletior
1753 1523 1862 1588 est
1928 1523 2330 1610 propterea,
2401 1514 2583 1608 quod
2643 1510 2738 1586 ibi
2789 1516 2969 1587 inter
3016 1511 3377 1609 privilegia
3431 1521 3503 1586 et
3550 1510 3775 1585 liher-

390 1647 620 1718 ‚tates
667 1639 929 1734 Regni,
982 1641 1143 1713 talia
1197 1661 1470 1736 quoque
1523 1641 1929 1714 documenta
1984 1643 2278 1731 inserui,
2351 1664 2529 1737 quae
2581 1641 2941 1740 privilegia
2996 1640 3466 1715 et‘libertates
3521 1642 3774 1735 singu-

442 1767 684 1840 larium
736 1768 1035 1861 urbium,
1096 1769 1408 1842 locorum
1463 1779 1536 1842 et
1584 1767 1910 1842 nobilium
1965 1766 2535 1843 communitatum
2586 1772 2657 1843 in
2711 1792 2792 1845 se
2847 1772 3215 1843 continent.
3321 1767 3776 1844 Nihilominus

436 1898 615 1969 istuc
666 1898 867 1970 retuli
917 1918 1060 1970 non
1111 1897 1280 1987 alia,
1335 1919 1537 1994 quam
1589 1920 1767 1994 qnae
1821 1897 1909 1971 ad
1962 1919 2247 1996 scopum
2302 1907 2374 1972 et
2423 1900 2883 1993 integritatem
2957 1902 3188 1994 operis
3258 1897 3508 1971 idonea
3579 1919 3772 1989 esse,

435 2025 613 2098 intra
666 2024 886 2099 breve
940 2025 1439 2121 compilationis
1490 2035 1759 2123 tempus
1814 2029 2141 2123 comperi.

747 2247 988 2321 Altera
1037 2268 1235 2344 pars,
1290 2268 1467 2342 quae
1522 2245 2059 2322 Constitutiones
2108 2249 2177 2319 in
2213 2243 2439 2340 Regni
2473 2248 2693 2321 nostri
2745 2242 3412 2341 Congregationibus
3465 2224 3770 2342 perlatas

436 2371 752 2466 exhibet,
806 2377 1071 2469 majore
1123 2373 1296 2472 proh
1350 2375 1584 2447 dolor!
1636 2377 1866 2473 inopia
1917 2372 2205 2448 laborat.
2314 2371 2540 2449 Causa
2595 2384 2740 2465 est,
2796 2375 2979 2470 quod
3029 2378 3098 2447 in
3151 2373 3486 2449 Archivio
3538 2374 3768 2470 Regni

436 2501 757 2578 Croatiae
814 2504 1169 2600 originalia
1225 2500 1850 2600 Congregationum
1907 2513 2060 2576 acta
2131 2503 2312 2576 nulla
2369 2505 2647 2575 omnino
2702 2513 2860 2575 ante
2914 2524 3165 2575 annum
3221 2501 3445 2575 1567.
3501 2524 3764 2576 occur-

434 2641 615 2724 runt,
667 2642 910 2728 postea
964 2652 1140 2706 vero
1193 2632 1384 2727 plura
1439 2632 1525 2704 ad
1578 2633 2029 2706 novissimam
2092 2641 2386 2704 aetatem
2456 2635 2860 2727 pertinentia
2932 2630 3425 2707 desiderantur.
3534 2631 3767 2718 Quare

433 2761 700 2854 aliquos
753 2761 998 2834 saltem
1035 2758 1603 2835 constitutionum
1644 2781 1825 2832 anno
1864 2758 2092 2833 1567.
2139 2764 2550 2833 anteriorum
2588 2759 2986 2852 Extractus,
3038 2764 3108 2833 in
3157 2763 3371 2834 variis
3407 2759 3762 2834 Archiviis

429 2897 780 2985 repertos,
836 2890 1342 2962 communicare
1394 2891 1602 2985 potui.

748 3109 1053 3204 Majores
1110 3114 1361 3204 nostri,
1415 3112 1598 3208 quod
1651 3135 2075 3210 magnopere
2130 3112 2495 3188 dolendum
2548 3122 2689 3205 est,
2762 3134 2997 3208 parum
3049 3109 3452 3185 laborabant
3500 3110 3588 3185 de
3642 3133 3762 3206 eo,

432 3248 507 3313 ut
578 3239 1003 3316 domesticae
1072 3239 1328 3315 idmodi
1389 3239 1925 3319 Constitutiones
1998 3241 2087 3316 ad
2140 3242 2543 3316 familiarem
2607 3243 2902 3317 nationis
2971 3243 3278 3315 notitiam
3331 3240 3762 3315 devenirent.

428 3367 616 3446 Satis
684 3369 754 3445 id
816 3390 983 3447 esse
1056 3369 1429 3462 ducebant,
1501 3370 1720 3447 sicubi
1780 3376 1849 3446 in
1902 3375 2379 3470 manuscriptis
2452 3370 2975 3463 delitescerent,
3043 3392 3167 3445 eas
3219 3374 3289 3444 in
3339 3392 3548 3444 unum
3597 3370 3761 3443 col-

426 3499 684 3592 lectas,
757 3502 937 3598 typis
1007 3500 1334 3597 vulgare,
1406 3501 1568 3575 nulli
1619 3504 1689 3574 in
1742 3512 2041 3577 mentem
2113 3504 2324 3576 venit.
2430 3498 2665 3596 Itaque
2733 3521 2874 3573 non
2938 3520 3148 3572 curae
3202 3508 3271 3572 et
3325 3498 3762 3574 sollicitudini

424 3629 730 3717 illorum,
785 3652 1028 3704 verum
1080 3628 1398 3704 fortunae
1453 3653 1538 3703 ac
1590 3631 2084 3727 propemodum
2138 3632 2365 3719 casui,
2420 3633 2488 3701 in
2534 3631 2837 3725 acceptis
2889 3626 3324 3702 referendum
3381 3640 3522 3719 est,
3575 3627 3760 3723 quod

423 3757 693 3855 quidem
749 3753 1286 3834 Constitutiones
1340 3768 1616 3833 nostras
1670 3758 1760 3833 de
1815 3782 1876 3832 a.
1920 3757 2144 3832 1492.
2200 3761 2359 3830 item
2401 3757 2625 3831 1538.
2678 3760 2750 3830 in
2787 3753 3099 3853 Corpore
3150 3757 3337 3831 Juris
3383 3756 3760 3852 Hungarici

424 3889 838 3984 impressas,
891 3887 1241 3962 Articulos
1297 3909 1471 3960 vero
1527 3885 2156 3984 Congregationum
2208 3886 2435 3982 Regni
2487 3887 2576 3961 de
2628 3909 2692 3959 a.
2741 3884 2966 3959 1609.
3012 3907 3231 3981 usque
3286 3883 3539 3976 1653,
3591 3887 3758 3958 item

420 4014 515 4089 de
569 4039 631 4087 a.
690 4014 916 4088 1643.
967 4038 1186 4111 usque
1244 4014 1505 4108 1681.,
1557 4020 1628 4090 in
1682 4039 1896 4113 opere
1953 4015 2241 4091 Joannis
2295 4014 2623 4113 Szegedy
2693 4015 3029 4106 Jesuitae,
3097 4016 3464 4111 inscripto:
3540 4013 3758 4110 „Tri-

427 4147 745 4242 partitum
803 4144 987 4221 Juris
1039 4145 1417 4240 Hungarici
1464 4146 1923 4243 tyrocinium“
1980 4148 2162 4242 typis
2213 4145 2535 4240 evulgata
2587 4142 2940 4218 habemus.

736 4365 935 4455 Quod
988 4367 1072 4442 ad
1125 4368 1448 4464 plurimas
1520 4366 1857 4440 eiusmodi
1928 4365 2461 4440 Constitutiones
2534 4366 2796 4456 attinet,
2864 4365 3232 4459 praecipue
3293 4372 3450 4458 post
3500 4384 3754 4436 annum

423 4494 650 4571 1567.
703 4497 1039 4592 perlatas,
1110 4496 1316 4568 talem
1388 4493 1695 4569 studiose
1769 4493 2041 4567 adhibui
2110 4492 2478 4580 selectum,
2548 4501 2621 4565 ut
2686 4513 2810 4566 eas
2862 4492 3287 4587 potissimum
3358 4490 3755 4565 collectioni

420 4623 581 4698 huic
613 4624 968 4716 inferrem,
1022 4645 1199 4719 quae
1236 4646 1276 4696 a
1312 4622 1620 4718 Regibus
1673 4626 1925 4698 nostris
1982 4623 2335 4719 speciatim
2382 4618 2806 4710 ratihabitae,
2840 4623 3116 4726 ‘normis
3159 4641 3285 4716 pro
3321 4618 3459 4693 hoc
3499 4619 3754 4714 Regno

404 4749 1037 4828 <fundamentalibus
1074 4762 1554 4841 accensentur,
1601 4759 1839 4825 contra
1895 4753 2307 4839 omitterem,
2361 4752 2679 4845 exceptis
2724 4752 2996 4846 paucis,
3033 4750 3146 4822 illa
3180 4749 3512 4845 permulta
3549 4745 3756 4822 Gon·-

422 4884 903 4977 fflegationum
956 4879 1183 4975 Regni
1218 4881 1584 4972 conclusa,
1647 4903 1826 4977 quae
1854 4883 2052 4976 regia
2088 4881 2447 4955 sanctione
2500 4878 2845 4968 destituta,
2899 4899 3040 4953 non
3073 4886 3210 4950 tam
3243 4877 3505 4973 legum,
3547 4899 3754 4973 quam

422 5020 829 5085 statutorum
880 5009 1405 5105 municipalium,
1462 5012 1636 5083 intra
1672 5008 1847 5083 fines
1882 5008 2111 5102 Regni
2146 5006 2348 5101 hujus
2390 5007 2856 5102 obligantium,
2906 5016 3213 5080 naturam
3248 5004 3583 5096 redolent.

740 5231 1029 5305 Densum
1086 5233 1152 5303 in
1207 5233 1407 5303 tertia
1460 5241 1654 5326 parte
1708 5230 1957 5330 adduxi
2012 5231 2126 5302 illa
2163 5229 2460 5302 Decreta
2514 5232 2744 5322 regia,
2801 5239 3003 5323 atque
3046 5225 3487 5300 Domitiorum
3543 5226 3754 5300 Hun-

424 5362 661 5456 gariae
714 5358 1069 5435 nobiscum
1121 5361 1579 5433 communium
1633 5362 1831 5451 scita,
1894 5381 2074 5453 quae
2127 5366 2372 5432 statum
2428 5368 2496 5431 et
2548 5361 2851 5431 rationes
2903 5355 3129 5451 Regni
3165 5360 3384 5430 nostri
3435 5354 3754 5453 proprius
