3950 5917
485 393 636 468 ¹06

481 608 689 680 nexis
737 613 813 680 et
855 604 1165 701 sequelis
1218 602 1753 702 quibuscunque,
1809 612 1881 677 et
1931 602 2179 682 eadem
2231 614 2304 679 et
2352 608 2503 682 eius
2556 605 2906 702 quibusnis
2958 607 3259 682 mucuns
3302 606 3768 684 rationabiliter

482 708 784 782 deriuari
818 718 890 782 et
923 711 1088 782 oriri
1131 707 1593 804 possibilibus,
1645 717 1882 783 nostre
1933 712 2313 784 maiestatis
2366 709 2704 803 manibus,
2758 710 3060 802 arbitrio,
3113 710 3656 790 determinacioni
3698 723 3765 788 et

485 810 947 886 declaracioni
1016 813 1406 885 omnimode
1474 807 1960 903 submiserunt,
2030 816 2469 909 assignarunt
2518 825 2589 888 et
2640 838 2739 888 ex
2787 825 3076 914 vtraque
3127 826 3345 912 parte.
3389 839 3586 889 manu
3627 827 3767 889 tra-

485 914 817 990 diderunt.
921 914 1071 990 Nos
1122 919 1350 1012 itaque
1404 939 1496 990 ex
1549 919 1776 990 innata
1830 916 2033 990 nobis
2084 916 2430 992 indicione
2488 915 2950 1013 benignitatis,
3026 943 3157 1015 qua
3210 931 3597 994 cunctorum
3638 943 3768 994 no-

485 1017 594 1092 bis
665 1018 1126 1094 subiectorum
1195 1023 1348 1117 paci
1403 1030 1472 1094 et
1523 1020 1981 1118 tranquillitati
2050 1023 2311 1116 jugiter
2385 1021 2807 1098 indefessum
2886 1024 3202 1098 aflectum
3286 1024 3579 1098 solemus
3645 1024 3770 1097 ad-

484 1123 750 1215 bibere,
803 1126 1157 1219 cupientes
1209 1133 1440 1219 partes
1492 1128 1671 1198 inter
1719 1125 2067 1220 predictas
2120 1128 2475 1221 sang-uinis
2529 1136 2600 1199 et
2653 1126 2991 1202 affinitatis
3045 1129 3410 1215 uinculum,
3460 1132 3601 1202 iure
3640 1150 3768 1224 ge-

487 1231 710 1302 niture
763 1228 1124 1317 aflectum,
1196 1228 1547 1320 coneordij
1604 1237 1675 1301 et
1726 1232 1935 1301 mutui
2005 1233 2259 1302 amoris
2330 1229 2924 1304 indissolubilitate
2977 1242 3301 1328 perpetua
3375 1231 3767 1321 combiuare,
3898 1261 3899 1318 ξ

487 1353 625 1403 vna
665 1353 819 1404 cum
856 1335 1339 1428 prenominatis
1373 1331 1663 1406 Prelatis
1708 1343 1779 1405 et
1810 1332 2194 1407 Batonibus
2244 1337 2500 1408 nostris
2553 1339 2905 1431 Vtriusque
2955 1340 3258 1433 parcium
3312 1340 3770 1432 premissarmn
3898 1391 3899 1398 κ

489 1433 1037 1532 allegationibus,
1091 1434 1679 1532 responsionibus,
1728 1436 2284 1532 probacionibus,
2335 1436 2618 1529 iuribus,
2672 1439 2939 1531 litteris,
2992 1442 3453 1514 instrumentis
3521 1440 3768 1530 auditis,

486 1541 684 1631 nisis,
734 1539 1100 1614 intellectis
1154 1549 1226 1614 et
1272 1539 1497 1614 debita
1549 1544 1933 1615 maturitate
1988 1545 2478 1637 compensatis,
2548 1543 2869 1640 predictis
2922 1547 3147 1618 eciam
3198 1542 3522 1626 ambabus
3572 1547 3771 1640 parti-

486 1640 616 1717 bus
683 1641 1096 1733 uolentibus,
1169 1643 1749 1719 consentientibus
1804 1654 1876 1718 et
1925 1644 2467 1742 acceptantibus,
2543 1670 2630 1721 ac
2683 1647 3111 1744 infrascripta
3167 1669 3248 1720 se
3298 1648 3775 1743 presentialiter

489 1756 815 1821 oretenus
879 1746 1360 1842 obligantibus,
1428 1770 1554 1844 pro
1608 1746 1791 1822 bono
1846 1752 2038 1846 pacis
2090 1758 2163 1823 et
2211 1748 2495 1824 fraterni
2548 1774 2634 1825 ae
2685 1755 2893 1825 mutui
2944 1756 3199 1826 amoris
3269 1752 3770 1841 obseruacione,

486 1854 666 1924 inter
713 1854 900 1947 ipsas
953 1862 1186 1946 partes
1236 1851 1698 1948 perpetuanda
1751 1862 1822 1926 et
1870 1855 2120 1947 iugiter
2171 1854 2540 1946 seruanda,
2591 1859 3033 1952 postergatis,
3094 1860 3377 1930 remotis
3427 1866 3497 1930 et
3545 1877 3771 1950 ampu-

488 1957 645 2028 tatis
699 1955 1010 2029 omnibus
1064 1958 1231 2028 iuris
1282 1954 1651 2050 rigoribus,
1702 1955 2210 2050 grauaminibus
2245 1970 2316 2031 et
2351 1962 2691 2051 censuris,
2744 1982 2877 2055 que
2914 1960 3286 2035 secundum
3322 1960 3544 2055 Regni
3577 1961 3772 2034 nostri

486 2058 718 2153 legem
771 2068 842 2132 et
893 2059 1460 2134 consvetudinem
1513 2064 1889 2148 occasione
1941 2065 2431 2156 premissorum
2481 2064 2825 2137 ordinarie
2878 2074 2950 2137 et
2997 2064 3405 2138 iudicialiter
3452 2086 3770 2160 persecu-

490 2173 712 2236 torum
767 2173 837 2237 et
888 2163 1336 2237 deductorum
1388 2167 1578 2254 oriri,
1657 2167 2071 2240 sentenciari
2123 2175 2194 2239 et
2243 2170 2660 2262 pronuntiari
2708 2170 3115 2264 potuissent,
3168 2172 3649 2258 commisimus,
3697 2188 3775 2239 ae

491 2265 845 2365 arbitrario
899 2268 1392 2342 sententialiter
1442 2271 1932 2360 commisimus,
1987 2273 2496 2365 composuimus
2550 2281 2620 2345 et
2672 2272 3131 2346 conclusimus
3163 2276 3235 2345 in
3267 2272 3450 2346 hunc
3485 2270 3770 2346 modum:

493 2370 691 2456 Quod
738 2371 901 2444 licet
952 2370 1254 2466 profatus
1309 2369 1561 2448 Comes
1612 2372 1886 2447 Vlricus
1938 2373 2245 2468 predicta
2296 2378 2444 2448 iura
2498 2398 2624 2449 sua
2675 2386 2984 2450 materna
3035 2377 3241 2451 modo
3295 2376 3592 2450 antelato
3633 2377 3772 2470 pri-

488 2497 671 2546 mum
723 2497 850 2571 per
902 2476 1062 2548 olim
1117 2474 1487 2549 antefatum
1568 2476 1910 2572 quondam
1992 2476 2329 2551 Comitem
2405 2478 2764 2554 Nicolaum
2833 2481 3154 2567 totaliter,
3230 2491 3302 2555 et
3354 2480 3614 2554 tandem
3661 2500 3772 2574 per

492 2582 1084 2674 supranominatos
1140 2577 1316 2653 filios
1368 2582 1583 2675 ipsius
1636 2580 2021 2675 parcialiter
2070 2581 2369 2656 indebite
2422 2593 2756 2680 occupata
2811 2594 2881 2658 et
2925 2583 3199 2660 detenta
3250 2584 3434 2676 fore,
3484 2601 3773 2678 nuncque

488 2704 618 2778 per
679 2683 967 2759 eosdem
1021 2684 1328 2758 similiter
1381 2683 1670 2757 detineri
1720 2685 2065 2758 mediante
2118 2690 2444 2782 potentia,
2514 2691 2585 2760 in
2639 2710 2927 2783 quorum
2979 2693 3276 2762 omnium
3333 2687 3771 2764 vsufructuum

494 2797 565 2859 et
610 2791 969 2883 prouentui
1045 2789 1504 2883 percepcione
1584 2788 1887 2885 predicta
1959 2789 2202 2862 decem
2274 2790 2482 2863 Millia
2549 2789 2966 2866 florenorum
3036 2797 3207 2883 auri,
3288 2792 3557 2889 dampni
3622 2793 3771 2887 per-

495 2894 769 2986 cepisse
814 2895 884 2963 in
939 2894 1045 2965 sui
1094 2891 1533 2986 preiudicium
1607 2891 2049 2986 allegauerit3
2118 2904 2346 2966 tamen
2401 2917 2496 2968 ex
2545 2906 2779 2970 nostra
2847 2896 3319 2993 dictorumque
3379 2897 3770 2970 Prelatorum

494 3004 566 3065 et
615 2994 957 3067 Baronum
1009 3005 1395 3068 nostrorum
1449 2997 1804 3091 tranquilla
1859 3006 1931 3069 et
1982 2995 2318 3070 amicabili
2372 3002 2868 3096 compositione
2944 3005 3271 3095 presenti,
3345 3005 3496 3098 ipse
3546 2999 3772 3073 Comes

492 3094 767 3170 Vlricus
821 3096 909 3172 de
960 3097 1266 3194 predicto
1318 3099 1503 3172 facto
1556 3104 1902 3197 potencie,
1953 3104 2026 3174 in
2079 3106 2546 3197 occupacione
2600 3111 2671 3176 et
2721 3103 3129 3178 detencione
3182 3105 3563 3181 huiusmodi
3610 3125 3773 3198 quo-

494 3200 870 3274 modolibet
919 3206 1316 3291 commisse,
1369 3205 1569 3277 simul
1620 3228 1776 3277 cum
1829 3203 2026 3280 dictis
2082 3205 2326 3279 decem
2376 3205 2671 3281 Millibus
2722 3204 3138 3281 florenorum
3194 3214 3372 3302 auri,
3442 3207 3775 3284 omuibus—

495 3326 628 3399 que
682 3305 832 3379 aliis
883 3306 1349 3403 prouentibus,
1405 3330 1500 3380 ex
1551 3308 1872 3404 predictis
1924 3307 2182 3382 iuribus
2236 3313 2380 3385 suis
2432 3315 2760 3384 maternis
2831 3316 3207 3410 occupatis,
3278 3336 3411 3409 per
3459 3313 3775 3410 predictos

491 3406 724 3483 Banes
778 3419 851 3483 et
899 3412 1073 3485 alios
1125 3407 1427 3486 Comites
1500 3413 1758 3507 Segnia
1812 3423 1948 3504 ete,
2026 3422 2098 3486 et
2165 3413 2252 3486 ad
2324 3433 2452 3486 eos
2503 3419 2921 3510 pertinentes
2999 3416 3361 3512 hucvsque
3438 3417 3777 3514 perceptis,

493 3516 853 3605 extractis,
909 3513 1560 3606 condescendendo,
1614 3516 1900 3591 eosdem
1952 3516 2335 3591 Johannem
2384 3528 2454 3590 et
2488 3517 2907 3615 Stephanum
2957 3519 3215 3610 Banos,
3270 3545 3411 3596 nec
3459 3544 3589 3594 non
3638 3516 3777 3591 Co-

491 3619 695 3690 mites
729 3615 1017 3712 Segnie,
1070 3616 1320 3693 fratres
1356 3642 1595 3694 eorum
1627 3630 2054 3717 prenotatos,
2106 3620 2617 3717 eorundemque
2667 3621 2993 3715 heredes,
3045 3623 3422 3699 familiares
3476 3635 3542 3697 et
3575 3644 3776 3719 quos·-

489 3718 661 3796 libet
709 3721 798 3795 ad
852 3744 979 3797 eos
1033 3727 1475 3819 pertinentes,
1528 3747 1696 3822 pure
1747 3735 1820 3798 et
1870 3726 2263 3821 simpliciter
2310 3724 2594 3816 liberos,
2649 3727 3012 3822 expeditos
3065 3737 3137 3801 et
3186 3728 3564 3818 absolutos,
3620 3725 3776 3800 red-

492 3822 665 3898 dere
718 3836 789 3898 et
839 3832 1290 3912 committere,
1367 3833 1498 3925 ipsi
1575 3850 1743 3901 uero
1822 3828 2178 3904 Jobannes
2233 3839 2305 3903 et
2354 3829 2740 3926 Stephanus
2817 3832 2991 3905 Bani
3068 3837 3421 3929 ceterique
3500 3831 3773 3905 Comites

493 3933 830 4024 prenotati
898 3932 1274 4026 predictum
1355 3931 1685 4006 Comitem
1739 3931 2043 4006 Vlricum
2095 3937 2166 4005 in
2216 3931 2573 4029 pacificum
2651 3935 3019 4009 dominium
3073 3947 3143 4010 et
3190 3939 3451 4012 realem
3504 3955 3776 4033 posses-

497 4036 767 4107 sionem
820 4045 1169 4130 sepetacte
1219 4035 1601 4110 medietatis
1656 4037 1877 4111 insule
1928 4036 2188 4131 Wegle
2241 4062 2326 4111 ac
2361 4042 2661 4111 omnium
2712 4061 2985 4113 suarum
3038 4045 3614 4137 pertinentiarum,
3662 4059 3781 4110 nec

493 4158 635 4210 non
675 4137 851 4210 'villa
903 4138 1336 4236 Birchopagh
1389 4150 1459 4213 et
1506 4144 1720 4236 ipsius
1774 4144 1983 4214 vinee
2025 4144 2095 4215 in
2127 4140 2525 4234 Vinodolio,
2578 4165 2794 4238 penes
2846 4166 3036 4216 mare
3088 4167 3307 4241 prope
3359 4146 3585 4220 villam
3639 4142 3778 4215 dic-

493 4250 632 4311 tam
685 4239 895 4316 Selce
945 4240 1199 4333 habita,
1270 4265 1397 4339 per
1447 4255 1893 4318 memoratum
1962 4247 2300 4341 quondam
2372 4245 2710 4320 Comitem
2771 4248 3154 4322 Jobannem
3229 4272 3434 4323 auum
3501 4254 3783 4345 ipsorum

497 4344 662 4417 olim
713 4344 986 4419 domine
1035 4346 1432 4439 Katharine,
1498 4371 1630 4422 auo
1679 4353 1893 4445 ipsius
1949 4345 2233 4424 Comitis
2285 4349 2526 4442 Vlrici,
2594 4351 3042 4427 mediantibus
3096 4356 3237 4426 suis
3290 4355 3532 4428 litteris
3582 4353 3781 4449 priui-

494 4448 883 4541 legialibus,
937 4472 1171 4524 coram
1224 4451 1425 4525 nobis
1475 4452 1846 4548 productis,
1899 4456 2414 4550 imperpetuate,
2470 4459 2787 4552 omnique
2840 4467 2911 4529 et
2953 4458 3371 4551 singularum
3425 4467 3775 4531 tenutarum

353 4645 360 4652 ‚
497 4555 986 4649 pertinencium
1043 4566 1113 4627 et
1164 4565 1668 4630 contractorum
1722 4555 2119 4631 Castrorum
2181 4556 2488 4633 Cersach
2542 4562 2745 4650 (sic),
2815 4560 3157 4654 chbarij
3214 4571 3285 4634 et
3335 4561 3664 4652 Berberij,
3725 4558 3782 4630 si

499 4678 670 4752 quas
745 4655 1066 4734 fortassis
1135 4658 1220 4732 ab
1291 4660 1553 4733 eisdem
1631 4665 2110 4752 retraxissent,
2190 4673 2645 4760 occupassent
2724 4686 2851 4738 seu
2927 4665 3466 4763 impediuissent,
3545 4665 3787 4759 absque

500 4760 798 4856 qualibet
846 4762 1154 4835 vlteriori
1205 4767 1608 4839 resistencia
1638 4775 1733 4861 ‘et
1775 4765 2330 4841 contradiccione
2383 4771 2827 4841 intromittere
2880 4778 2953 4841 et
2983 4773 3337 4867 imponere
3391 4794 3476 4843 ac
3526 4775 3594 4843 in
3644 4770 3782 4841 eis-

497 4866 655 4938 dem
709 4876 1052 4940 eteorum
1107 4867 1433 4960 dominio,
1488 4879 1557 4943 et
1606 4868 1894 4965 pacifica
1940 4892 2024 4942 ac
2059 4871 2231 4943 reali
2281 4875 2756 4966 possessione,
2809 4871 3439 4962 vsufructuacione,
3492 4893 3785 4971 prouen-

495 4979 680 5043 tuum
735 4980 806 5044 et
857 4974 1156 5045 omnium
1207 4973 1561 5046 vtilitatum
1613 4976 1880 5068 inteffla
1932 4978 2421 5071 percepcione,
2476 4975 2601 5050 sub
2655 4976 2847 5050 titulo
2901 4985 2973 5050 et
3015 4982 3288 5052 nomine
3341 4981 3492 5050 ueri
3542 4985 3611 5050 et
3642 4973 3785 5050 iusti

494 5077 802 5170 pignoris
853 5075 1177 5171 predictis
1238 5080 1510 5170 triginta
1578 5076 1844 5153 duobus
1913 5076 2208 5154 Millibus
2278 5077 2695 5154 florenorum
2763 5084 2913 5154 auri
2977 5086 3370 5178 permittere
3425 5091 3494 5155 et
3542 5100 3786 5178 poese-

491 5189 696 5252 tenus
748 5189 1194 5254 manutenere
1246 5190 1318 5254 et
1369 5180 1745 5256 defendere
1795 5192 2157 5256 teneantur
2204 5184 2483 5275 tamdiu,
2554 5184 2783 5260 donec
2849 5187 3131 5260 easdem
3200 5186 3629 5260 medietatem
3674 5185 3783 5254 in-

497 5283 650 5354 sule
700 5304 834 5357 nec
886 5305 1025 5356 non
1060 5281 1301 5358 Castra
1338 5295 1410 5359 et
1442 5286 1674 5360 villam
1728 5291 2317 5384 supranominatas
2371 5311 2523 5361 cum
2576 5311 2812 5362 earum
2866 5293 3329 5387 pertinencijs,
3378 5292 3565 5363 iuxta
3617 5308 3787 5360 eon-

496 5393 685 5456 tenta
737 5387 1084 5459 literarum
1129 5397 1199 5461 et
1231 5390 1852 5482 instrumentorum,
1926 5391 2293 5487 superinde
2345 5397 2884 5490 conscriptorum
2938 5404 3011 5471 et
3060 5394 3555 5486 confectorum,
3605 5386 3794 5468 simul
