3950 5917
3285 408 3448 505 343·

144 647 313 739 ipsos
364 640 602 713 factam
658 641 1230 713 intercessionem
1282 641 1350 711 ὦ
1401 636 2176 728 recommendationem,
2238 636 2470 710 habito
2524 640 2728 711 etiam
2784 636 3225 711 camerarum
3278 634 3440 711 No·-

144 756 406 820 strarum
483 743 766 815 Aulicae
814 747 879 814 <tc
932 742 1370 834 Hungaricae
1440 740 1807 836 superinde
1876 751 2047 814 voto
2120 764 2205 812 ac
2260 743 2607 836 opinione,
2680 741 2767 814 de
2819 741 3087 834 Regiae
3159 750 3452 814 nostrae·

145 849 471 945 potestatis
522 845 937 940 plenitudine
990 843 1278 917 eosdem
1332 842 1726 939 Oppidanos
1779 847 1847 917 ὦ
1891 843 2166 918 Incolas
2220 848 2289 918 in
2341 866 2697 918 numerum
2747 866 2833 916 ac
2885 844 3193 917 ordinem
3249 844 3439 916 alio-

54 1011 55 1028 2
146 973 274 1024 rum
319 949 709 1025 Liberorum
778 948 1292 1042 Regiorumque
1345 945 1764 1043 oppidorum
1806 945 2223 1034 ,Nostrorum
2293 947 2755 1042 recipiendos,
2831 947 3320 1041 aggregandos
3375 950 3439 1019 dc

144 1052 448 1150 Oppidum
498 1052 825 1126 Nostrum
874 1051 1194 1145 Regium,
1248 1050 1430 1146 quod
1483 1049 1656 1123 felix
1704 1047 2141 1146 faustumque
2191 1050 2384 1126 Deus
2439 1050 2520 1124 O.
2572 1050 2665 1125 M.
2721 1073 2886 1125 esse
2940 1051 3130 1141 velit,
3203 1053 3440 1124 nomi-

146 1157 409 1231 nandum
463 1179 548 1229 ac
598 1154 1065 1229 intitulandum
1117 1154 1463 1234 duximus,
1542 1163 1922 1228 statuentes
1976 1160 2042 1227 Φ
2096 1155 2473 1229 clementer
2525 1177 2610 1228 ac
2660 1175 2791 1251 per
2840 1175 3246 1251 expressum
3304 1152 3442 1227 de-
3486 1159 3499 1170 '

144 1269 508 1348 cernentes,
587 1269 662 1333 ut
726 1258 935 1331 iidem
1007 1256 1344 1354 Oppidani
1399 1261 1463 1330 dc
1513 1256 1794 1332 Incolae
1846 1280 1888 1329 a
1943 1257 2149 1331 modo
2231 1258 2560 1354 deinceps
2640 1257 2885 1332 futuris
2958 1280 3044 1332 ac
3098 1259 3443 1352 perpetuis

144 1384 393 1458 semper
441 1361 889 1459 temporibus,
941 1383 1095 1433 cum
1149 1359 1731 1457 praespecificatis
1786 1359 2100 1435 omnibus
2149 1358 2378 1447 bonis,
2435 1361 2520 1433 ad
2565 1370 3037 1456 praenotatum
3075 1358 3437 1455 Oppidum,

146 1464 624 1562 castellumque
661 1488 748 1537 ac
778 1465 1223 1538 Territorium
1278 1462 1664 1536 Gzirkueno
1720 1462 1808 1536 de
1841 1464 2012 1536 Jure
2057 1468 2124 1536 dc
2175 1464 2262 1536 ab
2300 1468 2574 1560 antiquo
2632 1463 3095 1561 spectantibus
3149 1467 3216 1535 dc
3267 1485 3441 1558 per-

151 1573 343 1642 tinere
418 1566 848 1659 debentibus,
928 1589 1053 1664 pro
1104 1564 1352 1639 Libero
1409 1589 1503 1639 ac
1544 1566 1775 1660 Regio
1825 1566 2094 1663 Oppido
2145 1576 2411 1657 nostro,
2478 1572 2695 1641 instar
2764 1567 3050 1640 aliorum
3125 1565 3441 1663 Oppido-

148 1694 276 1744 rum
322 1671 754 1761 Nostrorum,
836 1668 922 1743 ab
995 1669 1308 1743 omnibus
1387 1669 1697 1744 fidelibus
1778 1669 2063 1748 subditis
2119 1675 2186 1743 dc
2235 1671 2638 1765 Regnicolis
2691 1674 2944 1743 nostris
3018 1668 3440 1764 Hungariae,

146 1774 573 1872 Croatiaeque
625 1778 693 1847 de
744 1771 1164 1848 Sclavoniae
1217 1777 1534 1869 agnosci,
1591 1772 1821 1863 scribi,
1876 1773 2038 1862 dici,
2092 1778 2428 1848 nominari
2480 1796 2566 1847 ac
2614 1775 2936 1849 intitulari
2989 1772 3258 1846 debeat.
3338 1772 3441 1846 Ita

146 1887 349 1951 tamen
397 1883 465 1951 dc
518 1901 605 1952 ea
659 1878 1080 1966 conditione,
1160 1887 1234 1949 ut
1310 1880 1439 1972 ipsi
1506 1876 1841 1973 Oppidani
1895 1882 1959 1951 dc
2012 1876 2294 1950 Incolae
2374 1876 3072 1952 Czirkuenovienses.
3132 1898 3294 1950 sese
3371 1879 3445 1950 in

147 1980 431 2056 omnibus
486 1980 796 2079 Oppidis,
871 1978 1410 2075 civitatibusque
1480 1983 1734 2053 nostris
1804 1978 2072 2054 Liberis
2126 2004 2211 2053 ac
2261 1981 2503 2074 Regiis
2575 1980 3014 2055 conformare
3069 1984 3133 2053 dc
3186 1978 3273 2051 ab
3326 1982 3446 2053 in-

144 2084 545 2178 gratitudinis
585 2108 668 2158 ac
701 2082 1115 2162 infidelitatis
1167 2094 1329 2157 nota
1382 2088 1447 2157 dc
1497 2085 1792 2168 macula,
1848 2081 1975 2158 sub
2012 2106 2236 2179 poena
2291 2087 2681 2158 amissionis
2736 2089 2803 2157 dc
2845 2083 3204 2158 ablationis
3243 2083 3445 2178 hujus

148 2208 222 2259 ac
266 2188 544 2262 aliorum
596 2191 1129 2285 praemissorum
1183 2191 1480 2261 omnium
1534 2188 2063 2282 Privilegiorum
2117 2192 2181 2261 dc
2233 2187 2614 2260 libertatum
2669 2210 2972 2277 suarum,
3038 2209 3239 2282 quam
3293 2190 3445 2283 ipso

144 2288 311 2363 facto
359 2294 734 2381 incurrent,
786 2300 1118 2387 perpetuo
1175 2287 1325 2364 sibi‘
1358 2312 1641 2379 cavere,
1693 2290 1966 2386 hocque
2018 2294 2290 2384 insigne
2344 2290 2751 2364 beneficium
2808 2295 2873 2364 dc
2910 2313 3051 2364 non
3084 2290 3445 2384 vulgarem

143 2398 408 2490 gratiam
458 2401 526 2469 dc
582 2396 1013 2470 clementiam
1065 2404 1396 2482 nostram,
1468 2397 1538 2466 in
1592 2396 1783 2490 ipsos
1835 2394 2154 2468 collatam
2208 2395 2294 2466 de
2349 2405 2583 2469 nostra
2633 2395 3000 2489 Majestate
3055 2398 3120 2468 dc
3177 2415 3462 2468 conse-·

145 2506 408 2594 quenter
457 2498 887 2595 praetitulata
940 2496 1256 2589 Augusta
1291 2497 1517 2570 Domo
1571 2508 1833 2588 nostra,
1887 2497 2438 2592 haeredibusque
2494 2502 2559 2571 dc
2612 2497 3136 2572 successoribus
3190 2500 3445 2572 nostris

144 2598 437 2695 legitimis
516 2604 833 2674 nimirum
912 2600 1304 2694 Hungariae
1382 2598 1690 2695 Regibus
1763 2605 1950 2675 omni
2002 2601 2165 2692 fide,
2238 2604 2619 2676 constantia
2677 2606 2744 2674 dc
2797 2601 3119 2674 fidelitate
3190 2603 3450 2694 jugiter

143 2702 460 2780 demereri
512 2704 796 2780 studere
849 2703 1147 2779 debeant
1196 2726 1281 2776 ac
1315 2713 1696 2778 teneantur.
1800 2704 1946 2778 Imo
2004 2727 2528 2794 conservamus,
2582 2707 2924 2792 anuimus,
2976 2704 3448 2793 concedimus,

144 2809 511 2904 recipimus,
568 2829 1120 2897 annumeramus,
1176 2805 1651 2897 adscribimus,
1704 2818 2132 2905 cooptamus,
2187 2831 2633 2899 exornamus,
2696 2811 3152 2898 nominamus,
3204 2811 3450 2882 intitu-

144 2909 365 3003 lamus,
420 2914 915 3008 statuimusque
969 2933 1053 2984 ac
1106 2909 1579 3002 decernimus3
1633 2913 2108 3009 praesentibus
2161 2913 2515 3008 Privilegii
2565 2913 2801 2986 Nostri
2850 2914 3230 3009 patrocinio
3288 2933 3450 2983 me-

143 3011 371 3089 diante.
478 3013 700 3089 Salvo
770 3017 931 3108 jure
1009 3014 1256 3087 alieno.
1362 3015 1440 3087 In
1513 3017 1710 3110 cujus
1770 3019 1874 3089 rei
1944 3020 2372 3103 memoriam,
2452 3016 2975 3112 firmitatemque
3053 3025 3455 3112 perpetuam

143 3114 335 3191 hasce
384 3118 682 3193 Litteras
733 3128 1010 3192 nostras
1061 3118 1538 3214 Privilegiales
1594 3128 1870 3193 secreto
1927 3120 2154 3214 sigillo
2209 3119 2492 3210 Nostro,
2547 3142 2683 3214 quo
2737 3129 2810 3193 ut
2860 3119 3022 3192 Rex
3055 3119 3456 3213 Hungariae

142 3224 368 3295 utimur
414 3220 879 3318 impendentis
928 3224 1295 3294 munimine
1365 3220 1753 3311 roboratas,
1825 3220 2199 3319 saepefatis
2254 3222 2622 3319 Oppidanis
2677 3227 2745 3297 dc
2793 3222 3050 3297 Incolis
3106 3220 3453 3294 Czirkue-

143 3325 621 3418 noviensihns,
697 3327 1138 3422 ipsorumpue
1202 3328 1500 3422 posteris
1572 3328 1639 3396 dc
1708 3323 2234 3398 successoribus
2305 3330 2652 3400 universis
2722 3334 3052 3424 perpetuo
3121 3325 3455 3398 valituras

142 3432 424 3521 gratiose
485 3428 748 3504 dandas
804 3428 1120 3504 duximus
1172 3434 1240 3502 dc
1293 3426 1798 3502 concedendas.
1905 3428 2152 3501 Datum
2205 3451 2331 3524 per
2383 3452 2623 3505 manus
2676 3431 2900 3504 fidelis
2939 3428 3199 3517 Nostri,
3253 3425 3455 3502 nobis

144 3531 378 3623 dilecti,
428 3533 836 3606 Reverendi
886 3532 1194 3606 Thomae
1245 3531 1467 3629 Palffy
1519 3530 1605 3605 ab
1656 3530 1890 3606 Erdod
1942 3531 2269 3630 Episcopi
2318 3532 2683 3607 Ecclesiae
2735 3534 3126 3623 Nitriensis,
3178 3532 3456 3626 locique

143 3639 201 3706 e
246 3634 622 3710 Comitatus
676 3635 987 3729 ejusdem
1043 3638 1344 3733 supremi
1398 3659 1483 3708 ac
1538 3639 1842 3732 perpetui
1897 3632 2207 3726 Comitis,
2284 3632 2673 3709 consiliarii
2724 3636 2959 3711 Nostri
3011 3640 3076 3707 ὠ
3131 3657 3257 3732 per
3306 3633 3456 3707 Su-

138 3738 457 3832 prafatum
510 3741 831 3835 Regnum
883 3736 1207 3814 Nostrum
1260 3739 1654 3835 Hungariae
1708 3740 1933 3813 Aulae
1988 3741 2283 3814 Nostrae
2341 3739 2774 3829 Cancellarii,
2839 3744 2910 3812 in
2964 3736 3255 3812 Civitate
3309 3760 3456 3810 no-

140 3852 265 3914 stra
313 3844 589 3918 Vienna
641 3843 993 3933 Austriae,
1073 3842 1185 3916 die
1239 3845 1576 3936 vigesima
1632 3866 1813 3916 nona
1868 3842 2130 3918 Mensis
2184 3844 2514 3932 Januarii,
2585 3844 2792 3918 Anno
2849 3843 3212 3916 millesimo
3269 3863 3452 3916 sex-

138 3952 506 4021 centesimo
589 3951 1099 4045 septuagesimo
1179 3950 1403 4019 tertio.
1511 3943 1909 4040 Regnorum
1986 3947 2395 4022 Nostrorum
2472 3947 2767 4022 Romani
2846 3948 3114 4021 decimo
3196 3948 3457 4042 quinto,

139 4046 521 4145 Huugariae
574 4055 641 4123 dc
691 4052 1107 4148 reliquorum
1163 4049 1432 4123 decimo
1488 4060 1767 4141 octavo,
1821 4049 2199 4124 Bohemiae
2250 4074 2425 4128 vero
2483 4075 2664 4128 anno
2721 4053 2989 4126 decimo
3037 4052 3351 4149 septimo.

433 4223 913 4322 Leopoldus
960 4247 1050 4300 m.
1102 4245 1169 4320 p.

1642 4352 1757 4447 (L.
1830 4350 1946 4448 S.)

2419 4507 2724 4583 Thomas
2777 4507 2997 4606 Palffy
3047 4532 3138 4584 m.
3182 4531 3249 4606 p.

2523 4624 2817 4694 Episcopus
2852 4625 3134 4680 Ninia-sis.

2366 4774 2754 4874 Stephanus
2807 4775 3039 4853 Orban
3095 4801 3184 4852 m.
3236 4801 3303 4877 p.

1632 5006 1689 5069 A
1733 5016 1907 5088 ter-90
1934 5032 1957 5068 .-

450 5172 654 5248 Anno
734 5173 1010 5248 Domini
1084 5171 1451 5248 Millesimo
1534 5176 2052 5248 sexcentesimo
2127 5178 2642 5272 septuagesimo
2724 5177 2956 5272 quinto
2981 5228 3007 5269 ,
3088 5175 3200 5253 die
3278 5175 3468 5252 duo-

146 5270 410 5349 dect-a
458 5275 725 5354 Iliensis
776 5277 1155 5367 Februarii,
1207 5282 1277 5351 in
1331 5276 1642 5372 generali
1692 5277 2142 5375 Dominorum
2196 5279 2506 5352 Statuum
2560 5283 2626 5353 d:
2679 5278 3004 5354 Ordinum
3065 5280 3471 5377 Regnorum

144 5372 547 5473 Rhatiae,
601 5381 921 5457 croatiae
974 5387 1041 5462 d:
1091 5381 1511 5458 sclavoniae
1564 5377 2126 5479 Congregatione
2171 5381 2540 5459 Varasdini
2613 5382 2988 5480 celebrata,
3058 5395 3471 5484 praesentes
