3950 5917
502 370 657 472 asi

502 583 899 660 Finchovcz
961 584 1159 656 aliter
1218 581 1706 671 Breztovicza,
1770 581 2232 671 Gontovinca
2297 581 2628 671 Emesa,
2667 581 3034 678 Kolarczy,
3096 581 3575 681 Lultachovcz,
3648 581 3794 655 Bo·—

504 686 891 782 guchevina
972 687 1195 760 aliter-
1220 686 1603 782 Sipovczy,
1654 683 2027 759 Mrasovcz
2079 696 2152 759 et
2207 685 2496 776 vinem,
2550 696 3184 782 consequenterque
3257 681 3791 782 praenotatam!-

501 795 882 888 portionnm
937 791 1644 866 Possessionariarum
1701 801 1770 863 et
1823 788 2172 863 Cui-iarum
2224 787 2688 863 Nobiliterium
2741 794 2811 864 in
2864 790 3125 864 eisdem
3203 789 3602 880 habitarum,
3671 811 3795 863 nec

500 917 640 980 nou
694 897 1019 991 portionis
1090 893 1685 989 promonthorialis
1736 892 1981 966 Velika
2038 891 2284 982 Obres,
2355 898 2422 965 in
2478 893 2774 966 antelato
2837 892 3170 966 Comitum
3243 893 3571 968 Crisiensi
3637 896 3792 965 exi-

506 997 838 1071 stentibus
909 1009 978 1070 et
1047 998 1463 1084 habitarum,
1554 995 1952 1070 accedendo
2031 997 2523 1071 introduxisset
2590 1008 3026 1094 praenotatos
3112 996 3429 1071 Mathiam
3499 997 3794 1093 Voyno·

503 1102 783 1278 {2522}
822 1100 3372 1301 3⁶35„„ittsstssnl‘zit'zzssia0‡⁰”¹12¹1¹53202¹T¹³53„„izmfl'ffiztss‘s
3387 1101 3792 1276 saw:

506 1319 700 1399 (nam
752 1321 1167 1384 memoratus
1220 1309 1546 1382 Martinus
1585 1309 1881 1381 Plavecz
1935 1320 2005 1381 et
2054 1308 2350 1383 Michael
2384 1309 2610 1402 Striga
2667 1332 2744 1382 se
2792 1313 2860 1382 in
2913 1309 3280 1382 Zaiztovcz
3336 1309 3494 1379 nihil
3546 1308 3796 1380 hahere

504 1426 705 1510 prout
756 1424 827 1487 et
876 1414 1231 1487 Ladislaus
1284 1411 1543 1484 Ztanek
1596 1416 1664 1484 in
1718 1412 1998 1486 Revcse
2051 1423 2207 1486 sunt
2257 1412 2426 1486 fassi
2481 1436 2710 1485 coram
2765 1411 3014 1500 Nobis,
3070 1417 3133 1484 in
3187 1412 3576 1486 Donatione
3625 1417 3794 1484 enim

502 1540 629 1613 per
679 1539 983 1590 errorem
1014 1516 1301 1589 Scribae
1352 1519 1418 1589 in
1471 1516 1712 1589 iisdem
1767 1515 2332 1589 Possessionibus
2386 1527 2623 1591 essent
2673 1518 3062 1608 nominati),
3111 1516 3466 1588 Martinam
3505 1516 3795 1588 Piavecs

503 1623 592 1693 de
646 1621 1039 1714 Ugrinovcz
1092 1625 1158 1693 in
1212 1620 1535 1715 Popovcz
1590 1620 1786 1692 aliter
1838 1620 2258 1712 Ugrinovcz„
2315 1620 2594 1692 Paulum
2649 1620 2907 1693 Golecz
2960 1620 3048 1693 de
3099 1619 3490 1692 Finchevcz
3544 1624 3612 1692 in
3667 1643 3792 1692 ea-

503 1726 656 1796 dem
710 1725 1101 1797 Finchevcz
1156 1726 1352 1795 aliter
1385 1724 1862 1812 Breztovicza„
1914 1723 2270 1797 Martinam
2312 1723 2735 1798 Chernchich
2788 1725 2876 1796 de
2916 1723 3364 1808 Gestovincz„
3418 1723 3790 1796 Ladislaun

503 1827 765 1901 Ztanek
816 1833 884 1900 in
938 1827 1282 1924 praedicta
1339 1827 1788 1914 Goztovincz,
1862 1826 2237 1923 praefatum
2290 1827 2645 1900 Martinum
2702 1827 3125 1900 Cherncltich
3175 1831 3243 1900 in
3296 1828 3605 1917 Revcse,
3657 1826 3794 1899 Lu·-

500 1955 653 2003 cam
706 1932 896 2006 Keos
950 1937 1016 2004 in
1053 1931 1421 2027 Kolarczy„
1478 1931 1747 2003 Petrum
1799 1931 2148 2003 Janschak
2201 1935 2265 2003 in
2304 1930 2783 2018 Lukachovcz,
2835 1932 3169 2004 Ioannem
3228 1930 3477 2014 Guzsr,
3532 1931 3791 2002 Petrum

501 2034 1009 2124 Zerhlinovich,
1078 2035 1425 2107 Andream
1496 2035 1748 2108 Jussak
1801 2040 1868 2106 in
1923 2035 2411 2130 Bogachevina
2484 2037 2681 2107 aliter
2745 2035 3073 2131 Sipovcz,
3126 2036 3459 2107 Joannem
3516 2033 3793 2108 Urano-

503 2141 687 2226 vich,
762 2139 1136 2231 Georgium
1205 2137 1536 2224 Koritich‚
1589 2143 1657 2210 in
1709 2138 2150 2212 Mrazovecz.
2222 2137 2501 2210 Paulum
2555 2138 2841 2229 Dolecz,
2911 2139 3313 2211 Michaelem
3378 2138 3677 2210 Nemecz
3729 2143 3791 2209 in

502 2243 919 2330 Finchovcz‚
975 2244 1188 2315 Vinca
1237 2253 1307 2315 et
1345 2243 1819 2327 Breztovicza,
1872 2265 2269 2338 uxoresque
2322 2252 2392 2314 et
2442 2242 2689 2315 fratres
2745 2243 3449 2337 Cougenerationales
3497 2252 3569 2313 et
3602 2241 3791 2314 Con—

500 2347 944 2420 divisionales
998 2351 1296 2442 ipsorum
1354 2367 1478 2441 pro
1532 2356 1675 2418 rata
1730 2350 1927 2419 unius
1982 2350 2445 2441 cuiuscunque
2506 2350 2819 2441 portione
2871 2352 2937 2418 in
2992 2346 3376 2419 Dominium
3432 2345 3786 2418 earundem

500 2451 794 2544 dictique
856 2454 1030 2543 juris
1099 2450 1300 2542 Regii
1380 2453 1448 2522 in
1504 2450 1761 2522 eisdem
1837 2449 2039 2522 habiti
2113 2454 2463 2523 statuisset
2542 2450 2848 2540 easdem,
2904 2461 2974 2522 et
3025 2450 3204 2522 idem
3259 2451 3522 2522 eisdem
3594 2454 3787 2545 ipso-

502 2577 786 2649 rumque
838 2554 1094 2628 haered
1122 2554 1248 2627 bus
1302 2564 1372 2625 et
1424 2553 1928 2649 posteritatibus
2001 2557 2349 2647 utriusque
2422 2576 2635 2626 sexus
2689 2557 3031 2627 universis
3086 2554 3284 2627 simul
3333 2576 3488 2626 cum
3541 2557 3788 2624 cunctis

500 2663 642 2731 suis
712 2658 1101 2731 utilitatibus
1172 2668 1244 2728 et
1313 2661 1734 2751 pertinentiis
1808 2656 2216 2751 quibuslibet
2282 2661 2705 2752 praemissae
2779 2656 3022 2730 Novae
3085 2658 3490 2730 Donationis
3549 2667 3618 2728 et
3663 2656 3786 2727 Ju-

496 2766 595 2834 ris
650 2763 849 2856 Regii
903 2762 1107 2833 titulis
1188 2764 1351 2855 ipsis
1431 2760 1994 2844 incumbentibus,
2075 2772 2404 2856 perpetuo
2458 2761 2899 2856 possidenda,
2947 2762 3131 2833 nullo
3175 2783 3458 2857 prorsus
3501 2761 3787 2832 Contra-

498 2865 759 2938 dictore
810 2876 970 2937 tunc
1022 2863 1181 2937 inibi
1235 2875 1629 2959 apparente,
1709 2866 2029 2957 legitimis
2085 2877 2155 2937 et
2207 2868 2542 2938 continuis
2622 2865 2833 2939 tribus
2914 2864 3152 2938 diebus
3223 2870 3389 2960 ipsis
3442 2865 3679 2937 Banali
3727 2874 3788 2935 et

497 2979 735 3040 nostro
788 2967 1168 3042 hominibus
1221 2968 1381 3040 inibi
1434 2969 1982 3063 permanentibus
2036 2979 2105 3041 et
2159 2991 2419 3041 moram
2474 2973 2860 3042 continuam
2912 2970 3473 3064 protrahentibus.
3551 2968 3788 3040 Verum

496 3070 671 3143 infra
728 3074 1224 3145 revolutionem
1278 3073 1581 3145 sedecim
1661 3074 1947 3158 dierum,
2029 3072 2329 3145 Sabatho
2385 3073 2710 3145 videlicet
2770 3077 3085 3168 proximo
3166 3084 3324 3146 ante
3375 3072 3787 3144 Dominicam

499 3173 969 3249 Reminiscere
1005 3180 1317 3270 proxime
1361 3180 1754 3271 praeterito,
1790 3176 2053 3249 Nobilis
2100 3176 2576 3269 Sigismundus
2611 3176 3016 3268 Domjanich
3065 3183 3131 3248 in
3167 3199 3462 3273 persona
3519 3175 3788 3268 Egregii

418 3356 423 3360 ,
503 3277 887 3351 Sebastiani
943 3279 1353 3374 Suppanich,
1425 3281 1648 3375 quoad
1692 3284 2075 3376 portionem
2151 3280 2455 3353 eiusdem
2527 3279 2909 3376 ubicunque
2961 3284 3027 3352 in
3084 3282 3521 3375 praeallegtis
3593 3280 3788 3351 Bonis

496 3382 820 3471 habitam,
872 3388 1030 3456 item
1069 3382 1243 3455 feria
1280 3393 1478 3457 sexta
1515 3389 1823 3479 proxima
1858 3395 2017 3457 aute
2052 3383 2475 3456 Dominicam
2515 3383 2709 3456 Oculi
2746 3388 3058 3478 proxime
3095 3389 3529 3479 praeteritam
3566 3383 3788 3476 Egre-

496 3490 651 3578 gius
708 3487 1115 3560 Franciscus
1141 3483 1631 3583 Modossoczy,
1686 3488 2166 3561 vice-Comes
2224 3486 2594 3559 Comitatus
2621 3485 3130 3581 ZagrabiensiS.
3172 3492 3238 3560 in
3278 3491 3596 3586 personis
3650 3487 3787 3558 Ge-
3893 3499 3894 3502 ’

501 3589 801 3662 neros‘ae
869 3591 1202 3664 Dominae
1257 3591 1637 3666 christinae
1682 3590 2229 3686 Folnogyevich‚
2286 3589 2642 3665 consortis
2696 3614 2890 3682 suae,
2945 3592 3124 3663 filiae
3175 3614 3347 3664 vero
3400 3591 3792 3665 Generosae

498 3695 838 3788 quondam
888 3695 1227 3768 Dominae
1278 3695 1527 3767 Annae
1562 3693 1795 3768 Bosak
1847 3706 1918 3766 et
1966 3694 2264 3766 Mathiae
2315 3693 2730 3780 Levachich‚
2783 3694 3140 3768 Michaelis
3194 3696 3410 3768 Arras
3461 3699 3790 3789 totiusque

500 3797 800 3870 familiae
839 3798 1102 3881 Bosak,
1155 3799 1377 3894 quoad
1417 3799 1606 3871 Bona
1660 3803 1959 3893 ipsorum
2016 3803 2083 3870 in
2120 3798 2424 3892 praefata
2480 3799 2939 3873 Possessione
2990 3800 3330 3886 Kohiline,
3382 3821 3566 3894 quae
3600 3809 3791 3870 ante-

500 3901 674 3972 latus
727 3900 1019 3974 Michael
1074 3901 1401 3975 Chochak
1456 3902 1540 3974 ab
1596 3902 1858 3975 eisdem
1930 3912 2353 3997 protestante
2422 3905 2612 3975 titulo
2682 3907 2988 3998 pignoris
3052 3903 3482 3999 possideret3
3558 3901 3792 3976 deinde

494 4004 668 4078 teria
719 4016 954 4100 quarta
1006 4011 1317 4102 proxima
1372 4016 1528 4102 post
1578 4018 1994 4101 praetactam
2046 4006 2471 4078 Dominicam
2528 4006 2722 4079 Oculi
2784 4011 3094 4102 proxime
3160 4011 3596 4102 praeteritam
3648 4006 3791 4077 No-

494 4106 650 4181 bilis
691 4108 1013 4182 Nicolaus
1049 4109 1288 4182 Zenko
1335 4114 1403 4182 in
1439 4133 1734 4205 persona
1788 4108 2049 4183 Nobilis
2085 4110 2420 4183 Dominae
2475 4110 2764 4184 Ursulae
2802 4110 3282 4206 Skropilovich
3337 4111 3534 4183 aliter
3581 4110 3791 4203 Nagy,

494 4209 859 4286 Consortis
909 4212 1170 4288 Nobilis
1210 4213 1489 4308 Georgii
1524 4214 1817 4302 Kasnar„
1872 4214 2097 4308 quoad
2151 4218 2532 4309 portionem
2589 4236 2779 4288 suam
2816 4219 2884 4286 in
2921 4215 3224 4310 praefata
3288 4215 3612 4302 Kolarcz‚
3665 4236 3791 4285 no-

446 4327 453 4334 ’
496 4327 711 4388 stram
766 4321 1127 4391 venientes
1181 4323 1246 4390 in
1303 4323 1784 4413 praesentiam,
1838 4322 2263 4414 praemissae
2317 4317 2800 4392 Introductioni
2856 4329 2924 4392 et
2977 4319 3336 4391 Statutioni
3392 4317 3794 4392 Contradic-

496 4424 708 4495 tionis
760 4422 1105 4495 velamine
1158 4422 1544 4511 obviarunt,
1600 4444 1886 4518 eamque
1937 4422 2387 4495 inhibuerunt.
2459 4419 2816 4517 Ob'quam
2871 4423 3139 4519 quidem
3194 4421 3789 4494 Contradictoriam

494 4523 971 4599 {nhffiitionem
1069 4526 1217 4599 Nos
1278 4526 1517 4600 diebus
1588 4529 2062 4621 suprascriptis
2140 4526 2480 4598 antelatos
2557 4522 3030 4600 Sebastianum
3111 4525 3499 4622 Suppanioh
3581 4524 3792 4598 medie

494 4630 663 4701 dicti
694 4629 1114 4722 sigismundi
1149 4630 1579 4723 Domjanich.
1636 4628 2040 4704 christinam
2075 4628 2622 4726 Folnogyevich‚
2665 4628 2984 4703 Euthiam
3019 4630 3434 4719 Levachich‚
3488 4629 3791 4702 Michae-

494 4734 641 4806 lem
683 4734 899 4808 Amas
953 4743 1297 4829 totamque
1350 4733 1669 4806 familiam
1721 4733 1955 4807 Bosak
2008 4732 2234 4807 medio
2288 4732 2577 4829 praefati
2629 4723 2980 4809 Francisci
3032 4731 3486 4831 Modosoczy„
3539 4744 3614 4806 et
3662 4732 3790 4805 Ur-

488 4837 719 4911 ‘sulam
773 4837 1276 4935 Skropylovich
1329 4839 1527 4916 aliter
1575 4836 1784 4934 Nagy
1832 4838 2060 4910 medio
2108 4836 2396 4933 praefati
2443 4836 2720 4911 Nicolai‘
2760 4837 2998 4912 Zenko
3065 4842 3514 4912 evocavimus
3568 4846 3786 4909 contra

490 4952 861 5017 annotatas
912 4964 1251 5037 personas
1302 4944 1370 5014 in
1425 4943 1663 5017 sedem
1717 4936 2069 5031 Eandem,
2121 4941 2420 5015 Vestrae
2481 4942 2746 5015 scilicet
2798 4942 3204 5038 Spectabilis
3259 4966 3343 5014 ac
3394 4939 3788 5035 magnificae

493 5046 994 5121 nominationis
1047 5050 1114 5122 iu
1167 5049 1650 5141 praesentiam,
1720 5046 1806 5118 ad
1861 5046 2196 5119 decimum
2268 5050 2567 5141 quintum
2639 5038 2818 5119 diem
2871 5045 3007 5120 diei
3059 5046 3440 5121 huiusmodi
3513 5045 3782 5119 Evoca-

492 5153 727 5240 tionis,
776 5154 1109 5224 rationem
1163 5148 1729 5224 Contradictionis
1782 5171 2034 5222 eorum·
2071 5149 2457 5223 reddituros
2511 5149 2884 5246 efficacem.
2964 5146 3054 5223 Et
3113 5154 3217 5224 sic
3267 5149 3416 5224 Nos
3470 5144 3780 5222 eiusmodi

492 5251 801 5335 ,Nostrae
848 5253 1335 5328 Executionisae
1366 5258 1617 5342 seriem
1672 5254 1872 5330 simul
1922 5249 2074 5326 cum
2130 5252 2716 5328 Contradictorum
2772 5265 2852 5327 et·
2890 5254 3355 5329 Evocatorum
3425 5257 3783 5328 vicinorum
