3950 5917
3291 433 3451 528 88¹?

22 665 23 678 ¹
119 659 587 749 executione3
657 655 1124 733 metimus
1192 675 1368 731 vero
1419 655 1695 731 Vestris
1740 675 1865 752 pro
1917 658 2318 754 praeattacti
2377 651 2667 751 Benigni
2739 654 3202 756 Suspensorij·
3234 653 3448 748 Man-

22 769 23 774 '
120 762 266 836 dati
332 759 553 836 nostri
607 759 1064 850 relaxatione,
1146 759 1461 857 adeoque
1539 760 1903 834 inchoatae
1981 758 2430 833 Executionis
2509 760 2851 846 ulterioris
2917 759 3448 860 continuationis

126 864 559 940 admissione
633 885 959 966 perquam
1033 863 1337 939 demisse
1380 862 1961 961 supplicantibus,
2038 861 2260 935 habita
2332 863 2420 936 ad
2488 861 3013 961 praeadductam
3091 861 3447 966 piissimae

121 969 507 1042 memoriae
580 967 925 1044 Genitoris
1004 965 1298 1040 condam
1362 967 1582 1040 nostri
1651 965 2215 1040 desideratissimi
2286 968 2469 1039 circa
2541 965 2922 1044 istiusmodi
2996 965 3443 1060 differentias,

20 1067 21 1126 ἑ
128 1071 339 1144 modo
412 1073 699 1168 praevio
771 1069 1161 1166 expeditam
1217 1066 1907 1164 Caesareo-Regiam
1979 1067 2499 1143 Resolutionem
2552 1069 2847 1165 benigna
2908 1069 3318 1163 reflexione,
3371 1077 3442 1147 in

125 1172 610 1248 conformitate
685 1169 1015 1248 Eiusdem
1097 1171 1474 1246 ciementer
1560 1171 2053 1260 ordinavimus,
2134 1181 2206 1244 nt
2278 1171 2403 1245 sub
2472 1170 2826 1246 Praesidio
2895 1173 3153 1252 Fidelis
3223 1175 3443 1248 nostri

124 1281 403 1350 sincere
455 1276 710 1366 dilecti,
781 1273 1204 1364 Reverendi,
1269 1273 1676 1372 Spectabilis
1747 1277 1814 1348 Φ
1864 1271 2210 1369 magnifici
2266 1273 2549 1350 Comitis
2619 1273 2918 1350 Emerici
2987 1273 3440 1375 Eszterbazy,

121 1373 475 1476 Episcopi·
509 1376 995 1471 Zagrabiensis
1051 1383 1119 1451 ὡ
1165 1376 1480 1451 Actualis
1526 1377 1747 1451 Intimi
1801 1374 2187 1469 consiliat-ij
2262 1381 2504 1467 nostri,
2577 1399 2730 1451 cum
2802 1383 3188 1453 interventu
3263 1377 3441 1455 snb-

124 1485 558 1578 sequentium
610 1480 1070 1554 membrorum
1146 1501 1239 1554 ex
1293 1479 1582 1553 Camera
1654 1490 1888 1554 nostra
1962 1479 2210 1553 Aulica
2282 1483 2347 1553 ὼ
2417 1478 2842 1554 cancellaria
2912 1493 3144 1555 nostra
3214 1481 3439 1577 Regio

119 1579 519 1678 nungarica
575 1589 829 1680 pariter
879 1585 1151 1674 Aulica,
1206 1605 1332 1679 pro
1389 1582 1897 1675 commissarijs
1943 1604 2069 1678 per
2118 1582 2551 1675 Majestatem
2602 1596 2903 1657 nostram
2960 1591 3440 1661 nominetenus

124 1687 628 1786 deputatorum,
699 1686 1031 1761 Fidelium
1105 1690 1350 1783 quippe
1428 1697 1857 1770 nostrorum,
1928 1685 2282 1759 Francisci
2349 1683 2633 1784 Josephi
2713 1711 2752 1759 a
2823 1683 3078 1784 Kraph,
3148 1685 3437 1763 loannis

122 1787 476 1864 Theodori
528 1814 567 1862 a
622 1785 1203 1884 Weissenbergh,
1282 1788 1578 1863 Ladislai
1628 1787 1998 1885 Hunyady,
2066 1787 2354 1862 ,loannis
2406 1789 2756 1863 Francisci
2828 1789 3130 1888 Peterffy
3184 1795 3249 1865 ὦ
3299 1793 3438 1866 Jo—

18 1909 19 1912 ’
123 1893 322 1989 sephi
373 1893 636 1978 Keller,
689 1897 1072 1989 praemisso
1126 1895 1195 1965 in
1248 1897 1558 1987 negotio,
1612 1901 1840 1964 certus
1894 1890 2410 1965 authoritativus
2465 1889 2901 1987 Congressus
2958 1893 3154 1968 isthic
3206 1893 3437 1967 Vien-

124 2019 260 2068 nae
315 2006 742 2094 quantocyus
797 2018 885 2068 eo
940 1995 1075 2068 fine
1128 1999 1549 2096 instituatur3
1630 2017 1763 2090 quo
1819 1993 2063 2067 auditis
2114 1995 2317 2090 plene
2371 2019 2454 2066 ac
2517 1999 2873 2091 perpensis
2926 2002 2994 2070 de
3042 1998 3436 2093 ponderatis

120 2102 475 2196 utriusque
528 2097 748 2172 Partis
800 2098 1253 2173 fundamentis
1308 2104 1374 2171 dc
1426 2096 1825 2186 rationibus,
1895 2096 2406 2192 praedeclarata
2464 2098 2868 2190 differentia,
2941 2111 3055 2173 aut
3101 2100 3439 2175 amicabili

124 2206 561 2297 unanimique
635 2203 1164 2295 cointelligentia
1236 2202 1323 2273 de
1386 2223 1608 2296 aequo
1661 2203 1726 2273 tt
1778 2199 1963 2272 bono
2034 2201 2524 2296 complanetur,
2597 2211 2712 2274 ant
2749 2207 3016 2275 ‘tentata
3087 2207 3433 2277 incassum

126 2304 476 2377 modofata
532 2303 893 2377 Amicabili
968 2307 1493 2400 compositione,
1573 2313 1752 2377 totns
1805 2306 1907 2376 rei
1963 2302 2194 2375 Status
2246 2302 2590 2396 Majestati
2644 2315 2925 2380 nostrae
2979 2306 3065 2379 ad
3100 2303 3435 2379 Clemen-

117 2411 455 2479 tissimam
551 2407 1067 2481 Resolutionem
1139 2411 1205 2480 dc
1271 2405 1712 2481 Decisionem
1801 2405 2103 2480 nostram
2194 2429 2391 2501 quam
2484 2405 2976 2483 demississime
3068 2408 3429 2482 referatur.

118 2510 305 2581 num
355 2514 560 2604 igitur
610 2514 1118 2607 praerecensita
1166 2511 1410 2582 Aulica
1449 2507 1860 2583 commissio
1913 2520 2148 2581 nostra
2202 2509 2444 2582 Partes
2471 2514 2538 2584 in
2566 2515 2963 2606 praemissis
3017 2511 3433 2586 dissidentes

118 2635 246 2708 per
288 2611 708 2686 sufficienter
741 2623 1026 2687 eatenus
1068 2617 1431 2686 instructos
1468 2612 2105 2708 Plenipotentiarios
2162 2617 2655 2708 compat-ituros
2712 2618 2776 2686 in
2812 2618 3268 2712 praesentiam
3320 2620 3425 2688 sni

119 2719 431 2805 citasset,
512 2741 596 2789 ac
645 2727 881 2790 contra
963 2718 1277 2805 eaedem,
1360 2738 1450 2788 ex
1503 2726 1694 2811 parte
1776 2715 2043 2810 quidem
2124 2721 2587 2811 praescriptae
2671 2716 3003 2790 Gamerae
3081 2718 3431 2792 interioris

116 2822 472 2902 Austriae,
550 2819 804 2893 Fidelis
876 2829 1114 2893 noster
1182 2818 1590 2915 Spectabilis
1671 2821 1736 2920 tt
1785 2816 2190 2913 Magnificus
2272 2817 2524 2893 Comes
2593 2817 2930 2893 Adelmus
2993 2822 3334 2895 Antonius
3390 2846 3430 2892 a

116 2923 357 3000 Petaz,
414 2921 846 2995 Camerarius
901 2922 1155 2995 Noster
1206 2926 1270 2995 dc
1321 2922 1664 2995 Bonorum
1743 2931 2132 2995 nostrorum
2201 2922 2714 2997 Bucariensium
2771 2922 3204 3021 capitaneus,
3279 2949 3430 2997 cum

113 3025 789 3119 Plenipotentialibus
847 3025 1180 3099 Gamerae
1236 3035 1514 3098 nostrae
1562 3026 1852 3098 Aulicae
1903 3025 2175 3098 Literis.
2230 3026 2340 3097 die
2399 3026 2516 3098 18.
2570 3025 2833 3101 Mensis
2884 3027 3188 3121 Januarij
3248 3029 3430 3100 Anni

117 3133 455 3201 currentis
512 3129 877 3222 expeditis,
947 3128 1241 3201 Nomine
1293 3139 1518 3202 autem
1570 3127 1998 3201 Fidelitatum
2055 3128 2480 3216 vestrarum,
2550 3129 2802 3202 Fidelis
2872 3135 3128 3226 pariter
3197 3144 3435 3204 noster

114 3230 461 3326 Egregius
518 3232 824 3305 Adamus
876 3231 1174 3327 Oresky,
1257 3230 1629 3303 Comitatus
1683 3229 2170 3323 Zagrabiensis
2224 3230 2729 3322 vice—Comes,
2809 3254 3025 3328 penes
3095 3232 3433 3305 Fidelita-

112 3345 254 3405 tum
309 3333 708 3407 vestrarum
759 3335 1356 3430 Plenipotentiales
1412 3355 1507 3405 ex
1560 3331 1879 3406 Generali
1950 3332 2321 3406 earundem
2393 3334 2978 3429 congregatione,
3047 3333 3431 3426 Zagrabiae
3574 3355 3581 3363 ·

111 3438 186 3508 4.
271 3448 338 3509 et
419 3438 858 3533 sequentibus
953 3436 1214 3510 Mensis
1299 3435 1702 3510 Decembris
1780 3433 2024 3508 diebus
2101 3435 2286 3509 Anni
2372 3440 2719 3532 praeteriti
2799 3436 3001 3511 1719
3083 3434 3429 3509 celebrata

112 3540 475 3635 expeditas
565 3544 1156 3636 comparuissent3
1227 3540 1555 3613 modofati
1623 3539 2200 3635 Plenipotentiarij
2282 3541 2351 3611 iu
2439 3539 2736 3614 diversis
2824 3550 3110 3616 eatenus
3182 3538 3429 3624 habitis

110 3643 646 3737 Congressibus,
728 3644 815 3716 ad
888 3644 1203 3718 effectum
1285 3644 1774 3741 exoperandae
1854 3645 2036 3714 circa
2115 3644 2492 3739 praemissa
2572 3641 2971 3717 Amicabilis
3053 3640 3427 3738 Composi-

110 3751 345 3834 tionis,
400 3747 848 3821 deductiones
903 3747 1083 3821 Suas
1136 3769 1261 3844 pro
1315 3752 1381 3819 dc
1433 3757 1669 3820 contra
1723 3745 2157 3835 exhibentes,
2230 3745 2500 3820 tandem
2555 3767 2764 3842 super
2814 3768 2931 3833 eo,
2985 3745 3427 3840 qualiternam

109 3850 515 3922 Transactio
572 3851 777 3923 modo
830 3856 1115 3946 praevio
1170 3854 1236 3922 in
1292 3850 1498 3921 Anno
1557 3848 1757 3921 1695
1810 3852 1975 3921 inita
2048 3851 2213 3943 (per
2265 3852 2459 3941 cujus
2512 3845 2837 3923 videlicet
2886 3848 3216 3922 Punctum
3271 3847 3428 3922 Nu-

112 3975 309 4025 mero
365 3954 737 4026 secundum
795 3953 1145 4049 saepefata
1199 3953 1547 4026 interioris
1606 3951 1924 4024 Austriae
1979 3949 2267 4024 Camera
2322 3962 2555 4025 nostra
2612 3974 2692 4024 se
2744 3955 3019 4025 nimium
3072 3963 3430 4048 gravatam

104 4055 330 4129 fuisse
402 4056 896 4150 querularetur,
967 4056 1358 4129 Fidelitates
1429 4065 1654 4127 autem
1726 4053 2024 4128 Vestrae
2097 4059 2277 4127 circa
2351 4056 2480 4128 alia
2552 4055 2881 4148 Ejusdem
2951 4055 3208 4128 Puncta
3265 4078 3430 4129 suas

106 4158 512 4234 habuissent
580 4160 1171 4233 considerationes
1226 4169 1294 4231 et
1347 4157 1824 4250 reflectiones)
1900 4157 2349 4233 modificanda
2423 4170 2637 4249 esset,
2717 4159 2924 4252 ijdem
2978 4157 3434 4254 Plenipoten-

102 4265 314 4356 tiarij,
371 4274 441 4335 et
490 4263 758 4359 quidem
814 4260 1189 4336 Cameralis
1243 4262 1634 4334 modalitate
1689 4259 1814 4334 sub
1867 4261 2089 4334 Litera
2140 4262 2226 4334 A.
2283 4262 2753 4360 praesentibus
2809 4283 3107 4351 annexa,
3161 4262 3432 4336 Fideli-

102 4377 318 4438 tatnm
375 4365 778 4440 vestrarum
831 4376 1085 4454 autem,
1157 4371 1251 4438 uti
1332 4364 1456 4437 sub
1526 4364 1773 4437 Littera
1828 4364 1904 4436 B.
1978 4366 2476 4454 accluderetur,
2539 4363 2831 4438 finaliter
2884 4388 3047 4438 sese
3102 4365 3430 4438 declara-
3564 4389 3572 4396 ·

100 4480 281 4541 runt.
391 4469 647 4555 Quibus
702 4470 786 4542 ad
840 4473 1138 4542 invicem
1196 4469 1596 4543 combinatis
1649 4477 2065 4564 compertum
2119 4468 2389 4559 fuisset,
2443 4468 2665 4565 quoad
2720 4470 3044 4542 Punctum

420 4571 820 4646 Primum.
929 4571 1195 4644 Nullam
1268 4593 1636 4667 superesse
1690 4570 2179 4654 difficultatem,
2252 4595 2345 4644 ex
2399 4595 2531 4669 quo
2605 4577 2669 4644 in
2746 4572 2988 4646 eadem
3063 4571 3283 4646 forma
3340 4569 3427 4643 ab

104 4686 396 4770 utraque
448 4675 651 4749 Parte
704 4679 1152 4772 projectamm
1208 4674 1597 4760 haberetur,
1652 4698 1785 4770 quo
1841 4697 2017 4748 vero
2072 4674 2159 4748 ad

420 4778 953 4852 Secundum.
1078 4779 1471 4852 Fidelitates
1562 4777 1851 4851 Vestras
1933 4802 2017 4851 ac
2099 4788 2543 4853 memoratam
2633 4777 2993 4852 Cameram
3073 4776 3428 4851 interioris

103 4883 433 4956 Austriae
484 4885 553 4954 in
609 4905 697 4957 eo
752 4885 1197 4972 convenisse,
1278 4890 1349 4953 ut
1396 4881 1956 4977 praespecificata
2014 4880 2203 4954 Bona
2259 4880 2345 4953 ab
2418 4879 2780 4975 ordinarijs
2834 4879 3188 4978 quibusvis
3245 4901 3431 4953 one-

97 4985 290 5059 ribus
348 4983 675 5083 deinceps
731 5008 1000 5083 quoque
1056 4995 1373 5081 exempta
1430 4988 1561 5056 sint
1614 4987 1679 5055 dc
1728 4986 2075 5071 immunia,
2136 4988 2201 5057 in
2257 4990 2835 5082 supportationem
2890 5005 3066 5058 vero
3106 5005 3430 5058 commu-

100 5093 285 5163 nium
342 5096 408 5163 dc
461 5088 1173 5163 Extraordinariorum
1207 5087 1430 5182 Regni
1487 5109 1795 5174 onerum,
1850 5095 1923 5159 ut
1975 5096 2132 5159 sunt
2158 5091 2431 5182 gratuiti
2464 5088 2796 5175 Labores,
2853 5107 3193 5161 novorum
3231 5084 3430 5160 Gon·-

102 5189 418 5267 finiorum
491 5192 737 5265 Annua
801 5190 1152 5284 Exolutio,
1224 5189 1725 5263 Praesidiorum
1798 5188 2168 5286 Reparatio
2241 5201 2312 5264 et
2361 5191 2807 5283 Fortificatio,
2876 5199 3188 5287 tempore
3256 5188 3430 5262 Belli

98 5293 383 5369 Militum
459 5307 527 5368 et
581 5297 994 5370 Salariorum
1051 5298 1303 5386 auctio,
1355 5281 1900 5383 Tormentorum,
1985 5298 2296 5367 omnium·
2352 5295 2643 5392 denique
2696 5297 3252 5369 necessariorum
3302 5313 3434 5388 pro

100 5398 441 5492 ContiniJS
512 5404 577 5472 d·
645 5399 1042 5493 Praesidijs,
1114 5421 1238 5495 pro
1313 5399 1811 5471 circumstantia
1859 5401 2188 5494 temporis
2260 5403 2750 5494 emergentium
2806 5397 3433 5575 &432currentinn
