3950 5917
3382 399 3491 509 3'3

110 659 221 715 eo
298 642 596 714 viuente
678 650 1046 731 coronato,
1115 635 1254 712 hoc
1324 646 1551 711 actum
1622 647 1751 714 est.
1856 636 2196 726 Quoniam
2264 637 2631 733 pastoralis
2704 635 2911 710 officii
2981 633 3173 729 c'ura,
3245 635 3496 734 quibus

120 744 589 840 spiritualium
640 765 879 816 rerum
934 764 1200 819 summa
1254 744 1716 832 committitur,
1758 737 2098 814 'admonet
2145 744 2545 832 vniuersos,
2598 762 2684 811 ac
2736 750 3020 835 paterna
3101 742 3490 816 sollicitudo

127 849 403 934 infitat,
463 855 547 919 vt
602 845 936 941 gregibus
1008 843 1141 921 sibi
1211 843 1492 918 creditis
1543 848 1636 918 ita
1692 847 1979 941 quisque
2048 843 2440 940 prouideat,
2514 842 2697 939 quod
2767 842 3074 939 luporum
3146 845 3497 920 morsibus

127 971 271 1022 non
318 958 721 1045 exponatur
767 953 1087 1038 incaute3
1139 957 1212 1021 et
1261 969 1354 1020 ne
1403 950 1787 1041 incongrua
1841 945 2199 1020 abutentes
2253 947 2529 1018 licentia
2581 949 2878 1020 terrenis
2933 947 3315 1022 commodis
3367 952 3497 1022 in-

123 1051 325 1124 hiare
378 1050 802 1141 videantur3
873 1060 945 1124 et
995 1072 1086 1124 ne
1139 1052 1518 1124 animarum
1577 1050 1769 1123 lucra
1826 1054 2161 1139 omittant,
2234 1048 2600 1143 diligenter
2649 1051 3017 1143 inquirere.
3122 1048 3290 1125 Ideo
3348 1045 3492 1147 ego

124 1153 201 1226 P.
258 1153 605 1247 (reu-us)
659 1154 891 1228 diuina
942 1152 1223 1227 fauente
1277 1157 1525 1247 gratia,
1598 1151 1995 1248 Spalatinae
2050 1152 2240 1226 sedis
2295 1150 2885 1248 archiepiscopus,
2955 1151 3206 1229 videns
3277 1156 3488 1228 multa

128 1260 453 1331 enormia
510 1279 639 1353 per
672 1266 980 1331 nostrum
1036 1256 1702 1351 archiepiscopatum
1756 1258 2158 1344 emersisse,
2205 1255 2754 1351 multiplicesque
2809 1254 3230 1330 subditorum
3277 1280 3498 1332 erro-

126 1381 247 1433 res
302 1359 773 1434 considerans
827 1364 1135 1454 grauiter
1178 1359 1542 1455 pullulare,
1611 1366 1686 1431 ut
1738 1358 2015 1432 domino
2076 1358 2483 1455 prouidente
2550 1358 2962 1434 excessibus
3024 1364 3227 1435 tantis
3277 1360 3490 1436 finem

124 1484 530 1556 congruum
580 1466 969 1558 imponere,
1041 1471 1244 1559 atque
1315 1459 1726 1537 salutaribus
1797 1464 2073 1535 monitis
2143 1461 2500 1534 audientes
2570 1483 2854 1557 possem
2921 1461 3323 1556 informare,
3398 1464 3492 1538 de

124 1563 463 1639 nudato
522 1575 594 1638 et
644 1567 1002 1639 voluntate
1054 1567 1301 1638 summi
1344 1562 1715 1661 pontificis,
1765 1567 1838 1636 in
1876 1574 2116 1638 nostra
2171 1563 2562 1660 Spalatensi
2614 1567 2916 1659 ciuitate,
2972 1589 3127 1639 cum
3167 1565 3491 1640 omnibus

129 1667 633 1763 anfi-aganeis,
698 1677 772 1740 et
824 1665 1208 1760 abbatibus,
1277 1690 1413 1741 nec
1461 1690 1603 1741 non
1674 1666 2085 1740 clericorum
2156 1670 2382 1763 copia,
2452 1668 2854 1759 generalem
2924 1665 3306 1766 Synodum,
3360 1673 3488 1743 in-

128 1780 387 1845 uncata
441 1771 525 1845 S.
579 1768 871 1867 Spiritus
920 1773 1165 1865 gratia,
1218 1768 1549 1844 Kalendis
1599 1769 1767 1862 maji
1822 1769 2343 1844 celebrauimus.
2448 1768 2586 1842 Vbi
2635 1792 2812 1844 vero
2868 1772 3139 1845 anath
3162 1777 3495 1847 emati-

133 1877 563 1948 aauimus
618 1896 929 1949 omnes
999 1882 1318 1948 sectas
1367 1873 2097 1963 haereticorum,
2168 1882 2534 1945 eteorum
2589 1873 2990 1970 complices,
3056 1886 3294 1949 contra
3351 1898 3485 1951 sa-

134 1986 586 2051 cmsanctam
629 1975 1010 2050 Romanam
1063 1975 1453 2050 Ecclesiam
1509 1984 1580 2048 et
1629 1979 1779 2049 eius
1834 1974 2211 2049 doctrinam
2267 1972 2712 2065 oblatrantes,
2769 1985 2839 2049 et
2882 1998 3123 2052 omnes
3177 1977 3484 2052 indebite

135 2081 609 2152 ecclesiastici
658 2079 870 2153 officii
917 2077 1435 2170 verberatores,
1488 2088 1558 2152 et
1609 2077 2055 2168 decimarum,
2136 2077 2606 2173 redituumque
2660 2080 3293 2156 ecclesiasticorum
3345 2104 3481 2155 ra-

134 2192 398 2278 ptores,
454 2186 855 2272 inuasores,
902 2205 985 2254 ac
1036 2183 1271 2255 illicite
1324 2190 1739 2272 retentores,
1792 2185 1927 2256 nisi
1970 2181 2175 2276 digna
2231 2181 2696 2255 satisfecerint
2748 2181 3242 2259 satisfactione.
3341 2184 3484 2257 Vbi

130 2295 195 2357 et
226 2289 631 2373 statuimus,
684 2296 766 2358 vt
813 2307 1055 2357 omnes
1103 2287 1511 2359 vsualitates
1565 2289 1907 2380 antiquae,
1963 2307 2133 2381 quas
2184 2283 2507 2359 Ecclesia
2562 2283 2634 2356 S.
2671 2284 2947 2357 Domnii
2998 2286 3353 2378 habuerat,
3411 2297 3506 2361 et‘

134 2388 654 2462 iurisdictiones
704 2397 844 2460 tam
898 2391 969 2462 in
1021 2392 1419 2484 episcopos,
1497 2410 1699 2484 quam
1750 2391 1822 2461 in
1875 2389 2080 2461 alium
2151 2389 2413 2461 clerum
2476 2389 2963 2484 praecipiendo
3036 2389 3109 2462 S.
3164 2391 3249 2465 D.
3304 2393 3481 2482 (se-

138 2490 427 2564 eundum
484 2490 756 2583 Deum)
810 2490 1107 2565 habeant
1156 2493 1655 2581 auctoritatem,
1712 2501 1783 2563 et
1817 2491 1998 2588 quod
2043 2494 2387 2565 neminem
2429 2490 2517 2563 ad
2553 2490 2863 2563 ordinem
2917 2492 3479 2589 archiepiscopus

136 2603 575 2688 promoueat,
628 2596 765 2667 nisi
814 2615 942 2689 per
993 2593 1575 2684 archidiaconum,
1643 2603 1758 2665 aut
1808 2616 1934 2690 per
1987 2593 2380 2668 Canonicos
2452 2592 2525 2667 S.
2572 2594 2850 2667 Domnii
2919 2607 3479 2691 praesentatum3

137 2700 303 2769 sieut
354 2701 433 2770 ιιι
492 2698 634 2770 alio
683 2697 1071 2792 priuilegio,
1125 2697 1308 2792 quod
1362 2692 1729 2769 canonicis
1783 2718 1993 2793 super
2044 2700 2334 2792 antiquis
2387 2696 2864 2770 vsualitatibus
2936 2699 3293 2773 seruandis
3350 2700 3478 2772 fe-

130 2803 344 2872 cimus
412 2800 696 2894 planum
768 2806 840 2871 et
910 2822 1339 2896 expressum.
1446 2800 1860 2874 Instituimus
1931 2803 2174 2890 etiam,
2261 2810 2339 2873 vt
2408 2798 2703 2871 officium
2776 2800 2853 2872 B.
2924 2800 3185 2875 Mariae
3237 2803 3324 2874 V.
3399 2805 3512 2880 ιιι,

135 2902 448 2975 omnibus
525 2903 851 2976 ecclesiis
921 2923 1046 2998 per
1113 2913 1420 2976 nostram
1494 2901 1867 2977 diaecesim
1940 2905 2123 2976 omni
2197 2902 2308 2975 die
2364 2913 2691 2976 cantetur.
2799 2903 3196 2984 Praeterea..
3269 2928 3473 3002 quum

130 3003 519 3077 Parochiae
592 3005 1200 3098 Suffraganeorum
1269 3015 1663 3079 nostrorum
1733 3005 1823 3078 ad
1886 3028 1966 3080 se
2032 3007 2326 3078 inuicem
2400 3017 2639 3079 essent
2709 3007 3069 3098 confusae,
3143 3019 3214 3081 et
3267 3012 3482 3082 certis

134 3106 454 3180 limitibus
510 3130 941 3203 nequaquam
1014 3108 1401 3198 distinctae,
1473 3119 1546 3182 et
1594 3109 1797 3182 nullis
1843 3110 2219 3205 priuilegiis
2287 3113 2770 3200 communitae,
2849 3115 2941 3182 ita
2990 3121 3068 3184 vt
3113 3116 3244 3208 ipsi
3297 3112 3479 3208 Epi-

134 3215 325 3307 scopi
394 3215 476 3284 in
530 3232 844 3285 errorem
915 3222 987 3285 et
1049 3215 1592 3286 controuersiam
1665 3234 1878 3308 saepe
1947 3211 2475 3300 inducerentur3
2542 3214 2797 3308 placuit
2864 3212 3062 3287 nobis
3135 3215 3480 3307 omnibus,

132 3322 553 3387 memoratas
615 3314 981 3410 parochias
1035 3315 1262 3388 taliter
1312 3315 1761 3408 distinguere,
1832 3317 1919 3387 ac
1969 3316 2345 3411 priuilegiis
2395 3319 2843 3404 communire,
2916 3326 2994 3390 vt
3046 3317 3133 3389 de
3189 3328 3476 3390 caetero

136 3421 614 3512 vnusquisque
684 3420 1168 3513 episcoporum
1239 3418 1571 3491 attributis
1646 3418 1773 3492 sibi
1825 3418 2170 3514 parochiis
2226 3428 2296 3488 et
2347 3419 2722 3513 priuilegiis
2794 3419 3115 3512 gaudeat,
3190 3431 3260 3492 et
3313 3422 3480 3493 nulli

134 3542 430 3616 *nquam
488 3519 775 3592 flauum
831 3542 1108 3594 suorum
1163 3524 1636 3616 quaestionem
1691 3521 1945 3594 exinde
2001 3543 2284 3594 mouere
2339 3531 2749 3615 praesumat.
2811 3521 3198 3598 Definimus
3241 3526 3479 3619 itaque

128 3627 270 3717 pari
338 3633 552 3713 voto,
624 3633 697 3694 et
764 3627 1107 3697 communi
1171 3625 1526 3698 voluntate
1597 3625 1997 3697 eorumdem
2072 3623 2719 3718 Suffraganeorum,
2791 3634 2867 3698 vt
2935 3626 3023 3698 A.
3079 3627 3470 3725 Episcopus

134 3725 565 3821 spalatensis
621 3725 749 3799 has
802 3725 1054 3800 habeat
1110 3727 1518 3823 parochias:
1593 3724 2027 3818 Glissam,
2099 3726 2409 3817 Scale,
2484 3726 2913 3817 Sminam,
2988 3727 3476 3819 Cettinam,

142 3838 347 3901 totam
407 3828 884 3921 Clennam,
937 3839 1149 3903 totum
1199 3829 1721 3919 Massaron,
1776 3840 1847 3902 et
1897 3839 2110 3903 totum
2163 3831 2325 3903 Pol
2379 3830 2624 3922 (hodie
2661 3831 3049 3926 Polizzam)
3104 3857 3329 3928 vsque
3384 3833 3476 3905 ad

138 3930 478 4022 trullam,
551 3941 623 4004 et
672 3931 1062 4029 Vbicunque
1134 3944 1289 4007 sunt
1340 3944 1569 4006 terrae
1633 3932 1705 4005 S.
1760 3933 2062 4021 Domnii,
2133 3932 2387 4007 debent
2440 3933 2605 4007 dare
2661 3934 2966 4011 decimas
3021 3937 3092 4008 S.
3148 3937 3478 4009 Domnio.

129 4032 423 4131 Insuper
492 4032 745 4108 habeat
816 4035 941 4111 has
997 4038 1374 4112 ecclesias:
1458 4036 1531 4110 S.
1585 4034 1947 4127 Mal-tham,
2020 4034 2093 4108 S.
2145 4036 2420 4109 Petrum
2476 4036 2562 4110 de
2620 4035 2955 4128 Globuco,
3029 4038 3101 4110 S.
3154 4038 3475 4129 Mariam,

132 4137 201 4211 S.
252 4137 726 4234 Stephanum,
797 4137 871 4211 S.
925 4137 1281 4235 Moysem,
1351 4139 1425 4214 S.
1481 4139 2103 4213 Bal-tholomaeum.
2209 4138 2690 4214 Tiniensis
2761 4141 3148 4237 Episcopus
3222 4141 3478 4214 habeat

132 4241 371 4314 sedem
429 4262 628 4315 suam
698 4245 766 4314 in
821 4240 1081 4332 Tening
1152 4252 1223 4315 et
1274 4240 1524 4315 habeat
1574 4241 1701 4316 has
1752 4242 2169 4317 Parochias:
2242 4241 2486 4330 Tenin,
2561 4239 2911 4340 Campum,
2972 4242 3469 4335 Verchrezam,

131 4343 676 4436 (Verhrecam),
745 4344 931 4418 Pset.
1037 4345 1706 4439 Traguriensis
1782 4345 2168 4442 Episcopus
2247 4342 2496 4417 habeat
2574 4346 2699 4420 has
2779 4344 3192 4418 ParochiaS.
3283 4346 3473 4418 Tra-

128 4451 428 4541 gurium,
483 4446 663 4537 Drit,
717 4446 1137 4539 Sihenicum,
1210 4458 1281 4520 et
1327 4458 1538 4522 totum
1598 4446 2003 4521 Comitatum
2055 4448 2419 4542 Zagoriae.
2528 4446 3236 4521 Scardonensis
3289 4448 3479 4544 Epi—

128 4571 384 4646 scopus
441 4548 734 4622 habeat:
808 4549 1261 4641 Scardonam,
1312 4551 1583 4642 Briber,
1642 4551 2086 4646 Belgradum,
2160 4574 2314 4623 cum
2383 4561 2523 4624 tota
2578 4551 2892 4643 Sidraga.
2997 4550 3061 4623 N
3081 4557 3480 4629 onensis

120 4650 519 4750 Episcopus
590 4650 844 4726 habeat
909 4652 1205 4745 Nonam,
1276 4663 1489 4728 totam
1557 4653 1840 4747 Lucam,
1910 4666 1982 4729 et
2032 4652 2472 4727 medietatem
2542 4652 2809 4726 Licae.
2919 4654 3478 4749 Signiensis

116 4754 513 4853 Episcopus
568 4755 821 4829 habeat
871 4756 1109 4831 sedem
1164 4779 1360 4832 suam
1411 4761 1483 4831 in
1535 4758 1817 4851 Signia3
1888 4768 1957 4831 et
2011 4755 2260 4830 habeat
2328 4758 2455 4831 has
2525 4756 2940 4832 Parochias.
3015 4757 3110 4832 Si
3134 4764 3471 4852 gniam,

128 4858 525 4934 Gezcam
585 4857 975 4952 (Gackam)
1031 4869 1287 4949 totam,
1362 4869 1432 4933 et
1483 4860 1917 4935 medietatem
1971 4859 2236 4933 Licae.
2346 4858 3024 4936 Corbauiensis
3077 4862 3477 4959 Episcopus

124 4961 371 5037 babeat
431 4962 678 5036 sedem
728 4983 923 5035 suam
976 4965 1047 5035 in
1085 4960 1466 5052 Corbauia3
1521 4974 1594 5036 et
1626 4962 1877 5036 habeat
1909 4963 2038 5036 has
2071 4961 2485 5037 Parochias:
2545 4962 2980 5057 Corbauiam,
3033 4964 3470 5055 Vinodol,

122 5063 503 5157 Bassan,
544 5064 1047 5158 Nouigrad,
1084 5065 1501 5157 Presnic,
1544 5066 1785 5152 Plas,
1831 5077 1902 5139 et
1941 5065 2467 5139 Modrussam.
2520 5066 3032 5143 Pharensis
3077 5068 3476 5164 Episcopus

118 5166 363 5244 hbeat
416 5169 671 5246 sedem
726 5189 921 5242 suam
972 5171 1045 5241 in
1089 5167 1310 5258 Phar,
1366 5179 1438 5241 et
1488 5168 1737 5242 habeat
1772 5170 1899 5242 has
1935 5169 2346 5243 Parochias:
2410 5170 2616 5261 Phar,
2668 5171 3009 5260 Braciam,
3067 5181 3136 5242 et
3171 5171 3474 5261 Lissam,

122 5268 645 5363 Corceram,
690 5269 1083 5361 Lastam,
1138 5270 1624 5361 etMulcer,
1680 5283 2002 5345 ettotam
2042 5270 2485 5347 Crainam.
2539 5273 2904 5348 Ecclesiae
2948 5294 3123 5347 vero
3181 5271 3254 5347 S.
3285 5270 3466 5348 Ste-

120 5374 309 5469 pinni
376 5377 641 5472 Regis,
717 5382 791 5447 et
845 5371 1170 5470 Capellae
1239 5384 1521 5450 nostrae
1572 5380 1645 5447 ιιι
1695 5376 1961 5450 honore
2017 5375 2093 5450 S.
2144 5373 2424 5452 Ioannis
2477 5376 2993 5472 Euangelistae,
3068 5398 3272 5470 quam
3327 5399 3470 5452 nos

308 5512 465 5580 (rm
502 5510 545 5565 1.
593 5506 777 5563 rava.
814 5515 871 5562 οι
902 5505 1119 5576 men.)
2996 5478 3042 5550 5
