3950 5917
3337 386 3439 461 63

160 610 272 686 que
298 583 607 685 possidet,
662 583 980 660 omnibns
1033 584 1432 678 scientibus,
1484 584 1772 660 liberam
1825 585 2077 664 habeat
2128 587 2475 664 uendendi
2524 588 2944 681 facultatem,
2998 602 3070 666 et
3101 593 3441 670 recedens

162 691 234 764 do
277 691 425 763 villa
475 693 765 762 retineat
817 688 1151 763 eamdem.
1225 688 1599 764 Statuimus
1634 692 1887 780 eciam,
1936 699 2015 764 vt
2049 692 2510 782 sacerdotem,
2567 715 3040 791 quemcunque
3072 687 3439 786 voluerint,

164 795 219 866 in
260 815 431 866 suam
498 795 831 888 recipiant
900 794 1312 881 ecclesiam3
1393 791 1482 865 de
1536 791 1823 866 decimis
1879 815 2144 884 eorum,
2199 805 2399 890 prout
2449 818 2603 869 mos
2658 805 2767 869 est
2818 795 3221 893 hospitibus,
3273 797 3442 872 vbi-

160 916 406 990 cumque
438 894 893 986 manentibus,
944 896 1410 993 disponentes.
1474 894 1661 968 Mete
1707 905 1933 969 autem
1987 906 2324 971 terrarum
2378 898 2708 973 dictorum
2763 898 3101 996 hospitum
3153 912 3442 998 nostro-

164 1021 277 1071 mm
331 997 411 1071 de
457 997 786 1088 Zumbur,
860 1001 1034 1073 sicut
1101 1022 1228 1095 per
1293 1000 1556 1073 litteras
1608 1002 1828 1073 nostri
1897 997 2119 1073 fidelis
2190 1003 2459 1076 comitis
2513 1000 2868 1098 Stephani,
2921 1002 3150 1078 fratris
3196 1003 3443 1077 Bobo-

162 1101 331 1196 negh,
397 1104 505 1196 qui
567 1100 657 1174 ad
708 1101 782 1175 id
837 1101 1399 1197 cognoscendum
1469 1102 1862 1197 specialiter
1927 1126 2055 1202 per
2124 1126 2255 1178 nos
2325 1103 2552 1178 fuerat
2620 1105 3026 1197 destinatus,
3085 1108 3442 1182 intellexi-

163 1225 302 1294 mus,
348 1202 474 1277 hoc
526 1203 739 1278 modo
789 1204 1321 1302 distinguuntur:
1394 1207 1611 1308 prima
1663 1214 1843 1278 meta
1899 1208 2134 1303 incipit
2184 1206 2272 1284 de
2325 1207 2617 1304 Thopol,
2672 1219 2742 1281 et
2776 1209 2991 1284 tendit
3042 1209 3130 1286 ad
3181 1210 3442 1286 fontem

164 1329 353 1397 vnum,
403 1305 653 1382 deinde
705 1308 923 1396 tendit
965 1309 1055 1382 ad
1086 1308 1435 1399 Brenilaz,
1500 1307 1749 1396 deinde
1802 1330 1929 1406 per
1981 1309 2224 1388 siluam
2277 1309 2492 1388 tendit
2545 1310 2628 1386 ad
2683 1310 3091 1412 Rochoyca,
3144 1312 3266 1390 vbi
3309 1313 3443 1387 due

162 1433 302 1506 aque
349 1411 534 1484 simul
591 1415 904 1502 ueniunt,
958 1411 1208 1494 deinde
1261 1434 1532 1488 sursum
1585 1412 1801 1488 tendit
1846 1434 2066 1507 usque
2121 1413 2300 1510 quod
2356 1414 2564 1508 uulgo
2615 1414 2858 1490 dicitur
2895 1416 3137 1513 Pyzni,
3192 1416 3442 1492 deindo

160 1535 260 1612 per
300 1523 582 1586 montem
642 1518 889 1588 iterum
941 1515 1157 1590 tendit
1211 1515 1295 1587 ad
1348 1513 1731 1611 Rocoycha
1786 1518 2000 1608 (sic),
2072 1516 2322 1591 deinde
2378 1516 2464 1592 ad
2515 1517 3023 1618 Brezthoycha,
3078 1530 3148 1594 et
3199 1531 3442 1622 postea

156 1617 299 1690 vltra
346 1627 645 1690 montem
697 1618 914 1691 tendit
963 1622 1033 1692 in
1086 1623 1305 1694 riuum
1360 1616 1753 1714 Chernych,
1804 1618 2055 1694 deinde
2109 1618 2197 1692 ad
2248 1619 2667 1716 Lipoicham,
2740 1621 2988 1696 deinde
3053 1645 3179 1719 per
3230 1648 3441 1698 mou-

162 1727 271 1792 tem
309 1719 512 1793 tendit
581 1721 675 1793 ad
733 1719 1264 1813 Grabonicham,
1337 1732 1405 1794 et
1476 1720 1724 1794 deinde
1793 1743 1919 1817 per
1971 1723 2264 1796 eundem
2337 1733 2663 1815 montem,
2736 1729 2850 1819 qui
2919 1727 3128 1819 uulgo
3201 1726 3445 1800 dicitur

160 1821 426 1916 Pozorin,
494 1824 720 1897 tendit
791 1823 877 1896 ad
950 1822 1251 1916 Gradna,
1307 1831 1377 1895 et
1430 1822 1678 1897 deinde
1741 1824 2102 1900 descendit
2154 1825 2241 1899 ad
2290 1830 2498 1916 uiam,
2569 1850 2695 1923 per
2765 1851 2965 1922 quam
3019 1833 3200 1902 uiam
3254 1834 3440 1903 iuxta

160 1923 477 2000 Presekam
532 1927 856 2002 ascendit
908 1927 991 1999 ad
1031 1938 1335 2002 montem
1373 1936 1442 2001 et
1475 1950 1601 2023 per
1651 1928 1944 2002 eandem
2000 1932 2182 2001 uiam
2238 1929 2594 2002 descendit
2638 1929 2725 2002 ad
2770 1929 3029 2004 fontem
3075 1921 3445 2028 Byzterch,

162 2039 215 2100 et
252 2053 362 2125 per
405 2031 761 2127 Byzterch
815 2030 1000 2103 uadit
1052 2042 1123 2104 et
1176 2029 1299 2105 sub
1353 2029 1730 2127 Boboycha
1786 2035 1955 2121 exit,
2011 2041 2083 2104 et
2135 2035 2378 2105 iterum
2432 2033 2648 2107 tendit
2701 2032 2787 2105 ad
2841 2038 3141 2131 priorem
3193 2046 3444 2110 metam

158 2129 391 2229 Thopol.
493 2134 657 2207 Nec
725 2133 862 2207 hoc
929 2144 1157 2207 tamen
1231 2132 1356 2207 sub
1429 2135 1715 2208 silencio
1805 2136 2118 2209 uolumus
2204 2139 2585 2231 preterire,
2676 2136 2857 2232 quod
2944 2138 3234 2234 predicti
3303 2139 3445 2211 ho-

157 2238 325 2329 spites
370 2241 582 2311 nostri
655 2235 857 2311 nobis
912 2241 1253 2310 annuatim
1307 2260 1429 2331 pro
1487 2237 1779 2311 collecta
1835 2248 2105 2310 centum
2167 2260 2450 2332 pensas,
2524 2248 2594 2312 et
2645 2262 2767 2333 pro
2823 2239 3068 2313 tributo
3125 2241 3259 2314 fori
3313 2245 3442 2313 tri-

156 2337 301 2432 ginta
365 2363 628 2436 pensas
700 2341 977 2414 soluere
1048 2349 1428 2414 teneantur.
1533 2339 1627 2414 Vt
1679 2343 1883 2434 igitur
1954 2351 2274 2414 enarrate
2343 2341 2671 2415 libertatis
2746 2349 2965 2440 series
3021 2367 3190 2441 sepe
3246 2344 3446 2417 dictis

156 2439 478 2536 hospitibus
532 2445 739 2517 salua
804 2466 1077 2539 semper
1123 2454 1196 2516 et
1245 2441 1716 2517 irreuocabilis
1770 2454 2211 2538 permaneat3
2281 2449 2716 2540 presencium
2769 2450 2989 2544 ipsam
3043 2452 3444 2522 auctoritate

160 2565 227 2614 ac
277 2544 589 2643 dupplicis
680 2547 887 2641 sigilli
956 2551 1175 2620 nostri
1245 2550 1700 2644 impressione
1770 2551 2178 2642 propensius
2242 2547 2749 2623 confirmamus.
2863 2549 3110 2622 Datum
3163 2555 3234 2624 in
3287 2553 3445 2624 villa

165 2644 469 2721 Vereucha
522 2651 745 2723 Anno
799 2649 1158 2723 Dominice
1210 2653 1735 2724 incarnacionis.
1787 2649 2153 2725 Millesimo
2209 2650 2677 2730 ducentesimo
2735 2651 3261 2747 quadragesimo
3318 2677 3447 2728 se-

160 2749 363 2844 cundo,
411 2758 611 2849 regni
672 2775 844 2826 uero
899 2757 1117 2827 nostri
1170 2776 1350 2826 anno
1410 2763 1681 2827 octauo.

156 2937 367 3013 originale
397 2945 619 3000 membr.
654 2947 715 2998 in
750 2944 996 2999 Archivio
1034 2944 1421 2999 Communitatis
1458 2945 1865 2999 Samoboriensis
1900 2944 2105 2997 Fasc.1.
2140 2944 2199 2998 N.
2224 2947 2271 2999 1.
2307 2946 2511 3000 Habent
2546 2963 2757 3017 quoque
2793 2956 2872 3000 sat
2906 2964 3154 3002 erronee:
3191 2949 3446 3003 Kereelic.

411 3032 569 3088 Notit-
604 3032 849 3102 praelim.
896 3047 1018 3102 pag.
1052 3033 1175 3086 458.
1224 3061 1294 3073 ——
1340 3032 1539 3086 lintona
1572 3032 1713 3086 Tom.
1750 3032 1810 3085 V.
1847 3047 1968 3101 pag.
2008 3032 2161 3085 1066.
2196 3062 2266 3072 -
2317 3032 2487 3101 Fejer.
2541 3033 2720 3088 Codex
2757 3034 2891 3105 Dipl.
2926 3035 3094 3105 Regni
3131 3036 3449 3107 magartae,

411 3119 556 3175 Ton-
594 3120 686 3173 lv,
725 3119 831 3174 vol.
867 3119 907 3173 1.
942 3137 997 3190 p.
1032 3119 1153 3174 m

1668 3653 1919 3736 Lu.

1078 3942 1284 4014 Anno
1338 3941 1375 4013 1
1389 3941 1571 4014 2212.
1663 3941 1786 4013 16.
1842 3943 2005 4013 Kal.
2082 3941 2516 4014 Decembris.

158 4197 349 4284 Bela
411 4203 540 4287 IV.
627 4203 833 4285 Rex
917 4207 1307 4284 civitati
1387 4203 1748 4284 Montis
1830 4202 2378 4284 Grecensis
2460 4229 2642 4283 seu
2722 4202 3456 4307 Zagrabiensis

779 4344 1255 4447 insignes
1332 4341 1872 4422 libertates
1935 4354 2028 4421 et
2078 4344 2303 4449 jura
2370 4342 2804 4420 confert.

424 4614 505 4688 In
561 4615 850 4687 nomine
904 4610 1158 4686 Sancte
1210 4611 1556 4686 Trinitatis
1613 4620 1684 4683 et
1735 4610 2079 4682 indiuidue
2149 4609 2459 4683 UnitatiS.
2534 4609 2782 4687 Amen.
2851 4607 3022 4680 Bela
3075 4608 3186 4680 dei
3239 4611 3459 4702 gratia

154 4710 487 4809 llungarie,
535 4717 910 4806 Dalmatia,
959 4714 1306 4806 Chroatie,
1352 4715 1596 4801 Rame,
1645 4713 1915 4801 Seruie,
1966 4711 2278 4803 Gallicie,
2324 4712 2762 4800 Lodomerie,
2801 4709 3266 4808 Cumanieque
3305 4711 3463 4784 Rex

159 4818 211 4888 in
252 4833 669 4916 perpetuum.
725 4819 994 4913 Regum
1049 4818 1382 4894 celsitudo
1458 4820 1739 4913 requirit
1793 4828 1861 4889 et
1915 4817 2295 4890 sublimium
2354 4816 2660 4909 dignitati
2713 4814 3042 4907 debetur,
3123 4825 3195 4888 ut
3274 4824 3459 4887 tanto

158 4924 402 5016 amplius
453 4929 524 4996 in
584 4921 1009 4995 multitudine
1062 4922 1280 5017 plebis
1336 4921 1659 5015 gaudeat,
1716 4931 1965 5014 quanto
2039 4924 2166 5014 ipsi
2222 4923 2624 4992 anctoritate
2695 4930 2972 4995 ceteros
3028 4919 3461 4996 antecellunt.

160 5020 301 5096 llinc
334 5039 463 5114 est,
517 5026 707 5123 quod
764 5035 903 5097 tam
953 5025 1385 5121 presentibus
1442 5048 1637 5119 quam
1695 5025 1992 5118 posteris
2049 5022 2286 5098 harum
2342 5026 2526 5096 serie
2583 5022 3042 5112 declaramus,
3097 5019 3464 5117 quodcum

164 5137 358 5202 nostre
403 5132 790 5225 placuisset
842 5130 1169 5201 uoluntati
1241 5134 1317 5212 in,
1365 5126 1705 5222 Zagrabia
1775 5131 1843 5200 in
1919 5136 2150 5199 monte
2227 5123 2455 5199 Grech
2530 5129 2872 5210 ciuitatem
2941 5124 3226 5202 liberam
3281 5143 3466 5194 con-

163 5238 389 5305 struere
444 5245 513 5307 et
571 5233 827 5305 ibidem
884 5232 1189 5330 hospites
1247 5255 1666 5320 conuocare,
1721 5241 1789 5302 et
1843 5231 2022 5310 illam
2079 5240 2342 5324 partem
2398 5235 2594 5323 regni
2651 5231 2738 5302 ad
2786 5230 3224 5303 securitatem
3281 5248 3466 5297 cou—

164 5328 275 5428 fini]
327 5347 390 5409 et
442 5338 575 5411 alia
639 5335 1000 5410 commoda
1057 5340 1317 5410 munire
1363 5347 1432 5409 et
1467 5334 1764 5426 firmare,
1821 5343 2207 5410 conuocato
2265 5335 2585 5427 consilio,
2645 5355 2796 5408 cum
2854 5331 3102 5403 dilecto
3158 5338 3229 5403 et
3284 5326 3476 5403 fideli
