3950 5917
3334 428 3494 503 403

160 639 575 711 Generalem
629 638 1064 735 Amnystiam
1119 662 1273 711 cum
1319 637 1745 738 praefixione
1800 639 2128 729 Termini,
2202 637 2325 711 sub
2384 660 2517 733 quo
2566 647 2786 712 semet
2840 659 3073 709 coram
3129 635 3295 734 ipsis
3370 646 3494 710 aut

157 742 655 837 Superioritate
713 765 834 815 sua
880 743 1336 837 personaliter
1391 746 1639 815 sistere
1696 751 1765 813 et
1819 745 1932 836 qui
1984 743 2254 814 illorum
2306 738 2530 813 taliter
2584 751 2828 831 semet,
2884 737 3229 813 benevole
3278 743 3488 814 stite-

153 849 292 917 rint
346 855 416 919 et
471 846 795 922 militares
848 845 998 917 fieri
1053 846 1335 934 nollent,
1393 856 1464 916 ut
1516 845 1827 941 deposito
1882 847 2167 940 praevie
2220 843 2618 917 Juramento
2675 854 2894 917 semet
2948 846 3062 916 uni
3115 843 3235 916 vel
3289 833 3488 950 alteri

154 947 499 1020 Locorum
555 946 1033 1020 communitati
1097 947 1376 1022 inscribi
1448 971 1718 1036 curare,
1796 948 2182 1045 ibidemque
2219 1004 2225 1011 .
2256 959 2651 1021 constanter
2716 947 3021 1020 habitare
3075 957 3145 1019 et
3196 969 3492 1041 perma-

159 1075 355 1142 nere,
408 1051 493 1124 ab
546 1051 1118 1147 ulterioribusque
1171 1051 1643 1142 Praedocinijs
1700 1049 2048 1123 abstinere
2111 1055 2425 1150 poenitus
2500 1050 2821 1142 debeant,
2895 1049 3188 1122 Nomine
3242 1061 3488 1123 nostro

155 1155 383 1248 Regio
439 1178 562 1250 per
615 1164 825 1226 totum
882 1155 1227 1250 Syrmium
1281 1165 1351 1228 et
1401 1154 1802 1227 inferiorem
1856 1153 2299 1228 Sclavoniam
2369 1152 2805 1252 publicabunt
2859 1156 3214 1226 memorati
3261 1145 3486 1226 Com-2

156 1261 456 1349 missarij
514 1261 730 1331 nostri
784 1258 1015 1352 Regij,
1071 1269 1142 1330 ut
1196 1258 1329 1330 hoc
1384 1261 1587 1331 etiam
1643 1258 1848 1329 modo
1904 1259 2362 1355 tranquillitati
2417 1269 2487 1331 et
2539 1261 2885 1333 securitati
2924 1256 3246 1330 Publicae
3299 1257 3489 1330 Par-

152 1364 320 1433 tium
373 1362 637 1433 illarum
693 1363 1089 1433 consulatur
1159 1371 1229 1434 et
1291 1365 1761 1457 prospiciatur.
1833 1361 1987 1434 Hoc
2056 1385 2264 1460 porro
2334 1367 2747 1458 praemis'SO,
2821 1384 2971 1433 cum
3028 1361 3113 1434 ad
3183 1359 3491 1433 mentem'

152 1469 509 1560 praecitati
546 1465 834 1536 Articuli
874 1463 994 1537 18.
1054 1462 1277 1537 1741.
1334 1465 1420 1537 ad
1457 1465 1634 1538 hanc
1689 1466 1940 1561 Syrmij
1984 1477 2053 1538 et
2086 1465 2434 1539 inferioris
2488 1466 2905 1538 Sclavoniae
2959 1464 3488 1560 Incorporatio-

152 1590 313 1639 nem
368 1571 573 1640 etiam
625 1568 1025 1660 Regnorum
1077 1578 1466 1641 nostrorum
1518 1569 1942 1661 Dalmatiae,
2017 1567 2337 1642 Croatiae
2417 1579 2487 1642 et
2546 1568 2963 1642 Sclavoniae
3041 1567 3271 1641 Banus
3328 1591 3486 1640 cum

156 1667 459 1743 Statibus
516 1682 584 1744 et
645 1670 1005 1745 Ordinibus
1080 1672 1452 1744 eorundem
1506 1671 1905 1765 Regnorum
1981 1669 2510 1746 Commissarios
2564 1672 3106 1746 denominandos
3161 1670 3482 1761 habeant,

156 1797 384 1871 eoque
440 1774 597 1862 line,
664 1785 737 1846 ut
790 1799 992 1846 unum
1065 1775 1486 1870 alterumque
1559 1774 2115 1848 Commissarium
2190 1800 2284 1849 ex
2335 1786 2528 1872 parte
2602 1779 2803 1849 etiam
2858 1774 2999 1848 Sua
3073 1774 3159 1846 ad
3213 1785 3485 1870 tempus

156 1888 227 1950 et
277 1877 533 1950 Locum
589 1878 1015 1971 designatum
1091 1901 1365 1951 eorsum
1423 1879 1817 1974 expediant,
1878 1878 2053 1976 Ipsis
2099 1881 2244 1971 jam
2300 1882 2738 1953 commissum
2797 1890 3039 1968 esset3
3091 1878 3302 1971 Igitur

471 1982 768 2054 Secun
793 1982 940 2068 do,
1012 1981 1140 2054 Ubi
1178 1982 1246 2054 hi
1285 2005 1555 2077 quoque
1609 1980 2068 2077 praefatorum
2105 1983 2504 2077 Regnorum
2540 1983 2862 2078 Deputati
2916 2005 3003 2055 eo
3046 1982 3480 2071 advenerint,

157 2081 622 2176 commissarij
671 2089 886 2158 nostri
921 2085 1123 2178 Regij
1182 2086 1503 2158 cumillis
1558 2107 1827 2181 quoque
1881 2108 1973 2157 ex
2008 2097 2201 2182 parte
2257 2085 2508 2183 Syrmij
2568 2090 2632 2158 dc
2685 2085 3101 2159 Sclavoniae
3158 2108 3481 2157 commu-

153 2190 329 2260 niter
381 2197 591 2282 agant
640 2191 706 2262 in
766 2188 1076 2260 omnibus
1132 2198 1201 2260 et
1256 2187 1605 2260 tract-anda
1660 2198 1976 2279 tractent,
2034 2189 2642 2285 concludendaque
2698 2190 3132 2278 concludant,
3189 2212 3272 2260 ac
3302 2211 3479 2284 pro-

154 2291 312 2363 inde
368 2292 638 2364 insimul
693 2315 843 2364 cum
900 2295 1068 2387 ipsis
1122 2294 1190 2362 in
1248 2292 1590 2389 Syrmium
1631 2302 1697 2365 et
1742 2291 2139 2374 inferiorem
2181 2293 2622 2366 Sclavoniam
2662 2292 3109 2379 descendant,
3167 2315 3261 2365 ex
3316 2314 3481 2364 mu—

158 2404 268 2466 tuo
326 2393 415 2466 ad
473 2398 770 2467 invicem
845 2394 1149 2469 Consilio
1205 2405 1273 2467 et
1326 2394 1582 2468 auxilio
1657 2417 1779 2489 pro
1852 2396 2159 2469 resoluto
2226 2399 2371 2487 jam
2445 2394 3009 2469 Confiniariorum
3074 2396 3477 2485 Nummero,

154 2521 354 2593 quem
395 2497 479 2570 ad
510 2498 774 2571 Statum
813 2500 1218 2593 completum
1258 2520 1392 2592 quo
1431 2502 1626 2570 citius
1665 2501 1824 2593 poni
1863 2511 1931 2572 et
1963 2503 2031 2572 in
2071 2500 2316 2572 eodem
2359 2502 2788 2590 conservari,
2827 2499 3205 2573 nullatenus
3248 2510 3477 2572 autem

153 2601 431 2673 diminui
501 2602 845 2690 volumuS,
926 2601 1437 2696 eorundemque
1499 2600 1944 2692 OfficialibuS,
2016 2604 2279 2675 incluso
2328 2607 2472 2694 jam
2544 2603 2874 2676 hactenus
2948 2605 3218 2693 exciso,
3288 2605 3479 2675 velut

147 2727 283 2778 non
324 2704 732 2788 sufficiente,
790 2716 1014 2800 aptum
1055 2715 1123 2777 et
1159 2704 1531 2793 sufficiens,
1588 2728 1723 2777 non
1764 2706 2037 2800 quidem
2065 2718 2257 2778 recte
2293 2717 2576 2798 tantum,
2630 2717 2949 2802 quantum
2988 2706 3479 2779 antecedenter

149 2805 495 2903 superflue
568 2808 715 2881 fors
785 2807 1188 2896 habuerunt,
1264 2808 1390 2881 sed
1463 2819 1779 2903 quantum
1836 2814 2003 2905 ipsis
2059 2832 2098 2882 a
2151 2814 2593 2907 proportione
2646 2811 2926 2883 Numeri
2980 2812 3070 2882 ita
3125 2832 3476 2882 necessa-

146 2915 321 2984 rium
379 2934 542 2986 esse
596 2910 961 3000 videbitur,
1041 2922 1113 2984 ut
1167 2915 1234 2983 in
1290 2912 1405 2983 illo
1463 2921 1531 2983 et
1583 2933 1846 3006 poenes
1904 2913 2067 2986 illud
2123 2914 2327 2988 valde
2384 2914 2561 2986 bene
2617 2924 2685 2986 et
2725 2913 3016 2986 comode
3053 2936 3193 2986 non
3246 2905 3496 3006 tamen*

12 3067 15 3108 ἦ
148 3013 577 3087 abundanter
612 3026 680 3087 et
718 3014 1058 3112 superflue
1113 3014 1489 3088 subsistere
1543 3019 1829 3111 possint.
1936 3016 2310 3089 Terrenum
2365 3019 2583 3114 primo
2637 3039 2901 3114 poenes
2968 3015 3377 3109 Danubium,
3434 3042 3476 3090 a

145 3117 758 3192 Petro-Varadino
828 3119 1214 3214 incipiendo
1290 3142 1509 3214 usque
1583 3119 1912 3208 Semblin,
1987 3144 2120 3214 quo
2174 3131 2359 3194 trans
2413 3120 2830 3193 Danubiales
2871 3118 3323 3194 Confiniarios
3381 3145 3478 3193 ex

154 3220 599 3296 eomitatibus
662 3222 847 3294 Bach
905 3226 969 3294 dc
1019 3221 1344 3316 Bodrogb
1418 3221 1740 3293 transferi
1811 3232 1881 3293 et
1930 3223 2338 3296 translocari
2407 3224 2752 3312 volumus,
2828 3246 2911 3294 ac
2983 3223 3140 3297 dein
3205 3246 3498 3324 poenes,

146 3324 431 3398 fluvium
485 3326 743 3398 Savum
784 3349 823 3397 a
865 3326 1170 3397 Semblin
1225 3324 1667 3398 ascendendo
1721 3348 1971 3398 versus
2025 3326 2414 3416 Turcicum,
2469 3327 2889 3415 excindant3
2942 3321 3059 3396 isso
3115 3346 3288 3397 vero
3343 3347 3473 3420 pro

152 3428 453 3502 confinio
507 3429 733 3501 taliter
786 3433 1030 3503 exciso
1086 3432 1262 3501 inter
1314 3428 1474 3500 illud
1524 3438 1593 3500 et
1635 3428 2204 3525 reliquumquod
2258 3439 2569 3501 remanet
2621 3431 2873 3527 Syrmij
2909 3437 3000 3501 et
3053 3425 3472 3502 Sclavoniae

141 3531 492 3605 inferioris
545 3532 963 3623 Terrenum,
1017 3529 1296 3605 Lineam
1355 3530 1838 3604 Confiniariam
1893 3531 2167 3623 ducant,
2223 3536 2460 3628 sicque
2490 3533 2998 3606 contribuentes
3055 3555 3094 3605 a
3149 3529 3473 3606 Militibus

142 3633 583 3727 Conliniarijs
634 3636 955 3709 effective
1012 3645 1356 3731 separent.
1412 3635 1620 3708 Facta
1679 3645 1907 3708 autem
1961 3636 2180 3709 hacce
2238 3638 2698 3731 separatione,

457 3739 820 3831 Tertio,
874 3740 1117 3813 Totum
1155 3739 1317 3811 illud
1353 3739 1756 3829 Terrenum,
1813 3740 1994 3835 quod
2034 3764 2159 3837 pro
2200 3737 2538 3832 Confinio,
2587 3750 2657 3812 et
2693 3735 3008 3812 militibus
3048 3736 3471 3833 confiniarijs

139 3846 434 3939 praevio
499 3843 706 3916 modo
760 3847 1076 3916 excisum
1128 3853 1196 3915 et
1250 3852 1637 3937 separatum
1690 3841 1921 3934 fuerit,
1994 3867 2120 3940 pro
2173 3855 2365 3939 parte
2421 3842 2972 3917 confiniariorum
3025 3844 3469 3938 relinquatur,

140 3956 209 4019 et
262 3950 446 4020 inter
493 3945 692 4042 Ipsos
748 3947 1141 4019 modalitate
1195 3950 1263 4020 in
1323 3948 1752 4040 supracitatis
1826 3947 1912 4019 de
1968 3946 2092 4020 30.
2147 3946 2467 4022 Octobris
2521 3958 2593 4021 et
2643 3949 2714 4022 5.
2767 3946 3066 4041 Augusti
3131 3951 3469 4020 emanatis

137 4048 459 4144 benignis
509 4050 889 4145 Rescriptis
933 4049 1206 4124 Nostris
1263 4072 1598 4146 expressa
1631 4047 2141 4140 subdividatur3
2196 4051 2577 4146 eademque
2647 4050 2940 4124 confinia
2997 4054 3179 4123 circa
3211 4054 3468 4144 omnia,

139 4177 320 4330 guae
373 4156 805 4249 requiruntur
853 4153 1195 4243 Militaria,
1268 4153 1496 4226 medio
1553 4153 1885 4226 dictorum
1939 4153 2315 4249 Regiorum
2370 4167 2759 4229 nostrorum
2815 4166 2885 4229 et
2937 4154 3465 4228 Provincialium

198 4260 789 4332 ommissariorum
844 4256 1070 4330 debito
1127 4258 1331 4331 modo
1389 4266 1459 4330 et
1511 4256 1751 4330 ordine
1802 4255 2227 4353 relegentur,
2281 4259 2627 4332 residuum
2681 4281 2855 4332 vero
2912 4268 3122 4331 totum
3179 4268 3249 4330 et
3299 4261 3466 4331 uni-

136 4383 452 4450 versum,
535 4362 717 4457 quod
771 4385 810 4433 a
860 4364 1149 4456 praevio
1204 4360 1410 4434 modo
1467 4364 1711 4458 effciso
1768 4359 2169 4448 confiniario
2223 4362 2533 4435 Terreno
2590 4365 2656 4435 in
2713 4362 2988 4459 Syrmio
3044 4373 3112 4435 et
3144 4360 3465 4468 jnferiori

138 4463 520 4537 Sclavonia
574 4463 978 4554 remanebit,
1043 4464 1449 4556 Terrenum,
1514 4487 1667 4537 cum
1720 4468 2065 4539 universis
2121 4467 2432 4557 ejnsdem
2487 4467 2660 4540 locis
2716 4467 3159 4562 locorumque
3210 4464 3467 4539 Incolis

135 4575 210 4641 et
261 4559 858 4658 InhabitatoribuS,
912 4570 1215 4663 ipsisque
1261 4567 1593 4641 hacteuus
1647 4568 2189 4643 incumbentibus
2253 4575 2513 4644 cunctis
2560 4570 2883 4646 oneribus
2927 4567 3249 4658 Publicis,
3306 4569 3465 4642 Do-

136 4674 480 4767 minisque
560 4677 863 4768 ipsorum
934 4670 1447 4761 Terrestribus,
1518 4671 1812 4744 Nomine
1882 4672 2108 4769 Regio
2182 4684 2252 4746 et
2322 4673 2654 4770 Suprema
2726 4671 3154 4747 Anthoritate
3226 4684 3462 4746 nostra

134 4774 381 4847 Banali
420 4787 490 4847 et
524 4774 937 4849 Provinciali
976 4774 1374 4869 Regnorum
1405 4776 1811 4866 Dalmatiae,
1869 4774 2188 4850 Croatiae
2226 4789 2295 4850 et
2330 4778 2745 4850 Sclavoniae
2773 4773 3239 4850 Jurisdictioni
3297 4800 3461 4851 mox

135 4889 207 4952 et
250 4877 337 4951 de
372 4877 558 4953 facto
615 4883 1113 4974 incorporetur,
1169 4890 1238 4952 et
1273 4878 1408 4951 hoc
1460 4879 1679 4952 Titulo
1736 4878 2200 4976 praefatorum
2255 4881 2653 4976 Regnorum
2711 4879 3218 4973 Commissarijs
3276 4904 3458 4955 con-

134 4985 472 5077 signetur.
579 4983 731 5055 Hoc
788 4983 971 5055 facto
2499 5071 2508 5082 ‚

455 5086 799 5174 Quarto
898 5085 1312 5159 Universum
1361 5084 1579 5157 hocce
1634 5087 2140 5180 incorporatum
2187 5086 2564 5160 Terrenum
2615 5098 2925 5185 spectato
2966 5091 3096 5160 situ
3145 5089 3457 5161 locorum

132 5192 202 5263 in
241 5198 386 5264 tres
427 5189 829 5280 Comitatus,
885 5188 1357 5286 Syrmiensem
1396 5198 1653 5283 utpote,
1709 5188 2146 5283 Poseganum
2202 5200 2271 5262 et
2321 5189 2869 5280 Ver'oczensem,
2926 5191 3191 5266 incluso
3251 5196 3455 5266 etiam

134 5295 241 5367 sic
280 5293 465 5367 dicto
510 5293 731 5389 Valpo
788 5316 915 5368 seu
966 5291 1419 5366 Valkoviensi
1476 5290 1835 5381 Comitatu,
1893 5290 2383 5383 subdividatur3
2441 5305 2510 5368 et
2560 5295 2721 5368 licet
2774 5294 3044 5390 quidem
3098 5295 3454 5392 praelibati

132 5396 339 5494 Regij
402 5396 868 5489 Commissarij
913 5399 1127 5470 nostri
1165 5399 1539 5493 proiectum
1578 5396 1958 5469 istiusmodi
1997 5395 2484 5471 subdivisionis
2529 5397 2745 5473 Nobis
2776 5399 3454 5575 jam5pxhibuissent,
3487 5389 3512 5438 ἕ·

2995 5506 3041 5548 Ἰ
