3950 5917
437 387 600 474 182

437 596 2131 692 quem-reincenviueetnreesdem........·.
2161 651 2373 674 .....
2429 596 3607 721 adtrespartessapranominatas
3660 598 3799 672 di·-

438 700 801 790 tridentum
854 696 966 776 ubi
1005 703 1281 774 veroin
1321 704 1738 774 executione
1791 698 2126 776 dictorum
2180 710 2339 776 octo
2392 698 2763 797 proborum
2814 703 3111 776 uirorum
3150 702 3371 797 aliqua
3422 705 3799 776 contentio

439 813 763 894 onre,tnr
799 803 1073 878 extunc
1124 802 1410 877 eosdem
1463 804 1639 876 tales
1693 801 1950 899 probos
2002 806 2222 894 viros,
2278 808 2395 899 qui
2428 826 2552 901 pro
2588 814 2753 878 tunc
2796 806 2873 878 ιιι
2923 802 3096 879 sede
3147 807 3497 879 extiterint
3565 815 3638 878 et
3693 804 3795 878 ad

440 926 532 980 ea
584 907 1029 1004 eligerentur,
1107 928 1234 1003 per
1280 928 1361 981 se
1415 916 1487 982 et
1537 907 1902 984 distinctim
1956 959 2906 982 ....................
2979 917 3052 980 et
3117 908 3205 980 ad
3266 929 3481 982 vuum
3545 909 3797 1003 pilium

437 1010 857 1105 imponendo
907 1012 1187 1083 nomina
1239 1030 1796 1106 quorumcunque
1851 1020 2013 1083 octo
2047 1009 2415 1105 proborum
2465 1014 2770 1084 virorum
2824 1010 3349 1106 promansCDet
3388 1019 3595 1088 antea
3646 1032 3797 1083 se-

435 1114 662 1190 riatim
717 1112 805 1187 de
855 1115 1008 1211 ipso
1064 1113 1223 1208 pilio
1277 1124 1609 1211 excerpta
1658 1110 1936 1205 fuerint,
2006 1112 2211 1186 iidem
2262 1113 2441 1188 tales
2495 1124 2656 1187 octe
2708 1112 2904 1211 probi
2951 1116 3083 1190 viri
3132 1135 3258 1209 per
3307 1113 3559 1190 dictum
3610 1136 3799 1186 mo-

438 1213 600 1296 dum
664 1219 872 1291 sortis
924 1217 1130 1290 electi
1176 1215 1264 1289 ad
1317 1220 1873 1313 prosecutionem
1926 1216 2317 1309 hujusmodi
2368 1214 2709 1292 factorum
2760 1220 3028 1313 previe,
3092 1227 3165 1289 et
3216 1269 3731 1290 ..........

540 1330 812 1407 ,antur,
863 1323 1148 1416 ipseque
1200 1320 1355 1398 talis
1406 1317 1657 1396 nobilis
1709 1341 1842 1393 uec
1893 1320 2139 1393 litteris
2188 1318 2564 1415 regalibus,
2616 1342 2752 1393 nec
2801 1324 3058 1394 nostris
3110 1329 3230 1393 ant
3274 1321 3426 1394 aliis
3479 1317 3795 1414 quibus-

439 1372 548 1504 nis
619 1422 1103 1498 occasionibus
1156 1421 1246 1497 de
1295 1421 1542 1497 talibus
1613 1426 1908 1514 octenis,
1985 1427 2057 1498 in
2108 1422 2351 1518 quibus
2432 1428 2581 1519 ipsa
2659 1422 2879 1498 fassio
2951 1422 3257 1519 predicte
3337 1426 3797 1500 amonitionis

359 1605 395 1634 .-
439 1523 625 1602 fact·
678 1524 909 1617 faerit,
963 1528 1183 1622 possit
1233 1525 1557 1623 probet-e,
1629 1537 1701 1600 et
1751 1525 2137 1601 huiusmodi
2214 1526 2439 1598 littere
2520 1548 2756 1614 casse,
2831 1548 3044 1615 vane,
3125 1524 3523 1621 viribusque
3578 1529 3799 1598 cari-

440 1638 593 1706 ture
648 1683 1103 1704 ..........
1177 1633 1503 1726 ipsasque
1571 1632 1811 1724 viginti
1894 1639 2184 1726 quatuor
2260 1651 2532 1704 marcas
2612 1628 2859 1725 prefati
2938 1627 3358 1719 Vicebanus,
3440 1627 3799 1718 Comites,

440 1728 936 1819 vicecomites
989 1731 1260 1807 nobiles
1311 1731 1539 1828 Regni
1591 1756 1678 1806 ac
1727 1731 2010 1807 Judices
2063 1731 2388 1808 nobilium
2442 1755 2650 1828 super
2684 1729 2993 1829 prefatos
3044 1730 3313 1808 nobiles
3366 1732 3601 1822 talem,
3656 1732 3787 1806 vel

440 1833 645 1923 tales,
717 1839 833 1931 qui
887 1835 974 1909 de
1025 1840 1364 1932 premissa
1442 1835 1611 1912 sede
1671 1836 2037 1929 judiciaria
2089 1835 2176 1910 ad
2228 1839 2636 1932 premissam
2704 1833 3249 1910 satisfactionem
3300 1845 3371 1908 et
3422 1839 3797 1908 ammoni-

442 1940 699 2032 tionem
752 1937 1138 2034 deputatae,
1191 1939 1311 2012 vel
1362 1938 1661 2037 deputati
1713 1937 2033 2030 fuissent,
2097 1949 2506 2015 recusarunt
2552 1939 2673 2013 vel
2722 1938 3111 2029 noluerunt,
3181 1960 3399 2033 usque
3468 1938 3789 2032 quinde-

442 2043 693 2116 cimum
745 2039 924 2118 diem
977 2064 1190 2137 snper
1239 2040 1800 2138 possessionibus
1851 2044 2112 2133 talium,
2165 2043 2285 2116 vel
2319 2043 2503 2134 talis,
2539 2052 2957 2139 extorquere
3009 2042 3290 2116 valeant
3340 2049 3546 2137 atque
3589 2062 3793 2137 pos-

439 2148 602 2233 sint,
651 2149 722 2218 in
775 2156 921 2221 tres
975 2156 1208 2241 partes
1263 2146 1574 2222 similiter
1637 2149 1819 2222 inter
1869 2167 1951 2220 se
2004 2145 2432 2222 dividendas.
2541 2143 2863 2220 Ceterum
2932 2155 3091 2242 post
3155 2143 3645 2242 pululationem
3704 2152 3791 2217 et

436 2247 1063 2346 multiplicationem
1115 2247 1633 2326 malefactorum
1688 2259 1760 2324 et
1793 2252 2201 2326 nocivorum
2255 2248 2603 2322 bominum
2654 2249 2881 2323 taliter
2932 2250 3156 2323 extitit
3207 2248 3783 2322 determinatum:

435 2362 514 2430 ut
563 2354 636 2425 in
667 2349 904 2426 bienni
953 2355 1273 2443 termine,
1324 2373 1452 2449 per
1485 2373 1619 2426 nos
1672 2350 1760 2426 ad
1796 2352 1863 2424 id
1920 2350 2335 2448 deputando,
2386 2351 2667 2447 quilibet
2699 2351 2949 2428 nobilis
2984 2360 3056 2424 et
3094 2350 3306 2426 bomo
3357 2354 3791 2447 possessio-

435 2463 642 2532 natus
691 2457 760 2528 in
804 2454 988 2529 facie
1039 2457 1510 2552 possessionis
1564 2477 1691 2529 sue
1745 2476 1987 2529 coram
2034 2458 2471 2531 mentionatis
2520 2453 2875 2532 Judicibns
2927 2452 3280 2546 nobilium,
3356 2475 3445 2527 ac
3497 2451 3785 2528 duobus

436 2555 779 2648 nobilibus
829 2556 1056 2652 Regni
1104 2558 1193 2631 ad
1245 2558 1314 2631 id
1368 2559 1760 2655 specialiter
1809 2558 2178 2653 exigendis
2231 2569 2307 2636 et
2354 2558 2785 2656 deputandis,
2854 2562 3032 2634 inter
3097 2557 3528 2653 sobagiones
3598 2577 3787 2630 suos

428 2663 702 2758 juratos
750 2661 1186 2735 Assessores
1240 2661 1500 2757 eliget3
1577 2664 1690 2757 qui
1769 2662 2039 2737 scilicet
2105 2665 2316 2756 jurati
2366 2662 2799 2739 Assessores
2880 2664 3251 2738 universos
3303 2670 3377 2733 et
3422 2659 3791 2755 quoslibet

434 2761 658 2855 fures,
723 2764 1057 2854 latrones,
1126 2763 1499 2860 predones,
1568 2767 2091 2856 intoxicatores,
2170 2763 2557 2858 tironissas,
2635 2769 3128 2853 incantatores,
3207 2764 3600 2860 specialiter
3650 2766 3785 2836 in—

438 2866 830 2946 cendiarios
883 2876 954 2941 et
1004 2866 1490 2943 interfectores
1540 2866 1915 2962 bominum,
1967 2868 2383 2965 spoliatores
2434 2872 2805 2960 viatorum,
2857 2869 2953 2944 de
2980 2867 3210 2944 medio
3261 2870 3569 2964 ipsorum
3620 2888 3781 2939 no-

436 2974 701 3044 minare
751 2969 1017 3059 facere,
1069 2969 1406 3067 proscribi
1452 2981 1522 3064 et
1557 2971 1925 3047 extradere
1979 2969 2315 3064 debeant3
2366 2993 2543 3070 quos
2594 2976 3019 3070 proscriptos
3053 2982 3125 3045 et
3161 2971 3555 3046 criminales
3603 2992 3783 3042 ma-

433 3070 814 3150 lefactores
862 3095 993 3170 per
1039 3076 1233 3171 ipsos
1276 3077 1550 3168 juratos
1603 3075 2034 3165 extradatos,
2085 3077 2217 3173 ipsi
2266 3075 2567 3167 nobiles,
2628 3077 2748 3151 vel
2799 3077 2974 3152 alter
3024 3097 3275 3150 eorum
3318 3094 3557 3147 coram
3610 3076 3779 3146 eis-

438 3175 596 3250 dem
666 3177 872 3269 Juxta
947 3198 1187 3250 eorum
1268 3178 1597 3256 demerita
1676 3177 2068 3253 interficere
2148 3177 2400 3253 debeat
2453 3189 2527 3254 et
2572 3189 2888 3254 teneatm·
2961 3178 3213 3253 ibidem
3266 3179 3341 3251 in
3389 3175 3574 3258 facie
3638 3198 3780 3248 sue

433 3281 943 3376 possesssionis
994 3291 1384 3377 prenotate,
1433 3280 1732 3377 dictique
1785 3282 2203 3356 vicecomes
2254 3293 2329 3358 et
2359 3285 2813 3381 prenominati
2860 3280 3133 3360 nobiles
3182 3279 3439 3376 Regni,
3490 3302 3579 3352 ac
3625 3278 3777 3352 Ju-

437 3380 634 3458 dices
686 3380 1044 3474 nobilium,
1093 3382 1186 3458 de
1234 3382 1446 3460 rebus
1487 3407 1575 3460 ac
1614 3382 1820 3460 bouis
1868 3385 2255 3461 huiusmodi
2304 3390 2667 3483 proscripti
2728 3407 2867 3460 non
2918 3385 3073 3482 plus
3123 3387 3257 3459 nisi
3307 3405 3525 3460 unam
3564 3404 3774 3456 mar-

434 3507 596 3572 enm
645 3485 1080 3562 denariorum
1133 3487 1222 3561 de
1255 3491 1548 3586 propriis
1600 3488 1809 3563 rebus
1861 3493 2078 3586 ipsius
2128 3488 2470 3564 interfecti
2522 3488 2781 3564 habere
2834 3500 2908 3564 et
2957 3489 3269 3564 similiter
3317 3491 3507 3560 inter
3548 3508 3629 3561 se
3675 3486 3776 3562 ad

435 3597 584 3666 tres
633 3599 866 3686 partes
919 3589 1227 3668 diuidere
1264 3592 1603 3682 debeant3
1656 3602 1727 3666 et
1779 3595 1839 3667 si
1890 3614 2010 3682 res
2064 3601 2136 3665 et
2175 3590 2358 3666 bona
2410 3596 2628 3689 ipsius
2678 3591 3022 3668 ‘niteri'ecti
3058 3613 3139 3666 se
3176 3592 3323 3664 ad
3303 3611 3535 3687 ipsam
3555 3610 3775 3664 una-

435 3713 742 3772 unrcam
775 3715 916 3770 non
953 3693 1435 3787 extenderent,
1488 3704 1750 3770 extunc
1795 3699 1946 3792 ipsa
1998 3717 2133 3770 una
2187 3717 2427 3772 marea
2474 3706 2795 3786 careant3
2844 3700 2916 3772 in
2950 3717 3124 3772 casu
3174 3715 3383 3785 uero,
3433 3715 3571 3789 qno
3621 3692 3775 3766 bn-

435 3796 734 3872 imnodi
807 3795 1058 3872 nobilis
1136 3801 1476 3921 premissa
1552 3796 1793 3874 facere
1872 3808 2258 3888 recusaret,
2336 3809 2500 3874 tuuc
2549 3821 2682 3876 nos
2749 3823 2884 3876 una
2934 3821 3093 3873 cum
3142 3796 3487 3872 nobilibus
3533 3795 3773 3892 Regni

433 3902 784 3978 wives-siis
853 3903 1346 4005 possessiones
1418 3912 1490 3976 et
1534 3903 1694 3995 jura
1763 3904 2318 3998 possessionaria
2390 3900 2669 3978 ubilibet
2718 3904 2788 3978 ιιι
2841 3902 3040 3978 dictis
3095 3899 3541 3976 Comitatibus
3592 3902 3772 3973 exi-

379 4092 388 4099 ,
434 4006 711 4092 atentia,
765 4025 1109 4100 occupare
1142 4007 1492 4101 possimus
1541 4014 1748 4101 atque
1784 4004 2165 4099 valeamus,
2216 4004 2509 4081 easdem
2552 4006 2807 4082 tandiu
2861 4005 3353 4093 conservandi,
3405 4023 3778 4099 quousque

432 4127 481 4180 a
528 4103 754 4202 Regia
806 4106 1196 4184 serenitate
1247 4105 1379 4182 sibi
1430 4107 1519 4182 de
1570 4107 1886 4186 remedio
1962 4131 2091 4184 sen
2142 4112 2365 4205 grstia
2441 4113 2793 4205 prouisum
2864 4108 3071 4183 fuerit
3141 4118 3552 4206 opportuno,
3622 4103 3771 4180 boc

431 4210 828 4307 epod-liter
893 4208 1274 4302 declarato,
1343 4211 1527 4309 quod
1580 4214 1639 4286 si
1692 4211 1937 4309 aliquis
1989 4211 2316 4288 nobilium
2382 4214 2589 4289 talem
2660 4216 3115 4310 proscriptum
3186 4233 3423 4286 coram
3494 4207 3771 4284 eisdem

423 4314 628 4407 iuxta
680 4335 807 4389 sua
859 4311 1190 4398 demerita
1243 4311 1533 4390 interfici
1587 4324 1659 4388 et
1708 4337 1888 4411 pena
1942 4314 2175 4392 debita
2224 4316 2429 4412 plecti
2481 4339 2623 4392 non
2671 4315 2969 4408 faceret,
3031 4324 3103 4388 et
3153 4314 3449 4388 eundem
3497 4310 3771 4408 absque

431 4421 611 4496 scitu
661 4424 734 4492 et
782 4438 910 4492 sua
960 4418 1316 4494 vuluntate
1369 4416 1561 4498 abire
1614 4440 1743 4494 seu
1795 4419 2010 4495 salire
2057 4420 2369 4496 retuderit
2411 4430 2483 4493 et
2533 4425 2939 4511 asseruerit,
2992 4429 3251 4494 extunc
3300 4418 3459 4494 talis
3510 4414 3773 4490 nobilis

427 4530 639 4596 sexto
709 4541 794 4596 sa
868 4519 1212 4598 nobilibus
1273 4519 1344 4595 id
1396 4543 1834 4614 asseverare⁴
1890 4521 2237 4600 mediante
2307 4526 2700 4616 juramento
2781 4522 3034 4597 debeat
3091 4532 3162 4597 et
3219 4530 3562 4613 teneatur,
3641 4517 3767 4594 vbi

420 4624 887 4718 iuramtum
936 4646 1080 4699 non
1113 4623 1537 4723 deposuerit,
1588 4635 1756 4700 tnnc
1801 4628 2047 4721 viginti
2097 4648 2370 4704 mareas
2422 4625 2861 4702 ιιοιιιιιιοιιιιιι
2887 4645 3096 4724 snper
3146 4623 3443 4700 eundem
3472 4621 3773 4698 ludices

430 4726 758 4801 antedicti
807 4737 1256 4825 extorquere,
1308 4750 1484 4823 quaa
1534 4729 1843 4806 similiter
1891 4728 1981 4804 ad
2032 4739 2178 4808 tres
2228 4739 2464 4825 partes
2513 4729 2825 4806 dividere
2876 4733 3056 4805 inter
3091 4752 3179 4806 se
3222 4729 3504 4806 valeant
3553 4736 3773 4822 atque

429 4833 716 4927 possint.
767 4828 1011 4908 Extitit
1061 4835 1266 4910 etiem
1320 4832 1868 4926 determinatum,
1914 4833 2096 4931 quod
2132 4854 2269 4910 nos
2315 4835 2437 4908 vel
2469 4831 2805 4910 Vicebani
2853 4835 3099 4925 nostri,
3155 4830 3595 4957 Comitesque
3639 4832 3769 4904 vel

427 4930 927 5026 vicecomites,
1003 4956 1089 5010 ac
1137 4934 1426 5014 Judices
1501 4933 1826 5010 nobilium
1898 4939 2390 5033 occupationes
2468 4939 2992 5034 possessionum
3058 4932 3385 5012 nobilium
3435 4938 3508 5010 in
3560 4933 3773 5009 dictis

427 5034 876 5122 Gemitetibns
945 5040 1330 5115 existentes
1399 5060 1527 5137 per
1576 5038 1840 5115 litteras
1890 5037 2180 5135 Regias,
2251 5050 2326 5113 et
2373 5051 2648 5118 nostras
2717 5044 3193 5138 preceptorias
3261 5049 3335 5113 et
3384 5048 3771 5116 consuetas

427 5163 528 5216 ne
571 5139 700 5228 snb
751 5161 1157 5239 quacunque
1209 5140 1434 5222 forma
1483 5142 1856 5218 verborum
1908 5153 2261 5234 emanatas
2332 5141 2571 5218 facere
2641 5153 2712 5217 et
2755 5147 2956 5237 juxta
3007 5149 3327 5238 vigorem
3382 5140 3767 5216 earundem

431 5243 828 5340 procedere
895 5266 1036 5320 non
1113 5244 1422 5338 valeant,
1497 5267 1728 5343 neque
1801 5249 2097 5343 possint,
2174 5249 2309 5321 nisi
2364 5268 2494 5343 per
2541 5245 2837 5326 formam
2889 5257 2962 5320 et
3011 5245 3579 5322 deliberationem
3632 5265 3767 5319 seu

433 5346 953 5442 dispesitioeem
1008 5351 1326 5445 superins
1395 5347 1760 5434 stabilitum
1808 5371 1937 5426 sen
1991 5347 2476 5446 specificatam.
2549 5350 2883 5430 Preterea
2950 5355 3387 5441 instituimus,
3460 5346 3644 5446 quod
3701 5355 3767 5425 si
