3950 5917
488 485 589 559 14

486 693 636 784 fuit,
688 687 1190 768 concessimus
1222 681 1371 765 cut
1392 679 1735 766 ‘Nolumus
1787 691 1869 764 'ut'
1909 699 2054 764 tota
2107 681 2334 768 uiciate
2367 673 2812 783 obediatis,
2824 699 3115 815 eumque
3167 699 3241 763 ut
3289 673 3592 788 vestrum
3645 688 3814 761 Pii-

487 809 663 871 trem
718 801 987 888 ametis,
1043 800 1196 893 quia
1250 817 1433 871 nunc
1462 794 1613 869 Dei
1668 799 1886 890 gratia
1943 789 2258 872 subditos
2299 787 2645 888 illuxerat,
2701 805 2852 869 cum
2908 797 3049 871 suis
3101 779 3507 894 praepositis
3543 801 3814 866 curam

489 900 921 1014 obedientiae
976 900 1307 976 exhibere
1361 899 1803 974 delectantur.
1909 900 2159 977 Amen.
3601 955 3605 960 .

489 1079 673 1133 Fau-lati
711 1078 971 1147 Illyricum
1007 1079 1239 1132 Sacrum.
1273 1078 1329 1132 Τ.
1364 1077 1446 1130 m.
1485 1095 1533 1146 p.
1574 1079 1692 1135 106.

2013 1584 2265 1670 vu.

1726 1847 1933 1918 Anno
1996 1844 2230 1962 1069.
2281 1846 2553 1919 Nonae.

486 2111 1105 2213 CresimiruS,
1172 2108 1626 2188 Croatiae
1691 2106 2352 2186 etDalmatiae
2403 2106 2599 2187 Rex
2659 2107 3421 2214 haereditarius²
3473 2106 3753 2215 Regu

486 2249 1384 2354 Congregationem
1448 2252 1535 2324 in
1598 2244 1832 2325 urbe
1894 2269 2060 2323 sua
2123 2243 2383 2325 Nona
2448 2245 2920 2353 celebrat,
3005 2258 3098 2325 et
3157 2271 3408 2326 mare
3472 2247 3806 2326 adria-

892 2391 1179 2465 ticum
1233 2385 1838 2464 dalmaticum
1902 2388 2473 2464 nominatum
2536 2385 2851 2464 fuisse
2912 2396 3372 2464 testatur.
3767 2399 3774 2408 ‘

793 2664 850 2749 ἦ·
906 2659 1237 2746 Quoniam
1294 2659 1657 2730 diuinitatis
1738 2659 1989 2729 eximia
2071 2656 2404 2729 celsitudo
2478 2680 2778 2732 summos
2834 2680 2918 2729 ac
2996 2660 3310 2731 minimos
3388 2680 3521 2730 non
3580 2658 3796 2732 modo

481 2788 605 2860 pro
658 2768 941 2851 meritis„
1015 2786 1253 2835 uerum
1335 2766 1537 2834 etiam
1591 2763 2102 2857 dispensatione
2180 2760 2518 2856 profunda
2589 2773 2903 2836 terrenos
2957 2763 3240 2855 largitur
3293 2763 3612 2835 honores.
3718 2763 3794 2834 A

486 2870 686 2941 modo
742 2868 1195 2962 inuestigabili
1252 2867 1478 2938 eleuat
1531 2865 2022 2956 sublimando&
2077 2875 2149 2937 et
2199 2864 2580 2939 sublimium
2634 2864 3078 2962 superborum
3135 2867 3313 2940 colla
3393 2865 3794 2961 pessundat.

418 2957 423 2972 ’
484 2986 553 3045 ut
606 2971 964 3044 ineffabilis
1019 2971 1259 3042 iudicis
1313 2969 1655 3042 ineffabile
1709 2992 1978 3065 quoque
2022 2969 2338 3044 iudicium
2393 2981 2820 3065 perseueret„
2872 2980 2943 3043 et
2994 2973 3471 3066 omnipotentis
3509 2970 3798 3046 discre-

482 3081 576 3147 tio
634 3098 728 3147 ex
779 3080 1140 3147 inexausto
1195 3074 1579 3169 procedens
1636 3074 1824 3146 fonte
1876 3084 2151 3145 terrena
2206 3073 2558 3169 dispenset
2609 3076 2912 3169 imperia.
2983 3074 3147 3147 Ideo
3204 3098 3337 3168 ego
3395 3077 3798 3147 cresimirus

486 3180 711 3251 diuina
767 3183 984 3272 gratia
1066 3180 1401 3270 largiente
1482 3178 1788 3249 chroatie
1868 3187 2070 3272 atque
2153 3176 2470 3250 dalmatie
2536 3182 2682 3250 iura
2737 3176 3151 3271 gubernans..
3232 3189 3435 3273 atque
3488 3183 3597 3249 aui
3649 3182 3792 3250 mei

479 3284 682 3355 beate
730 3285 1056 3355 memorie
1095 3286 1428 3356 cresimiri
1465 3286 1676 3375 regiS,
1729 3284 2076 3377 patrisque
2130 3284 2265 3352 mei
2317 3286 2504 3375 regis
2561 3281 2896 3377 stephani,
2947 3286 3014 3353 in
3071 3283 3266 3354 elisio
3324 3304 3564 3377 campo
3619 3281 3796 3354 feli-

481 3390 653 3459 citer
706 3390 1119 3482 quiescentis
1178 3385 1488 3459 habenas
1540 3390 1738 3478 regni
1790 3388 2116 3458 retinens.
2174 3386 2379 3458 Anno
2434 3385 2774 3459 dominice
2825 3389 3326 3458 incarnacionis
3354 3385 3565 3458 Jhesu
3595 3385 3794 3457 chri·-

485 3495 570 3564 sti
623 3492 874 3564 domini
925 3495 1141 3564 nostri
1192 3490 1282 3563 Μ.
1338 3486 1450 3562 lx⁰
1514 3487 1709 3562 VIII⁰
1760 3487 2139 3562 Indictione
2189 3486 2338 3561 Vll.
2390 3488 2649 3585 Epacta
2701 3512 2871 3562 uero
2905 3490 2990 3561 V.
3048 3500 3496 3562 concurrente
3550 3489 3658 3562 111.
3715 3489 3793 3563 Iu

482 3605 719 3667 nostro
775 3599 1068 3670 nonensi
1122 3595 1454 3667 cenaculo
1507 3594 1847 3682 residens,
1921 3616 2053 3665 una
2109 3615 2260 3664 cum
2316 3598 2569 3668 nostris
2620 3598 2912 3688 iupanis‚
2986 3593 3341 3668 comitibus
3398 3606 3597 3689 atque
3644 3591 3796 3665 ‘ba-

480 3705 612 3788 ιιίε,
688 3700 1058 3793 capellanis
1129 3703 1329 3771 etiam
1410 3708 1646 3770 nostre
1721 3697 1974 3789 regalis
2042 3698 2221 3785 aule,
2295 3700 2602 3791 cogitare
2658 3699 2962 3792 cepimus
3018 3699 3303 3793 qualiter
3358 3703 3792 3794 omnipotens

479 3805 650 3876 deus
730 3802 1121 3874 hereditarii
1192 3804 1388 3895 regni
1467 3804 1682 3873 nostri
1765 3824 2102 3873 concessa
2185 3799 2645 3892 gubernacula
2731 3813 3203 3882 conseruaret„
3286 3812 3355 3873 et
3435 3801 3790 3874 animabus

480 3930 785 3979 meorum
835 3908 1407 4001 predecessorum
1478 3908 1778 3999 requiem
1837 3917 2142 3976 eternam
2198 3905 2503 3977 donaret.
2586 3906 2820 3977 Inueni
2901 3905 3103 3978 nichil
3157 3909 3225 3976 in
3281 3904 3600 4003 operibus
3654 3909 3791 3977 mei

481 4014 809 4082 memorie
881 4012 1149 4104 dignius
1220 4010 1557 4103 nichilque
1629 4008 1761 4080 deo
1819 4008 2324 4104 acceptabilius⁹
2408 4033 2605 4104 quam
2662 4033 2755 4081 ex
2809 4020 3040 4082 nostra
3085 4015 3394 4081 terrestri
3448 4011 3599 4082 aula
3656 4033 3794 4081 su·-

478 4137 842 4211 pernorum
901 4117 1147 4186 ciuium
1184 4124 1386 4208 atque
1424 4123 1811 4184 sanctorum
1868 4123 2138 4187 sacrata
2193 4113 2571 4185 habitacula
2627 4113 3208 4209 possessionibus„
3262 4113 3798 4207 muneribusque

410 4259 431 4284 1
479 4220 694 4291 ditare
741 4219 1118 4312 condignis,
1192 4217 1424 4310 Igitur,
1483 4220 1635 4311 quia
1693 4217 1863 4289 deus
1919 4220 2347 4313 omnipotens
2402 4229 2583 4290 terra
2639 4222 2941 4313 marique
2996 4228 3297 4289 nostrum
3354 4218 3796 4313 prolongavit

477 4346 798 4416 regnum„
875 4323 1304 4395 decreuimus
1360 4331 1429 4392 et
1481 4332 1914 4416 perprompto
1990 4326 2215 4394 animo
2289 4320 2733 4394 stabiliuimus
2817 4325 3300 4393 monasterium
3375 4324 3794 4395 sanctissimi

479 4426 557 4498 G.
617 4430 934 4516 martiris,
1018 4430 1209 4498 cuius
1296 4423 1691 4497 uenerabile
1775 4446 2023 4519 corpus
2083 4425 2259 4498 infra
2332 4425 2644 4518 ejusdem
2717 4429 3005 4497 ciuitatis
3087 4429 3311 4497 menia
3389 4429 3794 4520 requiescit,

476 4528 733 4624 prediis
790 4540 990 4624 atque
1045 4527 1604 4626 possessionibus
1657 4528 2027 4618 honorare,
2085 4529 2280 4601 simul
2335 4533 2486 4624 quia
2540 4532 2610 4602 in
2664 4533 2883 4624 gestis
2928 4540 3446 4604 antecessorum
3500 4539 3797 4603 nostro-

475 4655 625 4703 rum
679 4656 964 4725 regnum
1023 4635 1344 4727 (regum)
1399 4633 1621 4706 silicet
1691 4632 2450 4723 excellentissimorum,
2521 4637 2590 4705 in
2645 4638 2902 4731 campis
2958 4644 3028 4706 et
3079 4637 3435 4707 territoriis
3484 4634 3802 4729 plurimis

478 4734 855 4833 predictum
910 4741 1394 4809 monasterium
1447 4738 1831 4809 inuenimus
1884 4737 2400 4832 priuilegiatum.
2457 4733 2602 4810 Nos
2659 4761 2829 4833 ergo
2888 4761 2926 4809 a
2981 4737 3590 4833 predecessoribus
3644 4759 3802 4809 no-

479 4842 638 4914 stris
674 4842 744 4913 in
780 4841 964 4913 nullo
1018 4841 1401 4922 deuiantes„
1454 4863 1580 4937 pro
1617 4839 1923 4912 remedio
1965 4844 2188 4912 anime
2226 4864 2406 4929 mee„
2462 4863 2906 4937 meorumque
2961 4845 3255 4914 omnium
3311 4840 3810 4915 defunctorum·

480 4944 827 5018 offerimus
877 4944 1012 5016 hoc
1065 4955 1136 5017 et
1188 4945 1409 5019 stabili
1478 4956 1723 5018 tenore
1793 4944 2126 5016 donamus
2195 4944 2344 5017 Tibi
2397 4944 2793 5019 beatissimo
2850 4943 2928 5018 G.
2986 4944 3461 5038 (Grisogono)
3532 4949 3802 5018 martiri

478 5050 787 5142 glorioso
843 5059 912 5122 et
962 5071 1090 5145 per
1140 5058 1208 5122 te
1263 5049 1539 5123 domino
1592 5059 1787 5144 petro
1840 5058 1958 5121 tue
2015 5058 2252 5122 sancte
2308 5050 2461 5122 aule
2515 5049 2721 5145 digno
2778 5048 3028 5141 abbati,
3090 5060 3390 5122 nostram
3447 5053 3800 5146 propriam

475 5156 794 5243 insulam,
849 5157 920 5227 in
972 5162 1210 5227 nostro
1267 5153 1627 5226 dalmatico
1707 5155 1877 5224 mari
1950 5155 2174 5243 sitam,
2256 5175 2387 5249 que
2466 5164 2754 5227 uocatur
2828 5156 3081 5241 manni„
3167 5157 3277 5225 cui
3329 5176 3422 5226 ex
3478 5155 3806 5227 orientali

477 5269 670 5354 parte
726 5258 996 5331 adiacet
1046 5258 1292 5348 insula,
1349 5281 1480 5353 que
1525 5261 1594 5329 in
1629 5257 1897 5351 uulgari
1950 5258 2347 5330 sclauonico
2406 5259 2670 5354 „ueru“
2726 5267 3173 5354 nuncupatur,
3226 5266 3299 5330 ut
3336 5280 3489 5330 eam
3542 5255 3805 5332 haheat

481 5371 552 5433 et
593 5362 946 5457 possideat
978 5366 1047 5434 in
1085 5372 1419 5453 eternum,
1476 5361 1734 5456 absque
1790 5364 2117 5457 cuiusque
2169 5363 2546 5435 mortalium
2601 5360 3087 5457 inquietudine,
3138 5361 3514 5457 predictum
3569 5384 3806 5435 sanc—

475 5467 719 5538 tissimi
766 5468 1059 5584 martiris
1111 5469 1641 5557 monasterium3
1703 5488 1860 5540 nam
1914 5469 2016 5539 sic
2067 5465 2248 5539 hona
2294 5476 2529 5542 nostra
2584 5465 2896 5541 decrevit
2939 5467 3281 5559 uoluntas,
3338 5466 3812 5541 annuentibus
