3950 5917
501 415 656 492 210

501 618 890 698 bominibus
942 617 1171 713 Regni
1231 619 1450 693 nostri
1504 617 1878 691 Sclauonie
1949 618 2237 691 salutem
2293 627 2364 690 et
2415 623 2741 711 graciam.
2851 620 3341 711 Intelleximusq
3413 625 3587 720 quod
3634 647 3799 701 non-

502 723 670 800 nulli
746 731 987 796 essent
1058 745 1150 794 ex
1220 720 1453 811 vobis,
1530 725 1642 816 qui
1706 720 2013 793 decimas
2093 724 2568 795 vniuersarnm
2648 723 2946 819 frugum,
3024 723 3375 798 bladorum
3430 735 3499 800 et
3548 730 3798 802 a'iarum

503 850 734 901 rerum
814 826 1146 899 decimari
1225 826 1575 897 solitarum
1658 823 1745 897 de
1797 822 1999 897 bonis
2075 827 2332 897 vestris
2415 823 2597 898 fideli
2668 837 2906 899 nostro
2970 827 3385 901 Reuerendo
3437 832 3506 901 in
3558 829 3798 904 Christo

501 931 690 1004 Patri
768 929 1047 1004 domino
1101 928 1406 1003 Osualdo
1460 927 1809 1024 Episcopo
1889 926 2213 1002 Ecclesie
2291 927 2779 1021 Zagrabiensis
2858 935 3226 1026 prouenire
3304 931 3653 1023 debentes,
3724 955 3798 1008 eo

505 1034 741 1122 modo,
795 1044 1001 1132 provt
1052 1036 1324 1128 antiqua
1377 1032 1734 1128 priuilegia
1785 1030 1966 1103 dicte
2016 1030 2339 1104 Ecclesie
2412 1036 2866 1122 continerent,
2941 1045 3028 1106 et
3096 1035 3798 1130 quemadmodum

506 1160 672 1213 nos
727 1136 1236 1233 superinde
1293 1158 1463 1208 vna
1521 1156 1710 1207 cum
1763 1133 2179 1208 Prelatis
2233 1134 2878 1208 etBaronibus
2931 1141 3290 1211 nostris
3344 1137 3576 1212 alias
3628 1137 3799 1212 Gri-

509 1245 627 1314 sii
680 1238 1593 1330 deliberaueramus‚
1673 1238 1952 1311 soluere
2005 1247 2079 1310 et
2131 1236 2499 1310 extradere
2553 1249 2997 1326 recusarent3
3066 1244 3165 1314 in·
3191 1262 3326 1335 quo
3379 1244 3506 1336 ipsi
3556 1242 3799 1314 domino

508 1343 813 1418 Osualdo
892 1343 1239 1439 Episcopo
1292 1365 1376 1413 ac
1427 1341 1751 1415 Ecclesie
1832 1363 1958 1414 sue
2040 1363 2180 1414 non
2261 1340 2531 1414 modica
2611 1343 2984 1437 preiudicia
3050 1353 3120 1416 et
3178 1344 3469 1440 dampna
3543 1343 3805 1419 fuissent

508 1447 842 1521 hactenus
922 1457 1228 1519 causata.
1334 1444 1536 1518 Vnde
1587 1466 1722 1519 nos
1794 1445 2116 1519 volentes
2195 1461 2748 1541 vnumquemque
2830 1445 3249 1519 subditorum
3329 1457 3696 1520 nostrorum
3746 1457 3804 1519 et

513 1556 869 1648 signanter
918 1549 1232 1623 Prolatos
1285 1547 1756 1621 Ecclesiamm
1809 1547 2037 1642 Regni
2091 1551 2333 1637 nostri,
2390 1552 2502 1642 qui
2556 1551 2762 1621 cultui
2817 1550 3046 1623 diuino
3129 1554 3447 1623 continue
3517 1555 3801 1625 insistere

513 1653 792 1744 debent,
845 1657 913 1725 in
968 1675 1209 1727 eorum
1265 1655 1555 1746 antiquis
1610 1650 1869 1725 iuribus
1921 1650 2178 1724 illibate
2234 1674 2682 1744 conseruare,
2738 1652 3041 1726 fidelitati
3081 1664 3318 1726 vestre
3371 1654 3602 1726 harum
3645 1658 3801 1727 serie

511 1757 795 1831 firmiter
847 1759 1325 1829 committimus
1381 1766 1450 1827 et
1495 1754 1924 1843 mandamns,
1982 1764 2317 1851 quatenus
2370 1759 2669 1851 receptis
2723 1757 3181 1852 presentibus,
3237 1779 3478 1831 omnes
3532 1757 3801 1830 decimas

511 1861 601 1934 de
649 1861 848 1934 honis
901 1863 1155 1934 vestris
1210 1882 1313 1932 eo
1369 1859 1663 1946 modo,
1743 1869 2017 1954 provt
2096 1858 2336 1931 alias
2419 1858 2706 1931 Crisii
2787 1859 3297 1954 superinde
3371 1883 3553 1932 cum
3618 1860 3802 1931 Pre-

512 1964 736 2038 latis
793 1973 879 2037 et
931 1961 1452 2037 Beronibus
1506 1965 1870 2035 nostris
1926 1960 2834 2052 deliberaueramus‚
2908 1973 2980 2035 et
3033 1963 3596 2058 quemadmodum
3645 1966 3803 2034 anti—

515 2091 647 2162 qua
708 2068 1063 2163 priuilegia
1140 2069 1353 2162 ipsius
1405 2065 1728 2139 Ecclesie
1809 2063 2296 2159 Zagrabiensis
2378 2069 2751 2156 continentq
2831 2065 3099 2163 prefato
3181 2067 3457 2140 domino
3536 2065 3802 2139 Osualdo

513 2167 862 2267 Episcopo
918 2181 1035 2243 aut
1085 2166 1470 2242 hominibus
1525 2171 1671 2242 suis
1721 2190 1850 2263 per
1901 2190 2059 2241 eum
2113 2168 2199 2240 ad
2251 2169 2321 2240 id
2376 2168 2738 2265 deputatis,
2813 2173 2964 2243 sine
3019 2174 3204 2243 omni
3256 2192 3504 2243 recusa
3558 2167 3801 2266 persol-

515 2297 685 2348 uere
740 2284 811 2347 et
859 2273 1164 2370 persolui
1218 2271 1457 2345 facere
1512 2270 1843 2346 debeatis.
1949 2271 2085 2343 Vbi
2140 2282 2363 2345 autem
2421 2276 2713 2368 quipiam
2773 2297 2813 2345 e
2848 2273 3051 2346 vobis
3107 2295 3318 2348 secus
3371 2279 3438 2348 in
3492 2273 3805 2370 premissis

517 2376 754 2450 facere
810 2385 1245 2467 attentarent,
1328 2378 1830 2450 commissimus
1907 2383 1978 2447 et
2028 2379 2462 2471 presencium
2520 2380 2702 2449 serie
2758 2380 3055 2452 strictius
3127 2381 3601 2451 committimus
3648 2374 3807 2447 fide-

515 2480 693 2554 libus
749 2484 1003 2553 nostris
1059 2479 1265 2551 Banis
1321 2489 1392 2552 et
1438 2477 1812 2551 Vicebanis
1866 2476 2153 2574 predicti
2220 2479 2448 2572 Regni
2518 2484 2734 2554 nostri
2805 2480 3200 2568 Solemnis„
3282 2490 3363 2553 vt
3412 2484 3537 2578 ipsi
3584 2500 3705 2553 vos
3751 2485 3811 2549 et

521 2583 889 2679 quemlibet
958 2594 1268 2657 vestrum
1323 2582 1410 2655 ad
1464 2582 1871 2656 solutionem
1943 2582 2331 2656 huiusmodi
2397 2582 2811 2656 decimarum
2883 2584 3090 2657 modo
3161 2589 3501 2681 premisso
3568 2583 3808 2654 facien—

519 2687 702 2778 dam„
776 2691 963 2761 iuxta
1038 2696 1358 2759 contenta
1429 2684 1714 2758 Decreti
1781 2685 2077 2759 condam
2153 2686 2407 2759 domini
2477 2686 2896 2781 sigismundi
2964 2687 3407 2785 Imperatoris
3487 2682 3809 2783 superinde

523 2791 709 2880 editi,
765 2814 917 2862 cum
957 2789 1276 2879 birsagiis
1330 2792 1534 2862 trium
1587 2811 1969 2861 marcarum
2028 2812 2111 2862 ac
2148 2793 2353 2862 etiam
2407 2791 2537 2864 alia
2603 2803 2937 2887 oportuna
2992 2793 3297 2865 remedia
3357 2797 3601 2865 arctius
3635 2809 3808 2861 com-

523 2895 779 2990 pellant
831 2903 902 2966 et
957 2893 1405 2988 adstringant,
1488 2896 1890 2966 auctoritate
1967 2904 2203 2967 nostra
2282 2893 2503 2988 Regia
2585 2898 2753 2991 ipsis
2831 2894 3268 2991 presentibus
3339 2899 3407 2969 in
3474 2895 3602 2968 hac
3648 2898 3808 2989 parte

495 2996 840 3076 ‚attributa
893 3007 963 3069 et
1014 3000 1280 3070 iusticia
1335 2996 1720 3085 mediante3
1778 3020 1986 3071 secus
2042 3020 2215 3091 ergo
2267 3020 2407 3070 non
2462 2997 2725 3070 facturi.
2834 2997 3282 3073 Presentibus
3336 2999 3645 3096 perlectis
3693 3015 3810 3067 ex-

525 3098 780 3172 hibenti
834 3104 1183 3174 restitutis.
1288 3101 1536 3173 Datum
1589 3102 1872 3174 Posonii
1948 3099 2297 3174 Sabbatho
2365 3105 2681 3200 proximo
2735 3112 2895 3199 post
2944 3102 3197 3176 festum
3251 3104 3451 3177 Beati
3500 3098 3814 3175 Francisci

526 3200 990 3277 Confessoris.
1044 3205 1252 3277 Anno
1307 3203 1583 3276 Domini
1633 3203 1999 3278 Millesimo
2054 3204 2728 3301 quadringentesimo
2786 3210 3233 3301 sexagesimo
3291 3217 3561 3294 octauo,
3619 3201 3816 3295 Regni

520 3311 740 3382 nostri
791 3306 999 3381 Anno
1053 3307 1445 3398 undecimo,
1502 3305 2000 3383 Coronacionis
2048 3331 2223 3382 vero
2278 3311 2530 3404 quinto.

1637 3588 1877 3666 (nom
1917 3588 2130 3668 seyme
2171 3588 2353 3669 nequ
2396 3594 2745 3670 appr-ms.)

525 3828 672 3899 0113.
707 3829 922 3885 membr.
959 3831 1012 3882 in
1049 3829 1277 3884 Archivo
1313 3829 1482 3899 Regni
1518 3828 1778 3883 croatiae.
1830 3828 1967 3884 Priv.
2003 3829 2062 3883 N.
2100 3829 2187 3884 33.
