3950 5917
376 424 632 568 '1oe

1858 962 2431 1048 LXXXV.

1622 1276 1831 1375 φο
1899 1274 2140 1349 1339.
2220 1275 2658 1374 Zamam.

470 1562 1109 1645 Provinciam
1199 1557 1699 1641 Metlikam
1780 1584 1964 1640 una
2052 1580 2254 1641 cum
2337 1560 2896 1665 Sibestain,
2991 1559 3649 1669 Sicbemberg
3711 1574 3814 1644 et

472 1695 924 1779 Grachan
1002 1696 1451 1803 (nuncin
1515 1694 2065 1799 Carniolia)
2149 1701 2412 1778 intra
2490 1695 2950 1778 ambitum
3033 1696 3564 1780 Dioecesis
3632 1694 3810 1780 Za-

474 1814 1061 1942 ⁴grabicnsis
1114 1857 1345 1915 esse
1407 1832 1577 1914 sed
1628 1833 1741 1914 ab
1786 1832 2321 1940 Equitibus
2370 1833 3028 1916 'theutonicis
3087 1846 3533 1940 tempore
3592 1835 3812 1919 bel-

472 1973 832 2078 lorum,
903 1977 997 2053 in
1061 1970 1557 2078 Hungaria
1652 1983 2247 2077 exortorum,
2339 1996 2382 2050 a
2445 1970 2913 2052 Croatiae
3014 1969 3362 2078 Regno
3456 1973 3812 2053 avulsa

472 2120 487 2133 ·
1550 2108 1912 2214 fuisse,
1978 2107 2747 2190 demonstratur.

792 2378 869 2452 In
919 2380 1198 2454 nomine
1249 2375 1527 2453 Domini
1574 2377 1826 2453 Amen.
1912 2379 2122 2453 Anno
2177 2377 2486 2453 eiusdem
2537 2376 2906 2454 Millesimo
2957 2380 3446 2453 trecentesimo
3498 2377 3818 2473 quadra-

474 2486 793 2609 gesimo:
846 2480 1292 2556 Pontificatus
1344 2482 1758 2555 sanctissimi
1807 2484 1878 2554 in
1933 2478 2205 2557 Christo
2255 2484 2468 2578 patris
2521 2481 2776 2555 domini
2827 2478 3185 2555 Benedicti
3249 2479 3636 2555 duodecimi
3688 2479 3822 2554 di·-

482 2589 649 2661 vina
698 2584 1133 2684 providentia
1185 2583 1696 2659 sacrosanctae
1762 2582 2123 2658 Romanae
2174 2607 2260 2657 ac
2329 2585 2741 2663 universalis
2794 2583 3161 2660 Ecclesiae
3211 2586 3458 2658 summi
3506 2582 3818 2665 Pontia-2

478 2692 590 2765 cis
640 2688 850 2763 Anno
903 2687 1147 2762 Sexto.
1198 2687 1444 2762 Frater
1489 2686 1801 2761 Joannes
1854 2686 2130 2760 Ordinis
2184 2685 2667 2762 cisterciensis
2710 2684 2951 2762 Abbas
3005 2683 3408 2762 Conventus
3440 2684 3824 2761 Ecclesiae

476 2791 887 2867 monasterii
937 2788 1240 2865 Sanctae
1289 2788 1552 2867 Mariae
1623 2787 1712 2864 de
1763 2789 2076 2886 Toplica,
2145 2787 2635 2884 Zagrabiensis
2686 2787 3084 2882 Dioecesis,
3159 2788 3373 2863 iudex
3422 2792 3663 2864 unicus
3720 2789 3823 2865 ad

478 2894 921 2991 infrascripta
972 2915 1018 2966 a
1070 2891 1258 2968 Sede
1292 2892 1698 2991 Apostolica
1753 2892 2141 2987 delegatus,
2193 2892 2556 2970 Universis
2590 2895 3048 2990 praesentium
3103 2895 3426 2967 noticiam
3477 2891 3820 2969 habituris

478 2996 794 3073 Salutem
844 2999 917 3069 in
957 2996 1277 3071 Domino.
1330 2995 1622 3070 Litteras
1675 2994 2107 3070 Sanctissimi
2141 2994 2364 3069 Patris
2417 2996 2672 3070 domini
2722 2993 3080 3071 Benedicti
3125 2995 3356 3094 Papae
3408 2997 3818 3091 supradicti,

479 3103 638 3176 eius
688 3097 872 3172 bulla
922 3097 1237 3195 plumbea
1315 3102 1387 3172 in
1439 3098 1555 3173 filo
1610 3101 1891 3196 canapis
1945 3120 2141 3173 more
2192 3097 2551 3172 Romanae
2604 3097 2851 3172 Curiae
2905 3098 3221 3187 bullatas,
3301 3120 3510 3172 veras
3563 3108 3637 3171 et
3687 3102 3824 3172 in-

476 3210 749 3297 tegras,
820 3224 906 3275 ac
959 3206 1146 3277 omni
1202 3204 1580 3299 suspitione
1634 3211 1981 3292 carentes,
2050 3223 2176 3298 pro
2231 3211 2424 3298 parte
2475 3201 2840 3275 Ecclesiae
2893 3200 3381 3296 Zagrabiensis
3436 3211 3506 3275 et
3556 3200 3824 3274 Vene-

481 3304 795 3379 rabilium
872 3306 1178 3381 virorum
1241 3303 1528 3402 Capituli
1599 3304 1909 3379 eiusdem
1978 3303 2368 3396 Ecclesiae,
2447 3326 2573 3400 per
2622 3303 3109 3379 Reverendum
3189 3307 3408 3377 virum
3463 3303 3830 3389 dominum

472 3407 820 3482 Jacobum
871 3407 1259 3499 Lectorem,
1341 3406 1750 3482 Generalem
1804 3406 2155 3481 Vicarium
2209 3406 2555 3481 Venerab.
2623 3410 2695 3481 in
2749 3405 3018 3481 Christo
3089 3411 3301 3504 patris
3357 3407 3609 3481 domini
3661 3406 3834 3479 La-

478 3512 689 3587 dislai
737 3512 870 3585 Dei
923 3520 996 3585 et
1051 3512 1500 3609 Apostolicae
1569 3508 1775 3584 Sedis
1828 3513 2048 3604 gratia
2103 3509 2413 3584 eiusdem
2482 3509 2970 3605 Zagrabiensis
3021 3509 3386 3584 Ecclesiae
3440 3509 3831 3602 exhibitas,

481 3635 620 3689 nos
670 3618 1072 3710 percepisse
1151 3616 1488 3688 noveritis
1557 3617 1629 3687 in
1680 3614 1856 3686 baec
1907 3612 2149 3687 verba.
2202 3612 2618 3688 Benedictus
2665 3612 3053 3711 Episcopus
3107 3613 3374 3688 Servus
3428 3613 3832 3689 Servorum

483 3717 644 3803 Dei,
697 3716 947 3791 dilecto
1001 3717 1140 3790 filio
1193 3716 1448 3791 Abbati
1471 3716 1873 3791 Monasterii
1899 3716 2200 3789 Sanctae
2247 3715 2508 3791 Mariae
2561 3716 2649 3790 de
2683 3716 2993 3812 Toplica,
3038 3715 3524 3811 Zagrabiensis
3577 3716 3831 3791 Dice-

485 3823 702 3909 cesis,
756 3818 1060 3893 Salutem
1116 3829 1188 3892 et
1238 3819 1710 3916 Apostolicam
1764 3817 2337 3892 benedictionem.
2391 3818 2815 3892 Dilectorum
2869 3818 3156 3893 filiorum
3214 3817 3502 3915 Capituli
3542 3818 3834 3893 Eccle-

482 3925 637 4005 siae
691 3921 1180 4018 Zagrabiensis
1231 3922 1550 4020 precibus
1602 3922 1929 4012 inclinati,
1986 3926 2445 4017 praesentium
2496 3920 2615 3994 tibi
2668 3925 3073 3996 auctoritate
3126 3922 3552 4011 mandamuS,
3622 3946 3832 4018 qua—

482 4035 687 4101 tenus
743 4049 856 4117 ea,
937 4048 1112 4122 quae
1166 4024 1255 4099 de
1306 4025 1509 4101 bonis
1564 4027 1776 4123 ipsius
1827 4024 2193 4101 Ecclesiae
2247 4025 2540 4098 alienata
2594 4027 2945 4099 inveneris
3000 4026 3231 4099 illicite
3285 4027 3403 4098 vel
3457 4026 3844 4117 disuacm,

480 4129 578 4203 ed
630 4133 736 4202 ius
790 4137 861 4201 et
911 4131 1392 4226 proprietatem
1447 4128 1756 4203 eiusdem
1809 4127 2175 4203 Ecclesiae
2229 4128 2534 4222 legitime
2585 4150 2928 4202 revocare
2983 4150 3337 4224 procures.
3435 4126 3840 4202 Contradi-

482 4242 727 4305 ctores
779 4254 906 4328 per
959 4229 1335 4307 Censuram
1389 4230 1952 4307 Ecclesiasticam
1998 4231 2453 4328 appellatione
2505 4235 2884 4327 postposita
2939 4230 3448 4328 conpescendo.
3556 4231 3840 4307 Testes

485 4345 718 4408 autem
773 4338 886 4431 qui
936 4334 1190 4408 fuerint
1239 4337 1591 4426 nominati,
1672 4338 1734 4409 si
1786 4357 1866 4409 se
1920 4338 2168 4428 gratia,
2247 4334 2408 4407 odio
2461 4335 2579 4408 vel
2632 4339 2877 4409 timore
2931 4335 3418 4423 subtraxerint,
3497 4332 3840 4411 Censura

484 4440 718 4528 simili,
800 4439 1256 4534 appellatione
1334 4447 1685 4526 cessante,
1763 4438 2138 4533 compellas
2219 4439 2491 4510 veritati
2559 4441 3018 4512 testimonium
3069 4436 3454 4534 perhibere.
3560 4438 3844 4513 Datum

480 4541 856 4635 Avinioms
902 4550 1143 4637 quarto
1179 4540 1418 4615 Nonas
1445 4539 1689 4614 Martii.
1742 4536 2185 4615 Pontificatus
2211 4538 2446 4613 Nostri
2499 4562 2680 4614 anno
2736 4545 2990 4635 quinto.
3045 4539 3304 4628 Quibus
3358 4540 3629 4637 quidem
3691 4542 3840 4616 lit-—

484 4645 657 4715 teris
711 4643 1161 4737 Apostolicis,
1215 4665 1340 4740 per
1392 4665 1523 4717 nos
1577 4663 1732 4714 cum
1786 4664 1899 4731 ea,
1952 4664 2084 4737 qua
2123 4641 2376 4733 decuit,
2431 4647 2826 4717 reverentia
2880 4646 3205 4741 receptis,
3259 4645 3442 4721 idem
3494 4644 3850 4720 dominus

478 4743 795 4815 Jacobus
848 4744 1164 4819 vicarius
1243 4748 1519 4818 nomine
1601 4743 1907 4818 eiusdem
1988 4741 2475 4840 Zagrabiensis
2553 4746 2918 4820 Ecclesiae
2999 4744 3287 4843 Capituli
3340 4750 3652 4842 graviter
3713 4759 3850 4822 est

486 4855 994 4941 conquaestus:
1067 4847 1267 4936 Quod
1316 4846 1714 4942 Religiosus
1782 4851 1893 4921 vir
1945 4847 2187 4920 Frater
2237 4847 2603 4940 Henricus,
2684 4849 2944 4923 ordinis
2997 4847 3505 4924 Cruciferorum
3563 4850 3846 4924 domus

484 4948 1006 5022 Theotbonicae
1079 4948 1611 5023 commendator
1678 4952 1833 5024 sive
1908 4959 2320 5047 praeceptor
2390 4951 2632 5026 domus
2711 4953 3022 5027 eiusdem
3094 4952 3183 5026 de
3255 4950 3677 5027 Chernomel
3759 4958 3844 5027 iu

484 5050 839 5142 Metblica,
920 5061 991 5125 et
1045 5050 1297 5125 fratres
1350 5055 1526 5144 eius,
1605 5052 1911 5128 decimas
1991 5052 2243 5126 ibidem
2295 5063 2366 5126 et
2418 5057 2946 5151 circumquaque
3017 5054 3103 5128 ad
3156 5059 3378 5151 ipsum
3432 5053 3856 5152 Capitulum

486 5158 940 5249 pertinentes,
994 5154 1294 5229 indebite
1338 5168 1711 5254 occupatas
1764 5153 2253 5253 percipiebant,
2335 5179 2506 5252 quas
2556 5156 2832 5253 petebat
2902 5159 2990 5232 ad
3042 5162 3149 5232 ius
3203 5170 3274 5233 et
3325 5164 3848 5257 proprietatem

485 5254 858 5332 Ecclesiae
893 5256 1407 5353 Zagrabiensis,
1461 5271 1532 5333 et
1581 5282 1709 5356 per
1744 5281 2208 5355 consequens,
2254 5255 2540 5356 Capituli
2593 5260 2903 5335 eiusdem
2953 5261 3218 5353 reduci,
3267 5265 3444 5337 sicut
3494 5263 3858 5338 babeba-

484 5379 646 5434 nnus
715 5383 840 5457 per
889 5362 1333 5527 Apostolicas
1401 5364 1638 5438 literas
1705 5366 1776 5436 in
1848 5361 2203 5438 mandatis.
2308 5361 2457 5438 Nos
2527 5385 2704 5438 vero
2775 5364 3016 5439 ordine
3087 5368 3252 5440 iuris
3321 5367 3864 5462 procedentes,
