3950 5917
491 375 651 484 1¹⁰⁰

482 581 1127 678 Hildburgsbausen
1184 572 1509 657 Partibus
1561 587 1633 656 in·
1684 583 1817 657 illis
1887 582 2182 657 Militare·
2257 582 2616 679 Imperium
2696 580 3205 670 insinuationis
3285 604 3379 653 ex
3427 581 3794 655 Earuudem

495 681 939 760 conferentia
1008 691 1397 783 nuperrime
1449 684 1675 759 babila
1726 685 1941 760 Nobis
1996 687 2223 760 medio
2284 685 2721 782 peculiariter
2790 689 3297 760 exmissorum
3291 684 3792 779 Ableg'atorum

495 807 772 861 suornm
827 789 1197 864 humillime
1250 799 1760 886 exposuerunt3
1818 781 2099 876 Quibus
2157 780 2453 883 benigne
2518 789 2908 875 intellectis
2987 790 3201 861 veluti
3256 788 3401 862 No's
3451 789 3794 882 Augusta-

496 905 645 987 que
682 892 945 967 Domus
996 904 1232 969 nostra
1285 894 1620 968 hactenus
1674 898 1935 966 cunctis
1988 898 2057 965 in
2111 897 2569 984 occurrentijs
2631 895 2951 965 eximiam
3007 892 3430 992 Fidelitatem
3483 891 3793 965 Fidelium

497 995 806 1070 Statuam
860 1007 930 1069 et
981 995 1306 1071 Ordinum
1360 996 1758 1091 Regnorum
1811 1007 2165 1070 nostorum
2224 995 2544 1068 Croatiae
2600 989 2686 1067 ac
2738 994 3157 1068 Sclavoniae
3230 1002 3526 1096 experti
3548 996 3794 1067 fuisse·

495 1122 671 1184 mus
722 1123 809 1173 ac
862 1101 949 1174 de
1003 1101 1330 1175 ulteriore
1376 1122 1657 1196 quoque
1711 1100 2051 1193 eJ'usmodi
2102 1098 2390 1202 insignis
2444 1099 2854 1172 Devotionis
2910 1109 2979 1172 et
3017 1099 3389 1173 Fidelitatis
3444 1104 3794 1172 continua-

487 1206 675 1278 tione
724 1203 1067 1277 indubiam
1121 1226 1317 1300 spem
1369 1201 1585 1276 Nobis
1656 1201 1940 1276 firmiter
1991 1194 2497 1299 polliceremur
2569 1208 2660 1274 ita
2709 1207 2779 1274 in
2835 1202 3017 1274 Casu
3073 1208 3449 1295 ingruentis
3499 1202 3672 1275 Belli
3720 1225 3794 1272 ac

490 1309 645 1381 dum
701 1309 789 1381 ad
835 1308 1335 1404 reprimendam
1388 1307 1698 1380 Hostium
1752 1305 1911 1379 Vim
1982 1306 2319 1398 validior,
2399 1328 2621 1402 eaque
2692 1306 3000 1399 regulata
3073 1305 3307 1378 Militia
3362 1310 3428 1378 in
3485 1306 3792 1379 Districtu

485 1409 986 1485 Jurisdictionis
1064 1411 1341 1484 Banalis
1410 1413 1811 1484 necessaria
1866 1422 1976 1485 est
2019 1409 2269 1498 futura,
2325 1414 2477 1501 eius
2533 1410 3134 1481 clementissimam
3214 1408 3499 1482 habituri
3575 1431 3791 1483 sumus

485 1515 964 1604 reflexionem,
1016 1537 1110 1589 ne
1146 1514 1448 1587 Servilio
1484 1524 1723 1586 nostro
1758 1513 1879 1589 vel
1914 1516 2116 1586 etiam
2164 1513 2444 1586 Publice
2494 1513 2689 1585 Bono
2728 1511 3392 1608 Conservationique
3445 1512 3791 1608 Ipsorum-

485 1627 627 1691 met
676 1617 1006 1690 Fidelium
1057 1618 1365 1691 Statuam
1423 1616 1580 1712 quid
1634 1616 1858 1690 desit:
1939 1616 2027 1689 Et
2079 1638 2304 1713 neque
2357 1627 2901 1713 praememorata
2975 1615 3255 1708 Consilii
3313 1620 3528 1689 nostri
3584 1616 3791 1688 Aulae

487 1721 723 1793 Bellici
757 1720 1130 1795 Insinuatio
1170 1742 1256 1792 eo
1297 1742 1506 1793 sensu
1561 1721 1891 1793 sumenda
1911 1731 2128 1809 esset,
2183 1724 2375 1816 quasi
2432 1719 2791 1815 Imperium
2845 1718 3135 1790 Militare
3190 1721 3320 1792 illis
3373 1724 3439 1791 in
3497 1717 3792 1792 Partibus

484 1823 857 1913 habiturus,
909 1847 1062 1896 cum
1097 1823 1444 1909 Fidelibus
1482 1822 1808 1914 Statibns
1863 1827 2125 1898 omisso
2163 1824 2388 1897 medio
2435 1825 2782 1915 legitimae
2821 1832 2890 1895 et
2927 1828 3374 1916 competentis
3411 1822 3792 1895 Eorundem

485 1926 875 2014 Ιιιειιιιιῑίιιε,
949 1950 1074 2023 pro
1131 1950 1257 2000 suo
1312 1925 1591 2001 arbitrio
1664 1938 1936 2000 acturus
1992 1937 2207 2012 esset,
2282 1950 2434 1998 cum
2491 1949 2829 2021 expressa
2901 1924 3195 2017 benigna
3281 1949 3474 1998 mens
3530 1937 3604 1997 et
3661 1949 3791 1999 vo-

480 2031 704 2104 luntas
758 2040 992 2104 nostra
1049 2033 1325 2118 existat,
1381 2040 1452 2102 ut
1504 2053 1615 2120 ea,
1671 2052 1849 2152 quae
1903 2053 1943 2100 a
1998 2041 2191 2134 parte
2244 2030 2772 2102 Provincialium
2828 2029 3160 2152 dictorum
3214 2029 3615 2152 Regu-orum
3663 2052 3791 2102 no-

476 2236 669 2310 Rani
698 2236 1164 2311 Fidelitatibus
1235 2237 1531 2310 Vestris
1574 2240 1965 2309 intimentur
2018 2246 2089 2317 et
2139 2241 2595 2325 innotescant,
2669 2259 2754 2308 ac
2806 2259 2974 2329 erga
3027 2238 3233 2324 talem
3306 2236 3792 2311 Intimationem

477 2363 638 2412 sua
657 2340 1045 2413 modalitate
1099 2351 1407 2436 prompte
1462 2343 1668 2413 etiam
1717 2350 2174 2435 praestentur
2249 2351 2317 2412 et
2372 2342 2542 2413 alias
2598 2362 2867 2434 quoque
2919 2338 3197 2413 Fideles
3245 2340 3478 2414 Status
3535 2352 3607 2413 et
3656 2340 3791 2412 Or-

476 2444 672 2516 dines
726 2455 1298 2540 praeattactorum
1354 2442 1673 2516 Croatiae
1727 2465 1819 2515 ac
1865 2442 2285 2517 sclavoniae
2366 2441 2763 2537 Regnorum
2818 2453 3206 2517 nostrorum
3280 2447 3349 2515 in
3396 2447 3601 2535 justis
3657 2447 3790 2516 suis

471 2546 774 2637 Iuribus,
843 2547 1357 2641 Praerogativis
1432 2557 1502 2619 et
1571 2545 1962 2640 Privilegijs
2036 2546 2425 2620 omnimode
2506 2556 3005 2619 conserventur
3076 2557 3786 2641 manuteneanturque.

477 2649 705 2723 Gratia
778 2655 846 2724 in
902 2651 1163 2747 reliquo
1235 2661 1470 2724 nostra
1526 2647 2151 2745 Caesareo-Regia
2218 2650 2685 2724 Fidelitatibus
2743 2635 3009 2723 Vestris
3064 2649 3359 2745 benigne
3405 2653 3789 2745 jugiterque

471 2758 795 2850 propensi
859 2764 1235 2826 manentes.
1342 2753 1589 2825 Datum
1659 2756 1726 2825 in
1784 2749 2075 2828 civitate
2154 2754 2404 2828 Nostra
2476 2752 2745 2827 Vienna
2819 2755 3170 2845 Austriae‚
3248 2754 3379 2826 Die
3458 2758 3790 2848 vigesima

474 2875 655 2929 nona
707 2860 968 2931 mensis
1021 2855 1434 2931 Novembris
1487 2857 1695 2930 Anno
1749 2856 2025 2932 Domini
2075 2857 2437 2931 Millesimo
2494 2861 3102 2953 septingentesimo
3165 2862 3520 2949 trigesimo
3575 2867 3792 2932 sexto.

792 3061 1134 3137 Carolus
1188 3085 1275 3135 m.
1331 3087 1394 3158 p.

2107 3268 2360 3343 Comes
2413 3269 2804 3344 Ludovicus
2860 3270 2947 3343 de·
2998 3252 3335 3368 Batth‘ya'n
3393 3293 3480 3341 m.
3522 3295 3586 3366 p.

2416 3476 2660 3552 Petrus
2712 3476 2915 3573 Vegb
2970 3501 3056 3550 m.
3105 3502 3167 3573 p.

1966 3726 2020 3785 A
2069 3735 2292 3801 teu-90·

775 3910 1235 4002 Reverendis
1316 3910 1873 4002 Honorabilibus
1943 3913 2444 4010 spectabilibus
2520 3940 2604 3989 ac
2669 3916 3098 4012 Magnificis‚
3173 3918 3566 4013 Magnificis
3640 3925 3793 3991 item

460 4011 788 4108 Egregijs
859 4025 929 4087 et
983 4013 1362 4106 Nobilibus
1442 4038 1577 4088 nec
1646 4039 1784 4090 non
1854 4017 2305 4091 Prudentibus
2361 4042 2445 4092 ac
2498 4017 3027 4118 Circumspectis
3099 4020 3181 4094 N.
3236 4021 3318 4096 N.
3391 4021 3792 4115 Regnorum

458 4128 849 4189 nostrorum
905 4117 1309 4210 Dalmatiae
1365 4117 1688 4192 Oroatiae
1742 4131 1812 4195 et
1863 4121 2282 4197 Sclavoniae
2335 4126 2682 4200 universis
2753 4124 3053 4201 Statibus
3109 4148 3194 4198 ac
3246 4125 3624 4200 Ordinibus
3673 4129 3790 4199 stc.

460 4217 833 4354 Fidelibus
877 4220 1094 4296 Nobis
1150 4222 1453 4316 dilectis.

1969 4431 2082 4526 (L.
2160 4432 2277 4525 S.)
2360 4465 2364 4469 >

447 4678 601 4752 orig.
633 4685 689 4737 in
724 4683 955 4739 Arcblvo
989 4683 1162 4755 Regni
1197 4682 1460 4740 croatiae.
1492 4685 1624 4739 Aeta
1658 4686 1829 4762 Regni
1864 4683 2298 4757 Congrogationis
2332 4689 2397 4744 A.
2438 4690 2588 4744 1⁷36.
2625 4689 2685 4744 R.
2724 4692 2806 4745 53.
