3950 5917
3335 446 3512 529 ἃθῖ

134 655 341 747 regia
418 649 886 748 dignammur.
988 651 1227 750 ltaque
1295 674 1430 728 nos
1497 650 1954 749 peticionibus
2025 652 2339 729 eiusdem
2408 651 2880 729 fauorabffiter
2945 656 3249 731 inclinati
3264 709 3290 750 ,
3360 667 3504 732 tam

142 754 462 852 predicta
516 754 1106 846 consideratione,
1169 778 1257 829 ea
1327 755 1682 847 videlicet,
1759 765 1835 829 ut
1900 754 2086 829 idem
2156 758 2489 850 magister
2558 756 2805 831 Donch
2870 759 2942 832 in
2996 761 3184 832 curia
3255 769 3499 837 nostra

144 861 413 932 existat
458 867 535 931 et
580 857 914 948 resideat,
967 880 1055 931 ac
1100 856 1303 933 nobis
1356 858 1786 933 commodius
1836 859 2074 933 valeat
2123 857 2463 950 famulari,
2517 881 2718 956 quam
2771 881 2897 956 pro
2950 864 3097 937 suis
3150 863 3504 955 serviciis,

142 964 477 1057 quoniam
518 958 886 1036 'debemus
939 960 1302 1035 cuiuslibet
1365 960 1664 1035 fidelium
1731 970 2128 1035 nostrorum
2198 964 2499 1036 servicia
2570 962 2955 1055 attendere,
3025 975 3098 1038 et
3147 967 3317 1061 ipsis
3368 987 3502 1062 pro

142 1064 425 1139 eisdem
477 1066 801 1138 serviciis
856 1084 1020 1139 esse
1073 1062 1520 1154 fauorabiles,
1575 1074 1646 1138 et
1677 1068 1934 1161 pariter
1976 1067 2347 1159 generosi;
2398 1064 2777 1161 predictum
2832 1075 3134 1142 castrum
3185 1078 3498 1143 nostrum

142 1165 522 1241 Camarum
568 1175 944 1257 vocatum,
1016 1189 1175 1240 cum
1246 1166 1558 1242 omnibus
1630 1170 1776 1242 suis
1828 1165 2228 1242 Vtilitatibus
2281 1177 2355 1241 et
2403 1170 2872 1264 pertinenciis,
2942 1170 3127 1244 villis
3199 1172 3500 1263 scilicet,

136 1269 450 1361 tributis,
502 1272 816 1367 piscinis,
872 1272 1027 1346 sive
1077 1272 1442 1366 piscaturis
1494 1279 1571 1345 et
1619 1271 1772 1345 aliis
1825 1272 2175 1347 universis
2226 1279 2306 1393 ιιι
2351 1272 2639 1365 singulis
2689 1270 2975 1362 iuribus,
3027 1275 3160 1346 rite
3213 1282 3284 1348 et
3316 1278 3506 1350 iuste

138 1373 233 1447 ad
290 1377 521 1471 ipsum
574 1382 901 1463 castrum
956 1374 1179 1448 salwo
1231 1376 1382 1448 iure
1433 1373 1689 1465 alieno,
1744 1371 1871 1447 sub
1924 1376 2154 1464 metis,
2224 1376 2532 1448 terminis
2600 1384 2673 1448 et
2721 1374 3233 1451 limitationibus
3302 1381 3502 1452 anti-

134 1480 329 1574 quis,
413 1475 883 1573 spectantibus
936 1486 1008 1549 et
1054 1475 1576 1574 pertinentibus,
1655 1474 1881 1551 eidem
1936 1480 2267 1571 magistro
2346 1475 2620 1569 Donch,
2699 1480 2814 1572 qui
2888 1481 3113 1575 ipsum
3193 1489 3496 1555 castrum

134 1579 525 1654 numm-1
574 1577 707 1655 sibi
755 1577 941 1671 fore,
1000 1588 1081 1653 vt
1129 1579 1527 1676 predicitur,
1576 1582 1800 1674 magis
1850 1578 2050 1671 vtile,
2099 1601 2305 1675 quam
2357 1586 2590 1655 castra
2637 1579 2950 1676 predicta
3000 1580 3369 1677 allegabat,
3422 1586 3502 1660 ά

137 1705 183 1756 a
238 1681 454 1759 nobis
506 1685 577 1757 ei
624 1682 776 1756 dari
825 1685 1317 1758 instantissime
1367 1693 1650 1780 propter
1702 1705 1953 1758 causas
2006 1680 2354 1778 predictas
2406 1681 2821 1779 postulabat,
2874 1682 3211 1778 dedimus,
3263 1685 3493 1761 tradi-

136 1787 372 1863 dimus
411 1795 484 1859 et
518 1787 955 1881 contulimus,
1006 1788 1154 1858 iure
1205 1796 1539 1883 perpetuo
1593 1796 1665 1859 et
1709 1783 2284 1876 irrevocabiliter,
2338 1788 2410 1858 in
2460 1784 2641 1862 filios
2695 1786 2986 1867 filiorum
3038 1792 3189 1863 eius
3243 1798 3314 1862 et
3348 1789 3498 1864 he-

134 1889 357 1965 redes
410 1887 933 2012 possidendum,
985 1889 1357 1963 tenendum
1406 1894 1667 1985 pariter
1709 1898 1781 1962 et
1831 1885 2259 1978 habendum,
2310 1886 2620 1983 predicto
2672 1898 2902 1963 tamen
2955 1884 3293 1964 Comitatu
3330 1887 3482 1965 Ga·-

136 1995 487 2068 nnriensi
554 1989 757 2066 nobis
826 2002 899 2066 ct
966 1994 1223 2067 nostris
1291 1991 1658 2067 heredibus
1729 1994 1886 2066 sive
1955 1989 2481 2067 successoribus
2551 2002 2958 2081 reservat03
3030 2016 3071 2067 e
3135 2010 3489 2072 converso

137 2095 425 2194 quidem
500 2097 834 2190 magister
885 2095 1128 2168 Donch
1180 2098 1253 2169 in
1302 2097 1888 2192 permutacionem
1958 2092 2124 2168 dicti
2192 2097 2402 2170 castri
2455 2091 2843 2186 Camarum,
2915 2093 3301 2192 supradicta
3352 2118 3492 2171 ca-

138 2209 285 2273 stra
340 2197 664 2292 Sti-igow
717 2208 787 2271 et
839 2195 1304 2295 Chakturnya,
1377 2221 1529 2271 cum
1586 2198 1899 2274 omnibus
1967 2199 2411 2293 pertinenciis
2481 2198 2905 2290 eorumdem,
2977 2196 3217 2294 quibus
3290 2204 3490 2276 erant

136 2301 272 2377 sibi
330 2310 622 2391 statuta,
676 2299 878 2375 nobis
931 2309 1002 2373 et
1051 2304 1308 2375 nostris
1359 2300 1729 2376 heredibus
1783 2323 1870 2374 ac
1922 2299 2448 2377 successoribus
2516 2299 2742 2375 reddit
2794 2311 2865 2374 et
2914 2306 3207 2378 restituit
3275 2305 3488 2400 pleno

134 2408 331 2493 inre3
386 2404 696 2500 nihilque
745 2406 1180 2502 proprietatis
1232 2402 1365 2479 sibi
1397 2414 1470 2479 et
1504 2406 1649 2481 suis
1700 2402 2129 2480 heredibus
2106 2426 2178 2477 ιιι
2211 2406 2381 2500 ipsis
2436 2407 2684 2480 camis
2735 2402 3043 2499 Strigow
3091 2410 3163 2479 et
3197 2403 3488 2479 Chaak-

140 2516 424 2606 ιιι-ιιγι,
478 2528 859 2604 eorumque
908 2505 1167 2583 iuribus
1221 2517 1292 2581 et
1342 2510 1785 2604 pertinenciis
1836 2509 2184 2583 universis
2238 2507 2570 2604 deinceps
2621 2507 3075 2582 reservando.
3155 2507 3232 2581 ln
3285 2512 3486 2585 edus

16 2628 19 2707 Q
138 2616 243 2687 rei
280 2614 705 2685 memoriam
740 2620 812 2684 et
844 2610 1227 2684 firmitatem
1278 2621 1703 2708 perpetuam,
1754 2620 2121 2707 presentes
2173 2610 2400 2686 eidem
2453 2613 2928 2688 concessimus
2978 2611 3250 2688 litteras
3298 2611 3484 2709 dup-

16 2710 19 2783 ῑ
138 2716 333 2891 ffis
390 2713 771 2788 authentici
822 2715 1029 2809 sigilli
1078 2718 1297 2790 nostri
1350 2718 1772 2812 appensione
1825 2716 2298 2789 communitas.
2394 2713 2639 2789 Datum
2695 2737 2822 2811 per
2871 2736 3113 2789 manus
3164 2734 3487 2788 venera·—

230 2822 247 2838 '
340 2821 489 2892 viri
546 2821 857 2911 magistri
888 2816 1330 2911 ThatameriJ‘,
1383 2817 1711 2892 Albensis
1762 2814 2086 2892 Ecclesia
2137 2814 2502 2914 Prepesiti,
2556 2819 2712 2891 aule
2765 2828 3005 2892 nostre
3057 2816 3485 2892 vice-Can·-

144 2923 431 3007 cellarii,
507 2920 743 2994 dilecti
796 2931 869 2994 et
918 2920 1141 2994 fidelis
1192 2925 1446 3012 nostri,
1517 2932 1756 3017 quarto
1809 2942 2033 2995 nonas
2082 2920 2293 3012 Junii,
2365 2942 2547 2995 anno
2599 2918 2874 2995 Domini
2925 2920 3288 2996 Millesimo
3341 2924 3481 2994 tri·—

143 3030 533 3099 centesimo
610 3027 962 3097 tricesimo
1016 3035 1279 3121 quarto.
1384 3021 1910 3099 Venerabilibus
1962 3027 2035 3097 in
2088 3021 2360 3098 Christo
2429 3022 2734 3120 patribus
2796 3034 2867 3097 et
2917 3022 3212 3099 dominis
3285 3022 3488 3098 Oh·-

18 3142 19 3167 ³
144 3128 395 3203 audino
449 3126 940 3222 strigoniensi,
1003 3127 1217 3202 fratre
1266 3126 1587 3202 Ladislao
1643 3127 2041 3217 Colocensi,
2094 3127 2252 3200 aule
2302 3137 2542 3202 nostre
2591 3124 3050 3219 cancellario,
3101 3126 3483 3225 Archiepi-

146 3236 402 3328 scopis.
482 3229 779 3304 Nicolao
838 3230 1210 3323 Jauriensi,
1283 3230 1603 3307 Ladislao
1673 3230 2432 3326 Quinqueecclesiensi,
2509 3230 2794 3304 Andrea
2873 3230 3330 3305 Transilvano
3409 3236 3483 3304 et

144 3335 277 3408 nno
346 3332 645 3408 Δηὼ-αι
694 3333 1133 3426 Varadiensi,
1211 3333 1529 3409 Ladislao
1599 3331 2076 3427 Zagrabiensi,
2152 3331 2447 3407 Nicolao
2514 3332 2871 3427 Agriensi,
2951 3332 3290 3408 Meskone
3339 3332 3483 3405 Ni·-

138 3442 409 3531 triensi,
490 3436 709 3510 stau-e
783 3436 1084 3511 Rudolfo
1136 3436 1522 3527 Waciensi,
1598 3436 1814 3511 fratre
1888 3435 2103 3510 Paulo
2183 3435 2472 3509 Albensi
2543 3434 2632 3510 de
2682 3435 2991 3529 Nandor,
3072 3447 3143 3509 et
3207 3435 3478 3509 Jacobo

138 3540 636 3630 stadiensi,
695 3538 1163 3615 Ecclesiam
1214 3540 1604 3637 Episcopis,
1653 3539 2016 3613 Ecclesias
2067 3538 2200 3612 Dei
2251 3538 2547 3615 feliciter
2598 3539 3151 3633 gubernantibus.
3247 3538 3483 3614 Wes-

134 3647 499 3741 priniensi
549 3652 801 3735 autem,
849 3641 1235 3740 syrmiensi
1285 3666 1371 3717 ac
1421 3642 1767 3718 Bosnensi
1820 3642 2099 3718 sedibus
2152 3641 2580 3718 vacantibus.
2652 3641 3038 3738 magnificis
3088 3640 3478 3719 Bai-onitu

136 3746 540 3846 wynermo
614 3744 951 3841 Drwgeth
1030 3746 1366 3837 Palatino,
1445 3743 1713 3821 Gemite
1790 3744 2094 3843 Zepsien
2163 3756 2236 3820 et
2300 3744 2604 3840 ijar,
2707 3743 3062 3821 Demetrio
3141 3751 3480 3842 magistro

136 3849 735 3925 Mei-nieorum
801 3860 1222 3951 nostrorum,
1287 3849 1552 3924 'l'homa
1620 3848 2000 3942 Waswoda
2068 3849 2527 3924 Transilvano
2596 3859 2669 3922 et
2738 3847 3005 3925 Comite
3060 3848 3150 3923 de
3202 3848 3475 3940 Zonuk,

139 3951 415 4029 comite
459 3952 703 4045 Paulo,
756 3950 1083 4050 Symonis
1134 3944 1303 4045 filio,
1353 3953 1600 4027 Judice
1648 3949 1854 4026 Curie
1906 3962 2172 4043 nostre,
2239 3950 2498 4048 Mykch
2547 3950 2743 4026 Bano
2794 3957 3020 4027 tocius
3071 3951 3324 4025 Sclav
3290 3954 3479 4067 onie,

132 4056 459 4133 Iohanne
504 4055 701 4130 Bano
754 4055 844 4129 de
893 4055 1244 4147 Machow,
1321 4054 1535 4131 Paulo
1587 4059 1917 4151 magistro
1968 4053 2511 4129 Tavernicorum
2578 4055 2874 4128 Domine
2942 4053 3215 4148 Regino
3288 4058 3480 4126 con'-

134 4166 347 4236 σοι-ιιι
419 4170 663 4236 nostre
734 4162 1117 4250 carissime,
1184 4161 1501 4236 Dionisio
1568 4156 2052 4256 Dapiferorum
2118 4165 2512 4231 nostrorum
2581 4158 2954 4251 magistris,
3024 4179 3113 4229 ac
3179 4154 3478 4230 Nicolae

132 4264 407 4339 Gemite
458 4262 901 4354 Posoniensi,
971 4263 1258 4360 aliisque
1310 4285 1511 4361 quam
1562 4261 1866 4361 pluribus
1936 4263 2137 4356 regni
2207 4262 2424 4335 nostri
2496 4254 2874 4335 Comitatus
2941 4257 3478 4334 tenentibuset

132 4366 468 4444 honores.

128 4594 213 4653 Ιι
246 4599 390 4654 ωδ.
424 4602 777 4667 nnn-pto
829 4593 1074 4649 Vbdblsi
1124 4592 1194 4649 11.
1225 4598 1364 4649 anno
1406 4595 1562 4649 150⁴.
1610 4597 1665 4648 in
1712 4592 1837 4649 coll.
1872 4590 1985 4647 Nic.
2020 4591 2312 4650 Jnkovteh
2350 4591 2416 4645 dc
2452 4591 2740 4647 lese-icae.
2795 4618 2864 4632 -
2917 4589 3084 4657 fejer.
3122 4587 3302 4645 codex
3337 4585 3487 4660 Βιρι-

484 4683 656 4756 lugd
687 4680 867 4753 nug.
902 4680 959 4735 Τ.
991 4679 1118 4737 m
1152 4697 1207 4736 v.
1240 4666 1325 4736 m.
1360 4699 1414 4752 p.
1444 4681 1566 4736 m.

2888 5491 3044 5566 14*
