3950 5917
3286 379 3434 506 ιιι

1656 1037 1916 1122 vn.

913 1325 1133 1397 Anno
1184 1324 1422 1399 1307.
1477 1327 1592 1398 die
1643 1326 1720 1398 4.
1772 1325 2127 1396 Ianuarii.
2197 1323 2635 1397 Scardonae.

124 1588 844 1700 Pri-vilegium,
910 1611 951 1666 a
1014 1542 1988 1680 Pauka-croatorum
2081 1581 2950 1670 Banu-et‘Bosnae
3032 1591 3441 1674 Domino

833 1723 1265 1804 Arhensi
1334 1722 2031 1824 Comunitati
2106 1723 2726 1832 conces-sumt.

430 1994 679 2066 Paulus
759 1992 990 2065 Banus
1072 1991 1513 2066 croatorum‘
1549 2002 1618 2063 et
1684 1992 2028 2067 Dominus
2092 1993 2325 2068 Bosne
2405 1981 2717 2068 o'mnibus
2799 1997 3047 2069 Christi
3102 2000 3436 2090 fidelibus

122 2099 359 2194 quibus
415 2097 718 2193 expedit,
774 2105 1137 2192 presentes
1187 2095 1447 2169 litteras
1499 2099 1908 2191 inspecturis
1962 2096 2250 2174 salutem
2303 2100 2372 2170 in
2426 2102 2727 2172 omnium
2780 2101 3147 2174 saluatore.
3217 2102 3439 2189 Quum

120 2204 392 2296 dignum
446 2203 815 2297 petentium
868 2198 1239 2290 desideriis
1292 2197 1571 2291 dignum
1623 2209 1732 2271 est
1782 2194 1917 2272 no‘s
1944 2197 2182 2272 ·facile·
2226 2199 2519 2295 prebere
2571 2223 2960 2293 assensum
3017 2215 3088 2276 et
3139 2229 3268 2294 eas
3306 2229 3440 2302 que

70 2361 77 2368 .
122 2311 189 2378 in
242 2315 549 2400 tempore
604 2303 795 2392 fiunt,
870 2325 961 2376 ne
1016 2303 1216 2390 simul
1268 2323 1423 2375 cum
1446 2299 1825 2397 tempore
1863 2301 2199 2392 labantur,
2253 2304 2559 2400 expedit
2610 2316 2681 2377 ut
2731 2310 3111 2401 patrocinio
3165 2309 3440 2383 litt'era-

121 2432 268 2481 rum
320 2407 750 2481 roborentur.
858 2405 1034 2478 Hine
1050 2415 1199 2504 est
1246 2401 1467 2500 quo&
1478 2405 1569 2484 ad
1622 2401 2102 2478 universorum
2156 2410 2460 2479 notitiam
2542 2408 2778 2480 barum
2861 2412 3043 2484 serie
3122 2414 3440 2486 uolumus

122 2515 514 2606 peruenire
586 2510 765 2606 quod
823 2469 1279 2586 consiliemus
1344 2510 1583 2602 dignis
1635 2512 1951 2601 etmjustis
2005 2507 2438 2605 petitionibus
2505 2514 2799 2606 egregij
2871 2514 3134 2607 prouidi
3189 2525 3260 2586 et
3311 2538 3439 2590 sa-

125 2620 367 2710 pientis
424 2618 553 2688 viri
609 2613 863 2692 domini
906 2611 1129 2690 Marci
1178 2611 1539 2690 Michaelis
1590 2609 2009 2687 honorabilis
2080 2612 2422 2689 Arbensis
2470 2612 2777 2688 Comitis
2858 2639 2991 2689 nec
3043 2639 3178 2689 non
3233 2617 3442 2689 Judi-

124 2743 304 2808 cum
359 2718 904 2794 consiliariorum
959 2723 1073 2787 et
1083 2718 1561 2789 vniuersorum
1619 2715 1928 2791 eiusdem
1984 2714 2338 2793 Ciuitatis.
2414 2739 2655 2792 onmes
2710 2730 2957 2793 terras
2995 2725 3439 2814 possessio-

124 2846 276 2906 nes
359 2844 612 2917 pascua
670 2830 741 2893 et
792 2841 1102 2908 nemora
1144 2842 1318 2913 que
1389 2819 1563 2892 uel.
1573 2842 1742 2914 quas
1780 2822 1864 2892 in
1919 2820 2218 2894 dominio
2297 2830 2538 2896 nostro
2619 2821 2869 2895 babent
2939 2836 3008 2895 et
3060 2824 3442 2944 possident,

123 2927 386 2998 eisdem
441 2935 527 3006 et
558 2946 799 2997 eorum
851 2872 1243 2995 heredibus
1270 2919 1735 3016 heredumq'he
1788 2921 2337 3014 successoribus,
2388 2935 2854 3021 proutcunque
2895 2925 3014 3018 (t)
3076 2929 3146 2999 in
3202 2949 3441 3000 eorum

126 3030 498 3138 priuilegiis
570 3024 947 3121 Regalibus
1021 3038 1090 3100 et
1142 3025 1529 3100 Banalibns·
1579 3036 1717 3098 tam
1770 3027 1857 3097 de
1913 3037 2143 3101 castro
2213 3025 2502 3100 Jablana
2575 3051 2776 3122 quam
2830 3030 2918 3102 de
2973 3029 3124 3105 allis
3162 3032 3448 3154 plenius

124 3129 544 3205 contineztur
558 3140 934 3225 perpetuo
992 3140 1062 3201 et
1108 3129 1672 3215 irreuocabiliter
1725 3127 2012 3222 pacifice
2068 3141 2137 3199 et
2189 3133 2441 3224 quiete,
2498 3154 2651 3202 cum
2708 3132 3020 3204 omnibus
3077 3137 3218 3207 suis
3270 3156 3442 3226 per-

120 3240 423 3308 tinentiis
488 3232 866 3320 habendas
937 3232 1392 3327 possidendas
1446 3243 1517 3303 et
1566 3232 1943 3316 tenendas
2008 3236 2158 3304 sine
2231 3232 2770 3306 contradictione
2824 3236 3046 3328 aliqua
3117 3257 3243 3326 per
3309 3256 3442 3305 nos

118 3351 187 3411 et
254 3348 550 3420 ,nostros
630 3356 1110 3420 successores,
1189 3338 1259 3407 in
1312 3344 1709 3431 perpetuum
1787 3332 2312 3422 confirmamus,
2396 3336 2861 3410 collaudamus
2943 3347 3013 3408 et
3089 3335 3439 3430 approba-

115 3464 300 3530 mus„
385 3449 585 3536 atque
654 3437 821 3513 Jure
892 3450 1222 3535 perpetuo
1294 3448 1364 3510 et
1409 3434 1844 3510 irreuocabili
1922 3436 2348 3511 roboramus.
2454 3437 2532 3509 In
2603 3444 2797 3512 cuius
2867 3444 2969 3510 rei
3044 3442 3440 3510 memoriam

114 3558 187 3619 et
268 3550 602 3617 maiorem
677 3541 1061 3624 firmitatem
1140 3551 1501 3639 presentes
1581 3542 1841 3614 litteras
1920 3542 2420 3630 concessimus,
2501 3541 2703 3633 sigilli
2782 3546 3000 3613 nostri
3075 3544 3443 3616 munimine

110 3648 505 3722 roboratas.
610 3647 873 3720 Datum
942 3646 1302 3772 Scardone
1381 3644 1493 3718 die
1575 3644 1826 3733 Quarta
1908 3648 2200 3718 intrante
2278 3642 2652 3716 Jannuario
2706 3642 3098 3734 millesime,
3155 3655 3443 3718 trecen-

110 3756 372 3827 tesimo
430 3754 740 3847 septimo.

1474 3978 1734 4058 Siquam
1779 3977 2043 4039 Notat-ii
2062 3998 2082 4037 .-

438 4171 592 4266 Ego
638 4172 983 4244 Antonius
1017 4169 1388 4260 Nimirens‚
1432 4169 1772 4242 Arbensis
1806 4168 2384 4259 Archidiaconus‚
2437 4173 2838 4242 auctoritate
2876 4173 3254 4265 apostolica
3294 4168 3443 4241 Co-

103 4299 273 4352 mes
354 4275 698 4348 Palatinus
755 4283 827 4347 et
875 4273 1215 4369 imperiali
1288 4273 1615 4348 Notarius
1691 4271 1999 4368 publicus
2079 4272 2164 4344 'ac
2230 4272 2460 4345 Judex
2540 4270 2974 4346 Ordinarius:
3059 4295 3155 4346 ex
3221 4277 3446 4368 priui-

102 4383 310 4474 legio
367 4382 710 4452 autentico
766 4378 927 4450 dicti
994 4376 1175 4472 pauli
1242 4376 1427 4465 bani,
1508 4380 1762 4473 scripto
1835 4378 1906 4449 in
1978 4393 2395 4471 pergamena
2472 4397 2624 4448 cum
2705 4377 2932 4472 sigillo
3014 4398 3225 4449 cereo
3302 4379 3447 4447 im-

101 4483 477 4581 pendenti,
531 4481 710 4577 quod
766 4479 1193 4577 priuilegium
1248 4484 1540 4577 positum
1597 4490 1706 4556 est
1754 4484 1826 4552 in
1879 4477 2189 4553 Archivo
2243 4480 2358 4556 uel
2412 4479 2817 4552 Sanctuario
2869 4479 3194 4565 Arbensi,
3260 4477 3446 4552 fide-

98 4589 285 4662 liter
342 4589 727 4682 excopiaui.

91 4814 386 4886 originale
420 4815 474 4868 in
502 4815 709 4869 civitate
744 4814 987 4878 Athenai,
1020 4815 1074 4865 ni
1100 4812 1267 4879 fallor,
1306 4813 1447 4882 apud
1484 4811 1723 4870 lamium
1761 4810 2000 4864 musteo.
2040 4809 2200 4880 Copia
2235 4813 2296 4864 in
2326 4811 2550 4870 &chive
2589 4810 2781 4866 &eui
2828 4810 3108 4864 Mic-ntia
3143 4809 3448 4877 Ζιςτύίαο.

2727 5455 2738 5466 ’
2883 5465 3032 5538 62*
