3950 5917
550 404 704 482 118

2044 918 2333 1005 xm.

1473 1212 1682 1285 Anno
1748 1210 1986 1286 1350.
2037 1212 2154 1285 aee
2209 1210 2332 1284 10.
2384 1210 2573 1284 aaut:
2621 1210 2903 1325 μασι.

546 1475 1153 1582 Stephanus,
1246 1478 1557 1557 totius
1638 1474 2213 1582 Slavoniae,
2303 1473 2770 1556 croatiae
2832 1485 2928 1555 et
2983 1470 3534 1556 Dalmatiae
3594 1474 3854 1583 Dux,

811 1618 1258 1719 antiquas
1320 1614 1858 1695 libertates
1920 1618 2279 1694 civium
2337 1613 3158 1720 Zagrabieusium
3217 1625 3575 1696 tuetur.

856 1885 1264 1983 StephanuS,
1319 1885 1431 1959 dei
1480 1887 1713 1981 gracia
1765 1888 1988 1962 tocius
2042 1883 2436 1978 Sclauonie,
2488 1882 2780 1959 Croacie
2834 1889 2898 1959 dc
2948 1882 3299 1960 Dalmacie
3351 1882 3536 1979 Dux,
3589 1883 3847 1962 fideli-

543 1989 671 2063 bus
728 1992 869 2065 suis
904 1992 1245 2065 vniuersis
1296 1988 1608 2079 Prelatis,
1658 1986 2066 2081 Batonibus,
2121 1987 2519 2081 comitibus,
2574 1987 3005 2083 Castellanis,
3053 1987 3408 2067 Nobilibus
3461 2012 3546 2063 ac
3581 2012 3844 2065 eorum

543 2097 740 2169 vices
792 2092 1212 2190 gerentibus,
1262 2096 1423 2167 item
1478 2092 1881 2184 ciuitatibuS,
1932 2095 2249 2191 villisque
2283 2105 2354 2169 et
2387 2116 2621 2168 earum
2667 2092 3073 2186 mctoribus,
3121 2116 3257 2168 nec
3290 2115 3432 2168 uon
3475 2092 3844 2191 quibusuis

526 2199 695 2291 ,alijs
746 2197 1126 2272 bominibus
1180 2201 1477 2287 cuiusuis
1533 2196 1953 2273 condicionis
2007 2208 2080 2272 et
2119 2201 2624 2296 preeminencie
2677 2199 2999 2289 existant,
3052 2206 3123 2271 et
3157 2198 3547 2295 specialiter
3595 2198 3848 2272 tribu-

540 2304 730 2394 tariJs
781 2306 852 2376 in
904 2302 1084 2375 dicto
1130 2300 1375 2397 Regno
1429 2323 1590 2379 suo
1644 2298 2011 2375 Sclauonie
2065 2305 2443 2378 constitutis
2497 2312 2568 2376 et
2620 2300 3108 2377 constituendis
3159 2304 3230 2375 in
3279 2300 3600 2393 futurum,
3660 2307 3844 2400 qui-

535 2403 664 2479 bus
717 2415 1074 2502 presentes
1128 2404 1672 2495 ostenderentur,
1726 2406 2012 2480 salutem
2064 2416 2136 2479 et
2184 2409 2507 2501 graciam.
2583 2405 2878 2493 Querele
2930 2408 3326 2485 nunciorum
3378 2408 3624 2479 ciuium
3683 2428 3850 2481 no-

537 2521 832 2585 strorum
883 2509 971 2584 de
1023 2519 1252 2582 monte
1307 2506 1557 2601 Grech,
1633 2512 1704 2582 in
1755 2531 1870 2601 eo,
1950 2508 2130 2606 quod
2188 2533 2316 2609 per
2364 2510 2726 2585 nonnullos
2805 2519 3180 2585 extraneos
3260 2519 3496 2583 contra
3574 2533 3842 2585 eorum

533 2612 883 2689 libertates
937 2610 1021 2686 ab
1075 2616 1347 2710 antiquo
1401 2623 1843 2705 conseruatas
1891 2609 2466 2710 perturbarentur,
2520 2636 2723 2688 aures
2775 2623 3011 2689 nostre
3046 2615 3419 2689 maiestatis
3471 2612 3844 2690 bumilime

535 2719 1050 2815 propulsarunt3
1100 2716 1280 2791 vnde
1334 2739 1487 2790 cum
1537 2738 1667 2793 nos
1714 2717 1932 2792 dictos
1988 2720 2178 2793 ciues
2222 2729 2496 2792 nostros
2550 2741 2676 2794 seu
2709 2716 3014 2814 hospites
3057 2716 3146 2792 de
3185 2714 3436 2810 Grecb,
3468 2719 3539 2790 in
3574 2740 3838 2793 eorum

534 2819 982 2911 libertatibus,
1035 2818 1119 2892 ab
1170 2823 1441 2917 antiquo
1496 2818 1902 2913 obseruatis,
1954 2821 2246 2896 velimus
2299 2843 2744 2913 conseruare,
2807 2819 3111 2895 fidelitati
3160 2823 3620 2898 vniuersitafis
3680 2845 3842 2898 ve-

535 2935 703 3017 stre,
757 2926 979 2999 ducali
1031 2923 1283 3017 edicto,
1330 2924 1610 2998 firmiter
1657 2928 2112 3022 precipientes
2166 2925 2590 3020 mandamus,
2644 2934 2975 3023 quatenus
3027 2924 3373 3022 predictos
3424 2928 3618 3001 ciues
3677 2948 3836 3001 no·

534 3038 742 3120 stros,
821 3038 1060 3103 contra
1132 3050 1370 3102 eorum
1439 3028 1814 3120 libertates,
1865 3031 1934 3103 in
1985 3030 2185 3106 nullis
2267 3030 2541 3107 casibus
2619 3027 2915 3104 indebite
2969 3039 3042 3103 et
3090 3031 3339 3106 iniuste
3415 3029 3834 3123 molestare,

534 3152 866 3227 agrauare
920 3141 991 3207 et
1039 3131 1436 3229 perturbare
1488 3136 1914 3231 presumatis.
2000 3132 2232 3223 Aliud,
2283 3137 2458 3208 sicut
2500 3143 2808 3208 nostram
2858 3132 3407 3230 indignacionem
3458 3136 3838 3210 incurrere

530 3234 934 3327 formidatis,
986 3259 1126 3312 non
1173 3236 1419 3312 facturi
1469 3242 1540 3311 in
1582 3239 1955 3335 premissis.
2006 3238 2254 3312 Datum
2284 3237 2503 3331 Bude,
2557 3237 2730 3312 feria
2782 3246 2982 3313 sexta
3032 3241 3345 3334 proxima
3393 3248 3555 3334 post
3600 3242 3842 3333 quin-

534 3339 747 3418 denas
784 3339 943 3418 festi
974 3343 1337 3418 natiuitatis
1371 3339 1554 3416 beati
1584 3340 1915 3417 Johannis
1939 3339 2264 3418 Babtiste.
2313 3342 2522 3416 Anno
2560 3340 2811 3416 domiui
2843 3338 3203 3415 M⁰c⁰c⁰00
3229 3344 3844 3438 quinquagesimo.

526 3518 676 3589 orig.
704 3520 921 3575 membr.
952 3522 1005 3574 in
1040 3536 1157 3575 mea
1191 3519 1497 3575 collectione
1531 3519 1873 3589 Diplomatum
1909 3518 2250 3589 originalium.

1991 4046 2341 4130 xcn.

1484 4335 1693 4406 Anno
1754 4331 1990 4407 1350.
2068 4332 2144 4407 3.
2195 4334 2359 4407 Kal.
2412 4332 2846 4413 Novembris.

519 4590 1129 4699 Ludovicus,
1208 4591 1769 4699 Hungariae
1848 4603 1944 4672 et
2005 4590 2465 4674 Croatiae
2525 4592 2765 4701 Rex,
2847 4593 3360 4702 Stephano
3421 4597 3838 4682 Lacko-

516 4734 708 4836 vic,
750 4728 2117 4838 TransylvaniaeVojVodae,
2168 4733 2283 4813 ob
2336 4736 2775 4840 insignia
2826 4734 3096 4816 bello
3134 4733 3838 4844 Neapolitano

515 4877 789 4977 parta
835 4873 1191 4976 merita,
1243 4880 1565 4949 castra
1607 4868 2034 4977 Osztrog
2075 4868 2628 4978 (Strigovo)
2668 4883 2759 4953 et
2792 4869 3393 4980 Csaktornya
3445 4849 3834 4981 (Calio-

635 5006 886 5114 vec),
947 5009 1214 5088 inter
1270 5007 1621 5089 Muram
1682 5018 1769 5089 et
1825 5008 2233 5090 Dravam
2295 5008 3019 5118 (Mediumurje)
3081 5015 3296 5119 sita,
3359 5012 3681 5095 donat.

821 5279 1235 5375 Ludovicus,
1286 5276 1420 5354 Dei
1449 5282 1669 5376 gratia
1701 5279 2122 5377 flung-ariae,
2172 5279 2584 5377 Jerusalem,
2636 5280 2941 5378 Siciliae,
2990 5280 3396 5379 Dalmatiae,
3450 5281 3838 5383 croatiae,

512 5382 801 5479 Ramae,
852 5383 1170 5481 Serviae,
1240 5382 1716 5481 Lodomeriae,
1789 5382 2119 5480 Galiciae,
2188 5381 2586 5481 Cumaniae,
2654 5386 3157 5486 Balgan‘aeque
3203 5387 3390 5486 Rex,
3459 5387 3828 5492 Pfinoeps
