3950 5917
510 400 691 488 m

380 605 389 618 ¹
512 633 609 706 aa
640 607 1089 702 m
1114 607 1458 704 ’ῧτεηῐγω
1519 605 2318 704 &obm-8et15tinanbt·
2345 617 2482 684 ,obn
2551 608 2884 704 Roaiam.
2925 608 3110 692 ,Νοε
3159 612 3394 705 itaque
3465 608 3806 684 humillima

520 713 924 787 huiusmodi
986 713 1481 810 supplicatione
1556 731 1647 785 ao
1696 714 1897 788 simul
1951 717 2172 786 etiam
2211 712 2579 794 demissa
2585 712 2931 788 Fidelium
3003 723 3392 788 nostrornm
3443 712 3812 788 Reuerendi·

521 816 913 894 Sebastiani
984 816 1366 906 Glauinieb,
1437 816 1842 911 segniensis
1897 825 1967 888 et
2011 814 2512 892 Modrusiensis
2573 815 3040 892 Ecclesiamm
3097 819 3430 890 canonice
3499 820 3799 891 unitarum

520 920 873 1018 Episcopi,
926 919 1662 1016 et-EgregiiGeorgii
1713 920 1943 1017 Nagy,
1972 918 2330 993 bonorum
2375 929 2769 993 nostrorum
2824 921 3188 995 Fiscalium
3243 920 3796 1010 administratoris,

524 1047 649 1122 pro
688 1035 909 1122 parte·
958 1046 1160 1122 supra
1212 1023 1511 1098 fatorum
1555 1024 1939 1097 Inoolarum
1995 1033 2065 1094 et
2115 1023 2640 1097 Inhabitatorum
2690 1028 3031 1119 totiusque
3087 1021 3526 1097 Comunitatis
3580 1047 3814 1120 supra--

522 1129 683 1203 dieti
736 1128 1015 1225 presidii
1069 1128 1507 1223 Ogulinensis
1562 1131 2090 1202 intercessione
2144 1138 2428 1202 eatenus
2481 1138 2761 1201 nostrae
2813 1128 2997 1201 faeta
3050 1128 3391 1224 modoque
3440 1149 3574 1224 quo
3627 1150 3814 1224 supra·

519 1243 807 1329 poreota
848 1231 1191 1305 Maiestati
1220 1231 1491 1325 Regiae
1536 1229 1922 1326 benigniter
1972 1231 2292 1305 exaudita
2349 1232 2724 1305 clementer
2766 1242 2837 1304 et
2872 1232 3195 1323 admissa,
3249 1243 3817 1329 praenuncupatus·

517 1347 779 1424 ternas.
804 1336 1274 1432 privilegiales
1324 1337 1587 1410 litteras
1642 1357 1781 1409 non
1838 1334 2168 1424 abrasas,
2201 1355 2341 1408 non
2394 1336 2834 1423 cancellatas,
2901 1359 3036 1410 neo
3085 1338 3153 1409 in
3211 1337 3430 1432 aliqua
3486 1340 3591 1409 sui
3639 1346 3818 1431 parte.

520 1450 908 1537 suspectas,
989 1439 1114 1514 sed
1195 1443 1379 1512 omni
1457 1460 1741 1536 prorsus
1816 1441 1985 1512 vitio
2068 1462 2153 1510 ao
2205 1443 2579 1535 suspitione
2634 1450 2976 1528 carentes,
3041 1439 3514 1536 praesentibus
3595 1440 3808 1512 litteris

520 1543 790 1618 Nostris
864 1544 950 1617 de
1021 1541 1243 1618 verbo
1298 1543 1382 1617 ad
1454 1542 1762 1617 verbum·
1813 1547 1962 1631 sine
2034 1542 2471 1616 diminutione
2540 1554 2610 1615 et
2661 1555 3028 1639 augmento
3083 1544 3351 1639 aIIquali
3424 1548 3706 1618 insertas
3753 1551 3813 1615 et

521 1651 909 1744 inscriptas,
986 1647 1211 1743 quo-ad
1292 1669 1534 1721 omnes
1606 1647 1975 1720 earundem
2059 1650 2537 1736 continentias,
2616 1658 2889 1744 puncta,
2971 1647 3311 1724 clausulas
3366 1657 3436 1719 et
3486 1647 3812 1735 articulos,

526 1762 812 1826 eatenus
867 1761 1199 1847 quatenus
1252 1750 1542 1824 eaedem
1593 1755 1723 1823 rite
1801 1761 1873 1823 et
1939 1750 2241 1844 legitime
2294 1754 2594 1824 existunt
2641 1762 2952 1825 emanata
3021 1750 3412 1847 iuribusque
3464 1750 3815 1825 eorundem

524 1859 784 1930 veritas
838 1854 1271 1949 suffragatur,
1322 1864 1514 1928 ratos
1567 1864 1804 1949 gratos
1858 1865 1928 1928 et
1982 1865 2262 1950 accepta
2317 1853 2675 1944 babentes,
2729 1854 3026 1949 benigne
3077 1854 3627 1951 approbavimus,
3701 1875 3815 1926 ro-

524 1958 945 2046 boravimus,
1028 1958 1512 2033 ratificavimus
1567 1970 1636 2031 et
1687 1980 1813 2054 pro
1868 1981 2082 2055 saepe
2136 1957 2293 2032 fatis
2347 1957 2597 2032 Incolis
2652 1970 2720 2032 et
2771 1960 3233 2055 praesidiariis
3283 1956 3815 2053 Ogulinensibus,

517 2066 956 2160 ipsorumque
1038 2065 1335 2160 posteris
1405 2072 1476 2136 et
1544 2062 2069 2137 suecessoribus
2149 2064 2363 2158 (quos
2433 2066 2707 2137 omnino
2761 2073 2896 2135 tam
2967 2068 3034 2137 in
3087 2063 3433 2158 praedicta
3503 2061 3816 2135 nobilitari

518 2170 1030 2263 praerogativa,
1104 2189 1307 2262 quam
1361 2176 1433 2238 et
1483 2166 1634 2239 aliis
1687 2164 1989 2256 Juribus,
2042 2169 2528 2262 prerogativis,
2583 2161 3128 2263 exemptionibus
3183 2176 3250 2238 et
3303 2166 3815 2239 Immunitatibus

516 2275 587 2343 in
641 2274 980 2345 annotatis
1040 2270 1281 2344 litteris
1334 2269 1871 2367 privilegialibus
1926 2268 2202 2343 uberius
2257 2270 2623 2361 denotatis,
2696 2276 3086 2367 expressis,
3127 2272 3392 2358 saluos,
3453 2270 3816 2357 indemnes,

518 2397 604 2447 ao
672 2372 1195 2472 imperturbatos
1249 2396 1415 2448 esse
1464 2375 1782 2448 volumus
1837 2396 1921 2445 ao
1975 2374 2451 2467 decrevimus)
2505 2385 2834 2471 perpetuo
2887 2376 3244 2463 valituros,
3295 2379 3600 2467 gratiose
3647 2394 3814 2444 oon-

522 2478 966 2569 firmavimus,
1041 2475 1493 2574 omnibusque
1563 2487 1634 2550 et
1686 2477 1971 2572 singulis
2050 2476 2215 2551 inibi
2291 2483 2629 2552 contentis
2699 2490 3006 2554 nostrum
3057 2478 3347 2573 Regium
3404 2477 3814 2552 consensum

520 2581 982 2679 praebuimus,
1086 2582 1231 2655 Imo
1285 2579 1763 2678 approbamus,
1816 2579 2246 2668 roboramus,
2300 2582 2736 2673 ratificamus,
2790 2582 3292 2670 confirmamus,
3357 2581 3814 2656 consensum-

521 2709 652 2782 que
705 2686 1029 2762 Nostrum
1100 2689 1362 2778 regium
1433 2683 1847 2759 benevolum
1918 2689 2174 2782 pariter
2239 2684 2650 2782 praebemus
2703 2697 2773 2761 et
2827 2710 3185 2762 assensum
3239 2730 3342 2740 -—
3395 2687 3610 2760 saluis
3657 2687 3816 2756 iuri-

518 2789 647 2863 bus
717 2792 987 2879 alienis,
1067 2791 1467 2885 praesertim
1546 2811 1720 2863 vero
1792 2788 1945 2863 fisci
2011 2792 2228 2864 nostri
2293 2789 2523 2885 Regii,
2601 2790 2838 2864 barum
2912 2800 3296 2865 nostrarum
3367 2799 3648 2865 secreto
3721 2790 3817 2861 si-

520 2894 684 2986 gillo
737 2903 975 2967 nostro
996 2945 1019 2983 ,
1093 2914 1227 2987 quo
1307 2901 1381 2966 ut
1451 2892 1610 2965 Rex
1686 2892 2080 2989 Hungariae
2159 2897 2444 2985 utimur,
2522 2894 2937 2991 impendenti
2991 2899 3510 2984 comunitarnm,
3588 2896 3818 2985 vigore

522 3006 593 3068 et
669 2999 1056 3070 testimonio
1124 2997 1500 3070 litterarum
1568 2995 1932 3070 mediante.
2036 2997 2281 3071 Datum
2336 3019 2462 3094 per
2511 3021 2754 3073 manus
2824 2997 3044 3073 fidelis
3114 3002 3332 3073 nostri
3403 2997 3636 3071 dilecti
3681 2995 3820 3067 Re·-

520 3097 811 3174 verendi
888 3099 1099 3174 Blasii
1167 3098 1392 3172 Jaklin
1421 3153 1444 3190 ,
1514 3098 1837 3197 Episcopi
1917 3100 2279 3176 Nitriensis
2374 3111 2444 3175 et
2514 3099 2887 3175 Comitatus
2968 3102 3275 3177 eiusdem
3353 3102 3675 3198 Supremi
3747 3121 3822 3169 ae

522 3207 831 3299 perpetui
900 3201 1208 3294 ComitiS,
1284 3202 1649 3278 consilarii
1726 3216 1798 3279 et
1864 3204 2236 3298 Hungariei
2304 3201 2534 3284 Aulioi
2585 3204 2992 3281 cancellarii
3067 3210 3303 3280 nostri.
3410 3205 3489 3280 ln
3548 3202 3820 3278 Civitate

524 3317 757 3380 nostra
828 3305 1097 3381 Vienna
1159 3308 1483 3382 Austriae
1552 3308 1666 3382 dle
1733 3318 1982 3383 octava
2031 3312 2294 3383 mensis
2345 3308 2643 3405 Augusti
2699 3309 2951 3400 1692„
3022 3331 3390 3405 regnorum
3440 3320 3824 3385 nostrorum

524 3409 816 3484 Romani
874 3414 1230 3506 trigesimo
1282 3416 1541 3508 quinto,
1608 3411 2003 3509 Hangariae
2056 3422 2128 3487 et
2175 3414 2588 3508 reliquorum
2665 3417 3057 3510 trigessimo
3108 3424 3389 3505 octavo,
3461 3413 3826 3489 Bobeniae

524 3537 698 3589 vero
753 3537 933 3590 anno
984 3518 1339 3610 trigesimo
1394 3525 1620 3590 sexto.

832 3667 1224 3818 Leopoldus
1270 3744 1361 3794 m.
1410 3743 1478 3819 p.

2643 3903 2914 3981 Bhsius
2964 3904 3214 3981 Jaklin.

2541 4020 2903 4093 Episcopus
2936 4021 3299 4079 nitrionis.

2506 4198 2890 4298 Stephanus
2967 4199 3333 4275 Tenturita.

526 4422 1940 4497 mmmm-Commium
