3950 5917
3212 394 3364 483 119

154 595 583 688 salernitanus,
631 603 701 671 et
732 594 1013 675 honoria
1057 599 1307 677 montis
1356 600 1579 675 sancti
1614 597 1873 697 -Angeli
1921 598 2280 693 Dominus,
2332 600 2671 677 universis
2723 597 2976 677 Christi
3024 598 3364 695 fidelibus,

156 698 554 800 praesentibus
602 702 857 796 pariter
907 711 976 774 et
1025 699 1297 793 futuris,
1348 713 1750 801 praesentes
1800 705 2061 781 litteras
2107 707 2539 801 inspecturis,
2610 705 2896 779 salutem
2946 708 3019 778 in
3067 706 3362 781 Domino

154 807 583 902 sempiternam.
671 803 956 881 Obtutus
1007 808 1183 901 regii
1235 806 1694 883 consideratio
1743 809 2165 905 speculativa
2215 807 2502 905 provide
2551 807 3056 885 deliberationis
3106 818 3361 885 statera

156 929 392 1006 pensans
422 909 653 983 merita
691 908 1135 1005 singulorum,
1187 910 1344 984 illos
1395 914 1759 1008 praecipue
1811 920 2081 986 tenetur
2131 912 2442 986 attollere
2495 909 2757 987 favoris
2809 914 3007 1008 regio
3056 917 3359 1009 praemio

158 1014 371 1110 potiori,
438 1014 547 1109 qui
597 1034 640 1085 a
691 1014 1060 1109 primaevis
1112 1016 1444 1115 pueritiae
1496 1037 1665 1091 suae
1740 1014 2180 1113 temporibus,
2231 1018 2302 1088 in
2355 1016 2556 1091 domo
2627 1018 2863 1112 regiae
2917 1012 3368 1109 celsitudinis,

158 1120 289 1190 sicut
326 1125 394 1191 ut
436 1117 608 1207 aliis,
680 1118 787 1193 sic
837 1119 1158 1193 virtutum
1221 1129 1611 1195 meruerunt
1675 1122 1990 1217 recipere
2055 1123 2500 1211 incrementa,
2565 1128 2635 1193 et
2685 1119 3181 1216 quodammodo
3234 1144 3359 1218 per

154 1218 350 1316 gradus
392 1223 724 1313 gratuitae
777 1218 1158 1299 donationis
1212 1222 1784 1315 conscendentes,
1860 1246 1984 1321 pro
2038 1244 2339 1298 coronae
2391 1223 2644 1318 regalis
2690 1222 2954 1297 honore
3012 1246 3092 1299 se
3143 1227 3358 1300 variis

154 1344 440 1420 exponere
507 1323 969 1421 periculorum
1043 1325 1409 1425 generibus
1486 1327 1867 1403 nullatenus
1944 1325 2410 1401 formidarunt.
2524 1325 3053 1403 Considerantes
3129 1330 3356 1425 itaque

158 1430 287 1500 inter
323 1430 617 1505 virtuosa
666 1430 921 1505 virtute
971 1432 1221 1507 eximia
1272 1440 1343 1505 et
1385 1430 1834 1515 constantium
1885 1453 2169 1505 numero
2222 1434 2569 1527 potissima
2624 1434 3027 1524 constantia,
3079 1433 3357 1526 magnif.

160 1532 323 1605 virum
365 1530 771 1629 Stephanum
818 1530 1260 1630 Wayvodam
1310 1534 1849 1632 Transylvaniae
1902 1545 1973 1609 et
2021 1533 2352 1609 Comitem
2403 1536 2489 1607 de
2541 1533 2807 1626 Zonuk,
2857 1538 3079 1609 virum
3129 1536 3356 1632 utiquc

158 1632 411 1726 nobilem,
478 1634 859 1730 refulgere,
934 1639 1245 1713 nimirum
1297 1660 1450 1712 cum
1500 1649 1779 1715 nostrae
1832 1642 2038 1715 menti
2090 1638 2464 1713 inoelabilis
2543 1641 2949 1713 sinceritatis
2996 1661 3165 1713 suae
3216 1642 3356 1712 im-

160 1741 363 1834 presmo
430 1738 727 1836 quodam
801 1741 1083 1837 sigillari
1161 1745 1475 1837 stigmate
1528 1764 1607 1819 se
1653 1742 1895 1817 offerat
1945 1752 2017 1815 et
2068 1753 2395 1840 exponat,
2475 1744 2783 1837 cogimur
2833 1764 2971 1815 non
3023 1747 3355 1817 immerito

162 1840 460 1934 magnificis
530 1845 757 1941 ipsius
807 1847 1023 1940 gestis
1091 1848 1479 1938 recensitis,
1557 1869 1738 1943 quae
1816 1845 2111 1921 diversis
2188 1846 2710 1921 necessitatibus
2792 1844 3183 1941 urgentibus
3234 1870 3357 1944 pro

162 1967 320 2039 regno
363 1956 428 2019 et
472 1948 697 2042 regali
751 1970 1007 2023 corona
1062 1952 1396 2041 exercuit,
1448 1949 1536 2022 ad
1587 1959 1981 2048 perpetuam
2032 1960 2382 2043 gestorum
2433 1952 2853 2039 memoriam,
2906 1972 2996 2024 ne
3049 1972 3354 2025 succen-

164 2050 255 2120 sivi
308 2048 738 2128 obscurentur
804 2051 1115 2147 rubigine
1184 2057 1536 2149 temporis,
1603 2058 1815 2151 ipsius
1886 2056 2166 2128 servitia
2232 2076 2576 2129 enarrare.
2679 2052 2766 2127 Et
2815 2054 2978 2127 licet
3020 2055 3358 2150 prolixum

166 2161 301 2225 esset
341 2153 568 2227 eadem
618 2177 793 2251 prae
844 2156 1260 2233 multitudine
1312 2180 1436 2255 per
1471 2158 1737 2252 singula
1787 2160 2106 2249 recitare,
2158 2167 2233 2231 ut
2262 2166 2490 2233 tamen
2541 2179 2653 2249 ea,
2689 2179 2865 2251 quae
2918 2180 3050 2231 nec
3092 2158 3356 2231 aemula

166 2253 413 2347 lividitas,
473 2281 605 2333 nec
664 2257 872 2334 livida
925 2261 1288 2335 aemulatio
1341 2262 1571 2335 celare
1622 2270 1884 2359 posset,
1934 2284 2061 2358 per
2111 2283 2241 2335 nos
2291 2284 2431 2337 non
2487 2260 2815 2350 celentur,
2886 2263 2998 2355 qni
3048 2264 3223 2335 sicut
3273 2263 3361 2332 ad

164 2357 447 2435 vindictam
495 2362 862 2455 malorum,
914 2366 1020 2437 sic
1071 2362 1157 2438 ad
1207 2364 1477 2439 laudem
1528 2365 1886 2457 bonorum,
1938 2368 2202 2460 regium
2254 2365 2565 2438 diadema
2632 2367 2977 2438 noscimur
3039 2365 3356 2438 divinitus

168 2467 417 2557 merod,
460 2469 750 2539 servitia
783 2469 1022 2564 ipsius,
1075 2491 1250 2565 quae
1285 2468 1754 2565 praesentibus
1803 2469 2008 2566 paulo
2061 2467 2342 2542 inferius
2396 2477 2822 2559 annotantur,
2876 2471 3162 2565 exprimi
3203 2472 3357 2542 ius-

167 2566 317 2639 simus
352 2573 756 2645 nominatim.
819 2568 1043 2644 Primo
1098 2572 1454 2669 siquidem,
1508 2595 1663 2645 cum
1713 2571 2209 2648 serenissimus
2260 2570 2584 2668 Princeps
2633 2572 2962 2646 Dominus
3014 2570 3359 2657 AndreaS,

166 2668 363 2745 inclitus
426 2695 554 2747 rex
624 2673 965 2748 dictorum
1034 2675 1420 2752 Jerusalem
1473 2687 1544 2751 et
1593 2674 1870 2750 Siciliae
1919 2697 2315 2771 regnorum,
2394 2698 2759 2771 germanus
2833 2673 3046 2749 frater
3119 2687 3359 2750 noster

172 2769 535 2870 tutissimus,
603 2778 1023 2853 adolescens
1072 2782 1434 2872 innocens,
1504 2802 1720 2875 agnus
1772 2781 2266 2872 immaculatus,
2341 2780 2495 2854 Deo
2548 2790 2619 2853 et
2670 2789 2950 2853 sanctae
2998 2778 3356 2854 Ecclesiae

170 2870 405 2972 devotum,
471 2880 864 2959 hominibus
942 2886 1287 2977 gratiosus
1339 2894 1410 2957 et
1459 2885 1790 2981 placidus,
1865 2908 1951 2957 ac
2002 2885 2226 2959 multis
2301 2883 2659 2958 virtutibus
2735 2882 3158 2980 perfulgens,
3237 2906 3360 2978 per

170 2978 383 3056 acerbae
430 2989 674 3061 mortis
745 2985 1110 3081 excidium,
1179 3010 1306 3084 per
1357 2990 1662 3065 occultos
1730 2988 2140 3086 proditores,
2210 3010 2382 3061 ausu
2450 2987 2774 3084 nephario
2829 2997 2900 3060 et
2949 2986 3353 3075 detestabili,

174 3076 263 3155 Dei
297 3097 350 3159 et
386 3087 729 3164 hominum
806 3092 1050 3165 timore
1127 3095 1532 3189 postposito,
1611 3095 1679 3165 in
1749 3096 1900 3188 ipso
1952 3114 2172 3186 regno
2225 3089 2526 3182 Siciliae,
2604 3094 2674 3163 in
2727 3094 3003 3164 civitate
3055 3091 3360 3179 Aversa,

176 3205 292 3278 qtae
328 3196 525 3287 potius
578 3194 835 3268 fuisset
885 3193 1246 3284 subversa,
1299 3199 1639 3271 extitisset
1687 3196 2069 3269 immolatus
2124 3205 2195 3267 et
2243 3197 2552 3291 nequiter
2602 3196 2979 3288 iugulatus3
3031 3217 3161 3271 nos
3194 3200 3362 3268 tanti

174 3294 320 3383 regis,
360 3293 571 3371 fratris
607 3300 858 3390 nostri,
913 3297 1382 3374 crudelissima
1415 3310 1659 3390 morte,
1712 3310 1887 3395 quae
1923 3297 2284 3372 medullam
2319 3301 2535 3372 nostri
2570 3298 2798 3373 cordis
2842 3297 2983 3371 dira
3037 3302 3361 3396 passione

168 3400 501 3474 amarissime
549 3400 939 3493 lacerabat,
992 3401 1461 3496 condolentes,
1514 3406 1849 3479 sententia
1902 3402 1990 3477 de
2040 3401 2284 3475 throno
2337 3402 2470 3475 Dei
2519 3401 2919 3498 prodeunte,
2992 3413 3061 3475 et
3110 3404 3365 3475 virtute

167 3495 395 3575 altissimi
434 3516 697 3579 rectum
751 3505 1067 3580 iudicium
1120 3517 1465 3603 sperante,
1520 3506 1606 3581 ad
1641 3506 1948 3581 eiusdem
1981 3508 2195 3601 regis,
2246 3505 2474 3579 fratris
2526 3509 2767 3597 nostri,
2817 3508 3125 3578 iniuriam
3176 3507 3361 3579 visi-

168 3594 324 3675 bililer
378 3609 877 3701 vindicandam,
946 3614 1311 3707 assumptis
1372 3610 1725 3686 nobiscum
1794 3613 1944 3708 ipso
2018 3610 2363 3706 Stephano
2414 3609 2789 3707 Wayvoda
2841 3621 2912 3683 et
2963 3610 3114 3683 aliis
3165 3611 3362 3705 regni

168 3710 319 3779 rosh-i
355 3710 724 3788 Baronibus
778 3723 849 3786 et
896 3713 1248 3805 militibus,
1316 3737 1564 3789 versus
1632 3715 1889 3789 Italiam
1941 3713 2233 3789 feliciter
2284 3718 2728 3807 accessimus,
2792 3725 2862 3788 et
2912 3716 3240 3811 quosdam
3292 3717 3365 3787 in

170 3815 455 3896 memissa
503 3819 1028 3914 interemptione
1080 3817 1307 3893 fratris
1358 3822 1574 3893 nostri
1627 3819 2024 3916 culpabiles,
2092 3841 2189 3892 ex
2240 3829 2427 3892 certa
2479 3817 2980 3910 informatione,
3048 3829 3363 3915 repertos

166 3928 321 3999 poena
365 3917 577 3994 debita
633 3922 1178 4015 condemnando,
1230 3927 1685 3997 remeavimus
1736 3926 1807 3995 in
1859 3944 2145 4016 regnum
2212 3931 2518 3994 nostrum
2568 3922 2955 4016 Hungariae
3008 3942 3361 3993 memora-

166 4020 274 4087 lm
354 4020 657 4119 Denique
726 4028 879 4122 quia
929 4037 1209 4122 propter
1259 4025 1506 4099 dictum
1557 4038 1862 4102 nostrum
1907 4026 1994 4098 de
2042 4024 2222 4098 dicto
2292 4047 2508 4119 regno
2578 4036 2813 4099 nostro
2879 4024 3153 4097 Siciliae
3205 4023 3360 4097 dis-

162 4136 387 4216 ,
455 4128 727 4202 Joanna
799 4138 870 4201 et
932 4129 1286 4203 Ludovico
1348 4130 1433 4202 de
1502 4131 1799 4205 Tarento
1878 4132 2118 4203 marito
2199 4127 2531 4218 eiusdem,
2611 4128 3001 4224 capitalibus
3069 4127 3359 4200 inimicis

166 4229 367 4319 Milia,
415 4254 563 4304 cum
602 4254 840 4307 eorum
875 4237 1100 4328 gentis
1134 4234 1575 4326 multitudine,
1627 4239 1846 4330 ipsum
1880 4255 2166 4327 regnum
2208 4242 2514 4306 nostrum
2547 4230 2822 4306 Siciliae
2858 4229 3358 4320 invadentibus,

166 4332 681 4432 mgentihusque
735 4338 1073 4413 nonnullis
1125 4339 1275 4412 aliis
1322 4342 1539 4414 nostri
1588 4338 1818 4412 fratris
1872 4336 2270 4409 diadematis
2320 4338 2634 4425 inimicis,
2685 4357 2819 4408 nec
2849 4357 2989 4410 non
3038 4334 3354 4430 prodito-

164 4423 292 4503 ribus
333 4446 395 4508 et
434 4436 801 4514 rebellibus
851 4464 1095 4518 sacrae
1148 4445 1385 4537 regiae
1437 4444 1809 4517 maiestatis
1870 4449 2176 4531 nostrae,
2243 4443 2462 4537 ipsum
2529 4461 2817 4534 regnum
2885 4449 3190 4513 nostrum
3242 4437 3357 4512 di-

164 4539 471 4616 versimode
541 4546 861 4618 extiterat
935 4546 1353 4638 lacessitum,
1433 4569 1633 4641 quam
1683 4544 1981 4642 pluribus
2033 4548 2244 4641 ipsius
2297 4546 2490 4639 regni
2543 4546 2760 4617 nostri
2809 4540 3235 4636 magnatibus
3290 4552 3362 4616 et

162 4636 463 4719 nautibus
515 4670 558 4720 a
611 4646 746 4721 fide
796 4659 1057 4741 nostra,
1109 4653 1177 4723 in
1234 4660 1684 4745 contemptum
1754 4653 1930 4743 regii
1980 4649 2261 4721 honoris
2330 4650 2545 4720 nostri
2608 4655 2679 4719 et
2730 4668 3032 4721 coronae
3103 4655 3360 4720 contu-

166 4740 363 4817 aeliam
409 4754 830 4845 segregatis3
880 4753 1038 4826 ideo
1091 4754 1408 4828 volentes
1462 4765 1532 4825 ct
1585 4758 1807 4828 animo
1881 4755 2230 4848 cupientes
2298 4751 2456 4824 huic
2507 4749 2875 4827 miserabili
2943 4772 3161 4845 regno
3213 4774 3356 4826 no-

300 4848 552 4927 Siciliae
605 4853 691 4929 de
742 4856 1046 4931 remedio
1100 4858 1465 4953 providere
1520 4867 1879 4955 oportune,-
1945 4879 2035 4930 ne
2088 4878 2213 4952 per
2263 4858 2452 4951 ipsos
2505 4863 2779 4929 nostros
2833 4856 3161 4953 capitales
3213 4858 3357 4928 ini-

168 4945 343 5039 ficosi,
388 4958 686 5034 aemulos
740 4970 810 5033 et
858 4959 1182 5051 rebelles,
1253 4965 1583 5058 regnique
1635 4963 1851 5037 nostri
1902 4960 2344 5058 praedatores
2397 4956 2636 5032 fideles
2690 4964 2907 5035 nostri
2958 4963 3355 5057 oppriman-

169 5050 259 5165 ,
292 5058 651 5151 praefatum
698 5065 1127 5161 magnificum
1177 5068 1395 5139 virum
1451 5065 1864 5160 Stephanum
1909 5061 2351 5161 Wayvodam
2383 5060 2950 5159 Transylvaniae,
3005 5060 3353 5137 Consilia-

170 5166 287 5227 tm
328 5170 389 5233 et
434 5162 823 5269 familiarem
892 5181 1197 5247 nostrum
1266 5169 1609 5257 dilectum,
1678 5172 1791 5266 qui
1858 5169 2165 5263 glorioso
2237 5165 2530 5264 Principi
2579 5166 2662 5239 D.
2717 5164 2994 5258 Carolo,
3063 5166 3360 5257 genitori

172 5267 339 5335 *miro
388 5268 755 5362 carissimo,
808 5283 1077 5371 sceptra
1130 5277 1476 5369 regiminis
1528 5273 1691 5351 dicti
1742 5276 1938 5368 regni
1988 5271 2403 5366 Hungariae,
2482 5274 2550 5343 in
2603 5272 2932 5359 memoria
2980 5268 3166 5345 felici
3193 5264 3360 5363 ,im-

170 5370 433 5459 imme,
477 5394 523 5445 a
568 5377 927 5470 primaevis
964 5382 1308 5476 pueritiae
1362 5398 1549 5455 suae.
1580 5372 2023 5475 temporibus,
2062 5384 2146 5460 ct
2175 5398 2304 5474 per
2344 5395 2780 5478 consequens
2829 5370 3036 5485 nobis
3081 5369 3178 5455 ad,
3202 5383 3366 5451 tro-
