3950 5917
3267 415 3423 492 433

12 639 19 652 ²
84 599 800 701 *testatum-‘fidelium
842 601 1691 723 ⁸eori'an'dem‘Regnorum
1748 621 2054 702 Statuam
2127 638 2197 701 et
2247 627 2568 701 Ordinum
2624 625 2858 699 Zelu'm
2932 612 3425 717 benignissimo

12 745 13 750 ’
100 731 572 828 'suscipientes
606 733 884 822 Animo,
934 743 1007 804 ut
1052 741 1484 830 perspectam
1536 732 1774 825 Nobis,
1830 742 2029 828 atque
2083 743 2218 804 tum
2273 734 2644 806 occasione
2696 730 2896 821 hujus
2945 728 3223 801 Militiae
3267 728 3422 800 Re·-

104 836 511 929 gulationis‚
593 859 743 909 cum
815 845 885 909 et
963 837 1132 910 alias
1185 837 1356 909 Belli
1427 838 1761 933 Pacisque
1832 848 2138 933 tempore
2193 835 2551 909 multifarie
2621 835 2969 931 probatum
3025 831 3420 905 Eorundem

103 938 451 1012 Virtutem
507 948 577 1011 et
624 939 888 1026 Fidem,
941 962 1065 1036 pro
1120 943 1444 1035 singulari
1503 942 1614 1013 illa
1671 953 1740 1014 et
1790 964 1957 1013 vera
2012 938 2345 1027 Materna,
2393 943 2551 1035 'qua'
2593 942 2661 1010 in
2701 936 3125 1035 ‘praelibatos
3181 935 3422 1008 fideles

12 1055 13 1080 ³
108 1042 354 1115 Status
408 1052 478 1114 et
527 1041 820 1116 Ordines
873 1042 1163 1117 ferimur
1203 1044 1698 1142 Propensione.,
1767 1067 1891 1141 pro
1947 1043 2286 1136 condigno
2359 1035 3046 1136 recogndsobremus,
3119 1039 3422 1111 demisse

110 1150 574 1240 praesentatis
619 1146 959 1239 Majestati
1011 1160 1289 1221 nostrae
1342 1148 1566 1221 medio
1619 1147 2242 1222 Exmissorum
2297 1147 2606 1219 isthuc
2659 1168 2699 1217 e
2741 1145 3015 1217 Gremio
3072 1143 3420 1215 antelato-

111 1273 270 1322 rum
314 1250 623 1322 ‘fidelium
669 1251 973 1323 Statuum
1030 1263 1099 1324 et
1133 1252 1452 1325 Ordinum
1508 1252 2198 1348 Deputatorum„
2252 1250 2654 1347 Spectabilis
2709 1252 2951 1345 quippe
3017 1271 3100 1318 ac
3137 1247 3422 1341 Magni-

114 1352 235 1425 fici
290 1352 572 1425 Comitis
628 1352 1058 1452 Cbislopbori
1111 1354 1391 1429 Orssicb
1439 1356 1522 1428 ab
1559 1355 2103 1442 Orssicb-Vara„
2156 1354 2417 1472 Equitis
2468 1353 2734 1442 Aurati,
2789 1350 3090 1424 Tabulae
3143 1362 3423 1423 nostrae

111 1457 396 1529 Banalis
459 1458 863 1531 Assessoris
945 1470 1014 1530 et
1068 1457 1448 1551 Consiliarij
1532 1464 1769 1548 nostri,
1850 1459 2338 1553 Egregiorum‘'
2382 1462 2541 1529 item
2622 1457 2908 1528 Joannis
2963 1454 3269 1527 Raucb
3324 1455 3413 1527 de

110 1559 348 1656 Nyek„
400 1560 860 1656 praefatorum
911 1561 1695 1650 Dalmatiae,‘Croatia'e³
1729 1569 1810 1634 ‘et
1862 1564 2277 1635 sclavoniae
2313 1562 2705 1653 Regnorum
2762 1569 3144 1632 nostrorum
3193 1559 3417 1631 Vice-

108 1664 315 1750 Rani,
388 1663 832 1736 Comitatuum
905 1665 1387 1760 Zagrabiensis
1458 1679 1527 1740 et
1579 1665 1943 1739 Crisiensis
1998 1653 2310 1760 Supremi
2382 1664 2689 1750 Comitis,
2761 1663 3061 1735 Tabulae
3132 1673 3418 1735 nostrae

114 1767 398 1840 Banalis
450 1773 703 1864 pariter
754 1770 1160 1844 Assessoris
1216 1780 1285 1842 et
1336 1770 1716 1862 Consiliarij
1773 1767 2014 1855 nostri„
2067 1770 2348 1863 Josephi
2403 1770 2672 1840 demum
2724 1766 3065 1861 Magdich,
3119 1766 3424 1839 Tabulae

112 1871 447 1943 dictorum
500 1872 895 1965 Regnorum
948 1874 1358 1947 Judiciariae
1414 1875 1815 1948 Assessoris
1871 1885 1939 1946 et
1993 1872 2372 1964 Consiliarij
2431 1894 2651 1967 aeque
2705 1875 2945 1956 nostri,
3020 1870 3421 1965 quibusdam

111 1974 508 2064 Postulatis„
561 1998 819 2072 proque
875 1977 1112 2048 borum
1156 1977 1641 2070 benignissima
1693 1978 2284 2072 Applacidatione„
2341 1977 2518 2047 facta
2572 1973 2769 2047 nobis
2823 1974 3184 2046 humillima
3227 1976 3421 2069 Sup—

112 2079 509 2173 plicatione‚
581 2085 646 2150 in
700 2079 1084 2153 uberiorem
1167 2080 1747 2154 Contestationem
1827 2083 2190 2177 peculiaris
2271 2081 2580 2168 affectum
2662 2102 2795 2172 quo
2876 2078 3096 2150 dictos
3178 2075 3420 2149 fideles

112 2182 350 2254 Status
406 2193 476 2254 et
529 2181 819 2257 Ordines
889 2183 1379 2277 benignissime
1449 2185 1981 2280 complectimur,
2055 2195 2123 2256 et
2175 2193 2503 2279 quatenus
2557 2183 2763 2256 Iidem
2820 2181 3183 2271 singularis
3240 2181 3417 2254 Cle-

112 2288 413 2358 mentiae
466 2297 742 2358 nostrae
796 2287 1059 2380 Regiae
1126 2300 1521 2384 perpetuum
1577 2288 1868 2360 babeant
1917 2287 2450 2376 Monumentum,
2507 2285 2885 2380 subsequas
2938 2286 3176 2358 iisdem
3233 2286 3418 2358 fide-

110 2389 290 2461 libus
350 2390 794 2462 antelatorum
848 2391 1241 2484 Regnorum
1313 2399 1697 2465 nostrorum
1771 2392 2069 2464 Statibus
2124 2402 2192 2463 et
2244 2389 2603 2464 Ordinibus
2672 2389 3161 2481 benignissime
3234 2403 3415 2460 con-⁴

108 2492 482 2565 firmandas
538 2505 606 2566 et
656 2498 1047 2590 respective
1101 2496 1533 2590 elargiendas
1588 2497 1900 2569 duximus
1954 2495 2487 2568 Concessiones.
2566 2494 2655 2565 Et
2707 2496 3091 2587 cumprimis
3147 2494 3420 2587 quidem

108 2596 468 2686 Banalem.,
521 2601 590 2669 in
643 2598 886 2670 iisdem
942 2596 1269 2691 ConfiniJs
1342 2602 1645 2695 adusque
1709 2600 2191 2695 praehabitam,
2264 2610 2332 2670 et
2384 2602 2449 2669 in
2505 2598 2814 2670 Articulo
2869 2597 3418 2687 Quadragesimo

108 2701 422 2796 Septimo
473 2700 656 2773 Anni
707 2701 1045 2775 Millesimi
1101 2707 1682 2798 septingentesimi
1737 2704 2236 2799 quadragesimi
2290 2706 2509 2798 primi,
2564 2705 2764 2797 inque
2817 2700 2932 2772 illo
2989 2704 3206 2773 citatis
3263 2702 3417 2794 alijs

12 2809 13 2852 ἰ
96 2801 411 2898 ‘Legibus
491 2804 904 2877 declaratam
981 2807 1449 2897 Activitatem,
1528 2812 1965 2903 imposterum
2048 2811 2248 2879 etiam
2332 2805 2792 2878 exercendam
2867 2804 3061 2875 bisce
3134 2804 3417 2876 ulterius

112 2909 609 3001 benignissime
689 2909 1188 2982 confirmamus.
1293 2910 1405 2983 Ex
1459 2935 1591 3007 quo
1648 2934 1853 3007 porro
1930 2911 2106 2984 dicta
2190 2908 2493 2982 Confinia
2579 2917 2800 2981 semet
2852 2931 2944 2979 ex
2998 2917 3233 2980 natura
3291 2925 3417 2981 sua

108 3013 197 3082 ad
253 3011 427 3083 Rem
482 3011 838 3086 Militarem
893 3014 1190 3108 alioquin
1245 3000 1636 3111 simpliciter
1685 3016 2014 3101 referant„
2070 3013 2370 3086 Eosdem
2427 3013 2665 3085 fideles
2720 3015 2950 3084 Status
3005 3022 3073 3084 et
3124 3012 3419 3085 Ordines

108 3114 339 3210 quoad
390 3119 607 3210 ipsam
659 3126 1206 3212 praenotatorum
1279 3120 1627 3191 Banalium
1681 3119 1903 3212 Regni
1960 3115 2417 3190 Confiniorum
2473 3116 3175 3190 Administrationem.
3255 3118 3418 3213 ple-

108 3241 268 3290 nam
322 3222 393 3291 in
445 3230 823 3293 memorato
876 3221 1335 3315 praefatorum
1386 3221 1778 3313 Regnorum
1836 3231 2224 3294 nostrorum
2276 3220 2494 3308 Ban0,
2549 3222 2736 3293 velut
2789 3230 3103 3290 exactam
3162 3220 3416 3290 Rerum

104 3321 495 3395 Militarium
578 3322 1049 3418 Cognitionem
1106 3335 1174 3396 et
1225 3325 1733 3420 Experientiam
1815 3323 2131 3413 habente,
2209 3323 2667 3418 Ejusdemque
2737 3327 2804 3394 in
2879 3321 3121 3393 Officio
3197 3323 3416 3392 bocco

104 3427 651 3500 successoribus
721 3425 1036 3500 fiduciam
1091 3430 1548 3501 collocuturos
1617 3428 2105 3521 benignissime
2178 3427 2597 3500 confidimus.
2706 3427 3150 3513 Quantumvis
3205 3447 3416 3521 porro

102 3529 524 3625 praelibatus
579 3530 946 3603 modernus
1000 3532 1254 3605 Comes
1306 3532 1559 3621 Banna,
1630 3536 1737 3604 cui
1787 3532 2056 3624 Aerarij
2132 3534 2346 3604 nostri
2419 3534 2870 3603 necessitates
2948 3531 3223 3602 omnino
3279 3551 3417 3600 co·-

104 3639 345 3725 gnitae
399 3636 722 3718 existunt,
780 3657 931 3707 eam
986 3636 1351 3709 demissam
1407 3635 1745 3729 Majestati
1799 3647 2079 3709 nostrae
2149 3635 2435 3707 fecisset
2483 3634 3055 3719 Declarationem.‚
3128 3634 3417 3727 qualiter

101 3737 296 3810 Idem
370 3741 663 3834 proprijs
716 3738 963 3831 Medijs
1018 3763 1055 3811 a
1110 3740 1296 3812 BEO
1348 3739 1645 3826 dotatus,
1714 3751 1916 3835 atque
1971 3739 2056 3811 ab
2111 3740 2287 3828 aliis,
2357 3760 2531 3835 quae
2586 3760 2678 3808 ex
2732 3735 3106 3809 Clementia
3180 3750 3412 3811 nostra

102 3842 731 3936 Caesareo-Regia
783 3842 910 3915 sibi
956 3845 1200 3916 collata
1254 3842 1481 3931 babet„
1535 3843 1823 3935 Officijs‚
1860 3843 2181 3916 notabilia
2219 3844 2482 3916 Salaria
2519 3844 2928 3938 percipien3‚
2981 3839 3412 3936 pendendum

102 3947 195 4018 ab
251 3948 546 4019 Aerario
599 3955 837 4020 nostro
886 3947 1140 4040 Regio,
1222 3948 1308 4020 ad
1360 3945 1697 4020 Tenorem
1780 3947 2067 4020 Articuli
2150 3946 2518 4020 Centesimi
2598 3945 2843 4018 decimi
2925 3949 3142 4040 quarti
3220 3947 3404 4020 Anni

97 4051 449 4124 Millesimi
499 4050 1095 4145 Septingentcsimi
1175 4053 1440 4124 Decimi
1517 4053 1751 4146 quinti,
1803 4052 2061 4124 Banale
2114 4052 2446 4124 Salarium
2529 4055 2748 4124 minus
2827 4048 3124 4138 anhelet,
3208 4073 3411 4147 quam

78 4159 315 4227 ‘etiam
369 4153 918 4228 Declarationem
971 4178 1096 4252 pro
1152 4178 1328 4228 nunc
1384 4166 1453 4228 et
1502 4179 1720 4250 usque
1775 4156 2220 4228 subsecutura
2295 4154 2606 4229 feliciora
2659 4156 2995 4250 Tempora
3046 4152 3415 4250 benignis-

98 4263 282 4330 sime
335 4269 812 4354 acceptamus;
866 4259 952 4331 ad
1001 4259 1275 4333 uberius
1330 4270 1624 4332 attamen
1680 4255 2272 4333 demonstrandam
2327 4260 2569 4333 iisdem
2623 4257 2934 4331 fidelibus
2988 4255 3287 4332 Statibus
3343 4271 3414 4330 et

97 4359 470 4436 Ordinibus
522 4362 809 4453 Regiam
864 4362 1304 4436 Clementiam
1361 4372 1690 4453 nostram,
1741 4368 1811 4436 in
1860 4364 2053 4437 reale
2101 4365 2457 4459 praecitati
2508 4363 2798 4435 Articuli
2851 4360 3219 4437 Centesimi
3274 4363 3413 4436 de—

98 4470 265 4539 cimi
322 4469 539 4561 quarti
589 4466 775 4539 Anni
823 4467 1163 4541 Millesimi
1213 4467 1815 4564 septingentesimi
1857 4467 2100 4540 decimi
2155 4470 2363 4564 quinti
2416 4477 2486 4539 et
2524 4468 2804 4539 aliarum
2861 4475 3145 4538 eatenus
3194 4490 3412 4564 prae-

86 4568 480 4643 habiturum
534 4568 758 4664 Regni
810 4569 1066 4663 Legum
1123 4568 1731 4666 complementum,
1787 4572 2163 4644 clementer
2214 4572 2676 4645 resolvimus:
2767 4568 2856 4643 Ut
2909 4568 3149 4642 futuris
3202 4581 3411 4646 aute-

78 4671 403 4747 ‘fatorum
455 4674 850 4768 Regnorum
904 4686 1288 4748 nostrorum
1344 4675 1551 4748 Banis
1605 4698 1895 4749 annuum
1953 4677 2261 4771 Quinque
2297 4674 2571 4748 Millium
2611 4674 3025 4747 florenorum
3071 4672 3409 4748 Salarium

96 4778 189 4849 ab
246 4777 542 4851 Aerario
614 4791 877 4860 nostro,
949 4789 1019 4851 et
1070 4778 1337 4873 quidem
1395 4801 1487 4850 ex
1537 4779 1776 4852 Fundo
1849 4778 2110 4852 Cassae
2179 4789 2458 4852 nostrae
2527 4779 2861 4860 Militaris,
2925 4799 3050 4872 pro·
3102 4783 3285 4851 omni
3340 4791 3410 4851 et

78 4893 249 4960 ‘toto
305 4883 741 4982 dependatur.
847 4881 1002 4956 Non
1056 4882 1450 4957 absimiliter
1519 4887 1900 4973 annuimus,
1978 4893 2309 4977 quatenus
2381 4882 2751 4956 Consilium
2822 4892 3125 4954 nostrum
3180 4883 3407 4955 Aulae

90 4989 431 5063 Bellicum
504 4987 998 5060 Autboritatem
1054 4996 1125 5058 et
1175 4985 1615 5059 Activitatem
1686 5009 1875 5058 suam
1933 4989 1997 5059 in
2048 4986 2289 5058 iisdem
2363 4985 2727 5059 Banalibus
2795 4986 3017 5079 Regni
3075 4985 3405 5078 Confiuijs

94 5116 240 5169 non
293 5095 516 5183 aliter,
570 5114 769 5188 quam
823 5092 1151 5165 hacteuus
1204 5089 1455 5162 factum
1508 5089 1658 5179 fuit,
1711 5112 1849 5163 non
1904 5089 2218 5163 obstante
2271 5095 2472 5164 etiam
2517 5095 2891 5188 praemissa
2921 5090 3404 5183 Regulatione,

90 5206 478 5288 ‘exerceat3
527 5195 846 5270 Tabellas
883 5204 1176 5268 attamen
1216 5192 1438 5289 quoad
1493 5193 1880 5267 effectivum
1932 5203 2394 5290 praeattactae
2428 5194 2782 5288 regulatae
2817 5193 3093 5266 Militiae
3131 5194 3407 5268 Banalis

90 5301 330 5399 Regni
373 5299 828 5375 Conliniariae
880 5298 1166 5387 Statum,
1219 5307 1595 5371 memorato
1650 5296 1952 5371 Consilio
2005 5308 2241 5371 nostro
2287 5300 2506 5371 Aulae
2542 5297 2828 5378 Bellico.
2878 5300 3035 5392 ipso
3085 5297 3403 5395 Regula-

94 5411 307 5488 tionis
380 5405 574 5479 Statu
632 5406 711 5479 id
765 5425 999 5478 secum
1065 5402 1362 5495 ferente,
1431 5401 1898 5477 Menstruatim
1976 5398 2268 5477 submitti
2338 5402 2674 5478 volumus.
2782 5400 3172 5477 Clementer
3238 5406 3403 5477 item

311 5539 465 5607 (Part
510 5537 548 5592 1.
604 5538 777 5593 Ρήνῑι.
832 5547 887 5591 et
918 5536 1133 5604 Liberi.)
2647 5501 2679 5532 ⁶
2885 5508 2985 5579 55
