3950 5917
1490 1040 1686 1125 CX
1699 1039 2068 1125 xxn.

1522 1354 1730 1428 Auo
1789 1351 2030 1426 1418.

127 1628 921 1736 Transsumptum
981 1628 1402 1710 Davidis
1462 1625 1780 1710 Laczk
1842 1628 1957 1708 de
2018 1627 2431 1733 Zantbo,
2506 1626 2827 1734 Regni
2891 1623 3444 1710 Slavoniae

131 1765 382 1872 Rani,
445 1789 702 1847 anno
769 1764 1022 1850 1418.
1070 1766 1477 1872 factum,
1542 1770 2335 1870 contine-squet
2437 1765 2514 1846 1.
2577 1765 3070 1845 Statutum
3115 1764 3444 1871 Sigis-

139 1904 434 1984 mundi
512 1901 864 2009 Regis,
927 1926 1174 1983 anno
1259 1901 1495 1984 1414
1555 1902 2090 1984 Nobilibus
2154 1900 2809 1982 comitatuum
2892 1901 3443 1984 Crisiensis

139 2052 216 2119 et
265 2037 999 2147 Zagrabiensis
1095 2050 1642 2145 exaratum,
1735 2064 1918 2146 quo
1998 2043 2091 2119 vi
2166 2040 2693 2146 generalis
2754 2038 3165 2119 Decreti
3259 2045 3442 2120 toti

136 2173 452 2283 Regno
552 2177 756 2257 dati
852 2181 1552 2283 constituitur,
1646 2189 1747 2258 ut
1805 2177 2414 2258 solummodo
2497 2190 2942 2282 tempore
3006 2163 3444 2258 Genera-⁵

63 2369 64 2374 κ
140 2314 333 2394 lium
396 2314 1337 2421 congregationum
1431 2320 1528 2394 in
1607 2316 1775 2422 jus
1866 2320 2216 2395 vocari
2297 2319 2723 2420 possint.
2847 2314 2929 2393 2.
2992 2314 3441 2394 Alterum

63 2527 64 2554 ᾗ
139 2451 558 2557 ejusdem
622 2449 977 2558 Regis,
1042 2478 1270 2533 anno
1326 2452 1559 2534 1417
1629 2462 2135 2533 exaratum
2197 2463 2705 2558 statutum,
2769 2476 2956 2557 quo
3019 2465 3442 2557 quant'as

148 2584 581 2693 Capitula
645 2593 736 2669 in
798 2588 1293 2671 obeundis
1365 2589 1811 2695 publicis
1901 2594 2263 2669 muni-is
2353 2601 2638 2669 taxas
2732 2593 3152 2695 exigere
3214 2613 3442 2694 pos-

63 2711 64 2724 *
151 2729 347 2829 sint,
410 2731 1106 2808 constituitur.
1172 2725 1254 2807 3.
1304 2727 1677 2807 Bullam
1741 2753 1783 2806 a
1834 2726 2394 2808 Benedicto
2441 2725 2607 2806 XII.
2670 2750 2917 2806 anno
2971 2724 3230 2806 1334.
3282 2752 3443 2806 ex-

145 2873 490 2969 aratam,
598 2876 693 2944 et
784 2891 824 2944 a
919 2864 1565 2972 Sigismundo
1629 2862 1908 2971 Rege
2004 2863 2578 2974 ann01417.
2660 2873 3438 2970 transsumptam,

63 2977 64 2982 Ν
316 3027 492 3106 qua
562 3001 931 3084 abusus
1012 3008 1281 3083 circa
1359 3002 1967 3083 suicidarum
2031 3002 2635 3107 sepulturam
2718 3002 3232 3082 tolluntur.

416 3271 574 3346 Nos
625 3272 848 3345 Dauid
899 3271 1135 3345 Laczk
1187 3272 1275 3345 de
1325 3271 1617 3364 Zautho‚
1669 3272 1896 3367 Regni
1951 3272 2324 3347 Sclauonie
2369 3273 2627 3364 Bautis,
2679 3271 3017 3346 Memorie
3071 3296 3440 3348 commen-

65 3381 68 3518 s
154 3372 355 3448 dantes
404 3388 656 3449 tenore
725 3379 1142 3471 presentium
1216 3374 1685 3469 significamus
1765 3375 2009 3474 quibus
2090 3375 2376 3471 expedit
2456 3379 2852 3474 vniuemis:
2963 3375 3160 3463 Quod
3240 3377 3442 3450 nobis

150 3473 292 3549 feria
336 3478 640 3553 secunda
693 3481 1007 3574 proxima
1059 3489 1218 3574 post
1271 3489 1554 3552 octauas
1607 3479 1770 3553 festi
1822 3477 2007 3552 beati
2060 3476 2343 3573 Georgii
2396 3484 2741 3574 martyris,
2813 3500 2950 3553 vna
3023 3500 3175 3551 cum
3242 3483 3441 3570 regni

150 3575 460 3655 Nobilibus
535 3604 662 3678 pro
726 3581 1050 3655 faciendo
1108 3581 1539 3656 moderatiuo
1592 3581 1866 3655 Judicio
1940 3580 2379 3655 causantibus
2433 3584 2500 3652 in
2559 3581 2730 3655 sede
2784 3592 3022 3654 nostra
3072 3581 3441 3654 Judiciaria

152 3682 532 3776 sedentibus,
588 3683 884 3757 Michael
934 3683 1301 3761 Litteratus
1372 3684 1551 3778 filius
1620 3685 1954 3758 Johannis
2027 3685 2187 3758 dicti
2236 3684 2537 3757 Kazmer
2607 3684 2695 3756 de
2744 3682 3043 3771 Rawen,
3113 3706 3292 3757 vnus
3347 3708 3443 3757 ex

150 3781 458 3861 Judicibus
512 3786 856 3861 Nobilium
893 3784 1270 3864 Comitatus
1325 3785 1719 3876 Crisiensis‚
1775 3792 1841 3861 in
1882 3796 2190 3863 nostram
2244 3787 2586 3861 ueniendo
2642 3790 3055 3883 presentiam
3111 3788 3441 3883 quasdam

151 3894 266 3961 tres
311 3890 570 3964 litteras
635 3890 888 3964 domini
960 3895 1180 3964 nostri
1252 3892 1699 3985 sigismundi,
1769 3890 1902 3963 Dei
1955 3895 2175 3986 gratia
2224 3890 2691 3964 Romanorum
2746 3913 2830 3962 ac
2880 3890 3233 3986 Hungarie
3307 3900 3439 3963 etc.

151 3985 332 4085 Regis
384 4003 541 4084 etc,
611 4016 819 4066 vnam
885 3993 972 4066 ad
1023 3998 1369 4091 propriam
1422 3998 1983 4070 commissionem
2056 3993 2364 4066 eiusdem
2435 3992 2561 4067 sub
2616 3994 2978 4090 Imperiali‚
3053 4004 3122 4066 et
3174 4016 3441 4068 secun-

151 4090 276 4166 dam
322 4097 404 4167 ad
454 4101 1016 4170 commissionem
1067 4097 1413 4171 Bai-onum
1470 4097 1596 4171 sub
1653 4100 1919 4187 maiori,
1973 4119 2109 4169 nec
2150 4119 2289 4169 non
2347 4101 2614 4169 tertiam
2669 4096 2795 4171 sub
2851 4097 3181 4170 mediocri
3236 4098 3442 4190 sigil-

69 4143 74 4378 †
152 4191 218 4266 lis
261 4198 587 4289 eiusdem,
659 4222 868 4296 super
920 4199 1343 4276 libertatibus
1397 4201 1557 4273 dicti
1609 4200 1836 4294 Regni
1901 4199 2272 4274 Sclauonie
2327 4204 2605 4273 omnino
2677 4211 2991 4295 patenter
3058 4195 3439 4280 emanatas.

69 4385 70 4392 ἵ
154 4297 315 4374 nobis
365 4302 880 4392 demonstrauit,
962 4326 1230 4400 nosque
1312 4308 1534 4377 series
1618 4302 1988 4376 earundem
2074 4325 2308 4392 coram
2378 4306 2830 4378 vniuersitate
2902 4301 3226 4376 nobilium
3280 4303 3442 4376 dicti

69 4403 70 4420 ¹
156 4397 487 4479 Comitatus
561 4403 928 4480 Grisiensis
1001 4428 1126 4479 suo
1200 4406 1404 4480 modo
1476 4407 1741 4503 perlegi
1822 4416 1892 4478 et
1962 4410 2221 4501 exponi
2298 4404 2733 4480 fecissemus.
2844 4405 3013 4479 Mox
3091 4405 3436 4501 Egregius

157 4507 244 4575 vir
283 4506 633 4584 Emericus
703 4506 880 4582 filius
954 4510 1294 4606 quondam
1348 4509 1641 4582 Ladislai
1699 4510 1788 4583 de
1844 4507 2225 4600 Gordowa‚
2298 4509 2467 4583 alias
2541 4509 2699 4581 dicti
2772 4507 2996 4603 Regni
3068 4510 3443 4583 Sclauonie

71 4645 72 4658 κ
159 4601 310 4700 bani,
359 4666 422 4684 ..
453 4668 470 4684 .
524 4616 592 4684 in
650 4633 772 4686 sua
830 4636 914 4688 ac
965 4613 1431 4686 Bartholomei
1485 4623 1555 4687 et
1606 4612 1903 4686 Ladislai
1971 4610 2256 4684 fratrum
2330 4634 2607 4687 suorum
2681 4612 3050 4684 carnalium
3122 4617 3442 4708 personis

71 4775 72 4786 ,
160 4707 438 4804 allegauit
487 4738 576 4790 eo
631 4716 884 4789 modo:
968 4714 1330 4804 Quomodo
1383 4720 1515 4811 ipsi
1568 4715 1918 4790 tenoribus
1992 4715 2320 4787 dictarum
2390 4719 2587 4789 trium
2661 4715 3029 4788 litterarum
3104 4717 3436 4811 regalium

160 4829 422 4910 sumpme
475 4818 885 4913 indigerent.
937 4830 1179 4915 petens
1231 4841 1363 4894 nos
1419 4841 1547 4894 suo
1591 4829 1662 4892 et
1697 4819 1983 4918 aliorum
2035 4819 2493 4914 predictorum
2546 4816 2958 4908 nominibus,
3013 4829 3089 4892 vt
3125 4830 3437 4891 tenorem

165 4919 484 4993 earundem
537 4922 908 4995 litterarum
953 4926 1023 4995 in
1059 4923 1319 4996 litteras
1373 4932 1648 4997 nostras
1701 4921 2063 4995 transcribi
2113 4920 2354 4994 facere
2408 4925 2708 5017 ipsisque
2754 4921 2922 4994 dare
2973 4920 3439 5015 dignaremur,

166 5013 420 5096 vberiori
455 5048 576 5120 pro
613 5022 900 5099 cautela.
957 5025 1257 5112 Quarum
1290 5029 1496 5102 vnius
1550 5036 1750 5099 tenor
1783 5029 1845 5100 is
1884 5034 2037 5098 est:
2092 5023 2239 5097 Nos
2278 5023 2782 5118 sigismundus,
2836 5024 2968 5096 Dei
3007 5029 3241 5119 gracia
3278 5024 3437 5097 Ro-

167 5136 469 5199 manorum
519 5125 676 5202 Rex
729 5150 1005 5225 semper
1055 5130 1411 5224 Augustus
1466 5152 1552 5201 ac
1603 5129 1953 5224 Hungaric
2009 5138 2141 5201 etc.
2194 5126 2378 5210 Rex.
2458 5125 2795 5200 Memorie
2877 5127 3441 5201 commendantes

167 5224 366 5299 tenore
414 5236 823 5325 presentium
881 5231 1374 5327 significamus.
1450 5231 1689 5327 quibus
1755 5231 2035 5327 expedit
2084 5233 2452 5303 vniuersis.
2561 5230 2760 5317 Quod
2814 5235 3126 5326 quamuis
3181 5234 3439 5326 uigen-

171 5319 310 5399 tibus
342 5335 401 5405 in
438 5333 611 5407 dicto
664 5357 884 5430 regno
943 5345 1183 5410 nostro
1235 5335 1585 5429 Hungarie
1641 5332 2142 5431 quampluribus
2195 5332 2511 5408 indebitis
2566 5344 2637 5410 et
2670 5335 2920 5411 illicitis
2974 5333 3259 5428 artibus,
3310 5355 3442 5432 per

338 5490 477 5555 (rm
507 5492 546 5548 ι.
586 5495 760 5551 mvn.
795 5504 848 5550 οι
879 5494 1098 5565 uben.)
2863 5465 2961 5539 24
