3950 5917
482 440 638 518 056

1940 983 2366 1114 ccxv.

1439 1279 1653 1350 Am
1709 1215 2134 1367 messi.
2189 1269 2381 1348 sats.
2442 1267 2853 1347 meae.

484 1541 1073 1648 Leopoldus
1136 1538 1338 1624 Rex
1398 1538 1759 1624 Bauum
1826 1540 2304 1642 requirit,
2395 1547 2496 1615 ut
2555 1560 2741 1642 quo
2803 1539 3236 1642 majore·
3297 1541 3646 1643 cepta·
3723 1544 3807 1620 in

484 1678 839 1785 Regno
920 1679 1398 1783 colligat,
1480 1697 1730 1781 quae
1792 1700 1833 1754 a
1896 1672 2255 1754 Tureis
2325 1672 2818 1754 obsessae
2877 1663 3323 1756 Viennae
3386 1680 3475 1754 in
3542 1681 3809 1755 auxi-

1720 1812 1945 1892 lium
2006 1815 2259 1891 mitti
2333 1820 2778 1920 possent.

490 2086 883 2184 chioldu
976 2086 1223 2160 Diui-n
1320 2084 1598 2159 famae
1695 2085 2058 2259 clemen?
2075 2081 2430 2281 gual-ctu·
2506 2081 2971 2155 nomem
3068 2082 3446 2180 Imperator
3523 2083 3811 2181 Semper

2029 2211 2069 2259 u
2237 2207 2338 2262 on.

798 2391 1207 2492 Spectabilis
1260 2414 1349 2464 ac
1396 2390 1796 2485 Hagnilicffi
1866 2389 2090 2466 fidelis
2141 2389 2362 2465 Nobis
2410 2411 2709 2487 syncere
2761 2388 3031 2464 dilecte.
3136 2390 3390 2465 Notum
3443 2395 3600 2480 erit.
3671 2392 3808 2464 bo-

488 2499 681 2576 dibu
733 2498 1105 2571 Turcarum
1176 2505 1250 2568 et
1297 2496 1733 2567 Tartarorum
1804 2497 2070 2590 copias.
2151 2504 2347 2588 rupto
2419 2494 2508 2566 ad
2557 2492 2988 2566 Ari-ebonem
3059 2511 3294 2589 passu.
3376 2513 3512 2567 non
3591 2497 3800 2568 solum

488 2612 751 2698 parte-
800 2600 1029 2696 Regni
1078 2596 1497 2692 Huug'ariae,
1559 2597 1684 2671 sed
1738 2600 1945 2670 etiam
1995 2597 2326 2670 Austriae
2372 2596 2894 2694 vudequaquam
2947 2598 3192 2684 caede.
3263 2597 3612 2680 incendio.
3685 2621 3800 2668 ra-

486 2709 671 2800 pina,
724 2703 1040 2799 adeoque
1090 2702 1278 2775 ferro
1333 2701 1738 2795 flammaque
1792 2710 2036 2774 cuncta
2091 2701 2526 2789 devastasse,
2582 2711 2653 2772 et
2693 2701 2968 2773 tandem
3019 2721 3459 2773 numerosum
3497 2701 3801 2773 Exerci-

486 2817 625 2880 tum
679 2808 1041 2879 Turcicum
1111 2827 1335 2900 vsque
1387 2804 1477 2876 ad
1545 2808 1810 2877 maenia
1866 2807 2160 2875 ciuitatis
2212 2804 2628 2876 Viennensis
2698 2814 3132 2900 penetrasse,
3205 2825 3383 2898 quae
3437 2809 3798 2877 etiamnum

490 2931 585 2982 cx
638 2911 899 3004 aliquot
948 2906 1387 3003 suggestibus
1441 2910 1796 2981 tormentis
1852 2916 2262 3003 quatiuntur,
2332 2906 2685 2982 Praesidio
2741 2917 2986 2981 nostro
3032 2911 3294 2979 interea
3351 2927 3436 2980 se
3473 2909 3802 2981 valorose

490 3010 927 3085 defendente.
1007 3012 1405 3100 Nuuciatur,
1477 3032 1719 3082 omnes
1773 3009 2021 3100 ferme.
2090 3015 2328 3106 paucis
2391 3014 2731 3106 exceptis.
2801 3011 2874 3082 ln
2925 3031 3150 3105 reguo
3198 3009 3596 3105 ffingariue
3648 3031 3802 3083 ma-

488 3133 616 3188 nus
671 3113 979 3206 dedisse.
1035 3124 1237 3209 atque
1292 3114 1376 3185 ad
1431 3118 1841 3186 contrariam
1896 3115 2225 3186 inclinare
2279 3123 2558 3208 partem.

794 3217 942 3291 Nos
995 3229 1221 3290 amem
1276 3221 1598 3290 continuo
1653 3217 1996 3288 fidelitatis
2063 3228 2134 3289 et
2190 3239 2358 3308 erga
2413 3215 2564 3289 Nos
2614 3217 3041 3311 Domumque
3097 3216 3422 3290 Nostram
3475 3218 3804 3290 Austris-

485 3342 641 3392 ean
692 3321 1079 3394 deuotionis
1132 3319 1392 3409 smdio,
1472 3342 1607 3415 quo
1660 3319 2248 3415 praedecessores
2300 3320 2532 3393 Vestri
2587 3321 2976 3393 claruerunt
3046 3330 3118 3392 et
3167 3320 3461 3392 Vosmet
3531 3343 3806 3416 semper

483 3422 838 3517 hucusque
909 3428 1053 3520 pari
1106 3424 1393 3496 fervore
1446 3434 1516 3496 et
1569 3424 1724 3495 zelo
1795 3423 2227 3510 exhibuistis„
2308 3427 2651 3516 totiusque
2721 3423 2946 3516 Regni
2999 3420 3320 3496 Oroatiae
3375 3429 3800 3497 constantiae

484 3527 753 3614 confisi.
808 3526 1105 3621 benigne
1161 3549 1541 3623 speramus,
1606 3527 1740 3599 hoc
1792 3528 2186 3622 periculoso
2239 3536 2306 3598 et
2360 3525 2741 3598 turbulento
2796 3537 3105 3622 tempore
3161 3549 3254 3597 ex
3309 3545 3546 3599 amm-e
3605 3533 3801 3600 etiam

483 3628 891 3722 Religionis.
969 3654 1103 3702 una
1156 3653 1309 3702 cum
1361 3630 1793 3723 Mag-natibus
1847 3630 2137 3723 alijsque
2191 3627 2476 3701 statibus
2530 3627 2797 3724 Regni.
2869 3630 3264 3702 nullotemrs
3310 3651 3350 3700 a
3403 3630 3630 3704 Nobis
3680 3653 3806 3702 re·

482 3754 837 3822 cessuros.
892 3734 1019 3806 sed
1064 3733 1301 3806 firmos
1352 3744 1486 3804 tam
1542 3731 1677 3804 fide
1714 3754 1915 3826 quam
1954 3733 2196 3804 valore
2233 3753 2623 3812 mansuros.
2680 3735 2964 3805 aliorum
3020 3730 3387 3806 infidelium
3444 3732 3802 3806 olm-ecta-

484 3838 672 3908 tioue
726 3847 955 3932 spreta
1012 3847 1083 3908 et
1133 3858 1271 3908 nou
1325 3845 1579 3908 curata.

792 3939 1296 4012 praestolamur
1347 3939 1719 4010 auxiliares
1776 3941 2012 4032 copias
2066 3961 2205 4011 non
2278 3939 2498 4011 solum
2554 3960 2647 4009 ex
2699 3938 2945 4031 Regno
3000 3938 3358 4028 Poloniae.,
3414 3940 3544 4012 sed
3602 3943 3798 4012 etiam

479 4039 565 4113 ab
613 4040 1047 4115 Electoribus
1101 4052 1172 4113 et
1216 4042 1486 4114 circulis
1540 4041 1831 4113 Romani
1883 4040 2184 4136 Imperij,
2241 4064 2405 4114 mox
2459 4040 2900 4130 adventuras.³
2973 4041 3213 4136 quibus
3269 4046 3476 4115 armis
3532 4042 3800 4117 Nostris

477 4143 965 4218 accedentibus
1019 4167 1415 4218 succursum
1478 4153 1549 4215 et
1602 4145 2010 4216 solutionem
2067 4144 2443 4217 obsIdionis
2497 4143 2922 4218 Viennensis
2970 4167 3202 4219 sumus
3254 4149 3599 4217 tentaturi.
3682 4147 3802 4218 In-

475 4255 667 4318 terea
741 4252 1003 4344 copias‚
1080 4258 1367 4343 quantas
1440 4250 1772 4343 poteritis.
1845 4246 2095 4318 ibidem
2152 4247 2456 4320 contrahi
2512 4257 2584 4318 et
2650 4257 2923 4342 paratas
2993 4246 3228 4320 baberi
3300 4247 3798 4336 desideramus,

472 4358 805 4444 quatenus
878 4355 1080 4424 etiam
1137 4374 1289 4423 cum
1345 4353 1737 4424 memoratis
1794 4351 2069 4441 auxilijs
2128 4354 2559 4439 coniunctae,
2616 4351 2814 4422 simul
2867 4373 3147 4446 operam
3203 4373 3394 4424 suam
3441 4353 3798 4425 militarem

475 4450 805 4524 exhihere
870 4465 939 4527 et
992 4457 1408 4550 operationis
1462 4463 1594 4525 tam
1652 4457 2073 4549 importantis
2149 4453 2464 4524 effectum
2518 4475 2934 4548 promouere
2985 4457 3270 4549 possint.
3377 4453 3684 4528 Facietis
3735 4459 3798 4524 in

473 4579 559 4625 eo
617 4554 917 4628 officium
983 4561 1167 4629 auito
1220 4556 1474 4630 Vestro
1528 4555 1801 4628 Nomini
1858 4559 2286 4629 conveniens
2341 4568 2410 4628 et
2482 4557 2680 4628 simul
2731 4555 2949 4629 Nobis
3001 4561 3262 4651 totique
3317 4556 3795 4631 Christianitati

470 4657 888 4752 proficuum3
973 4664 1175 4731 cedet
1245 4682 1515 4754 quoque
1585 4663 1653 4730 in
1708 4664 1924 4731 vestri
2006 4660 2275 4731 laudem
2348 4670 2417 4729 et
2487 4662 2883 4731 memoriam
2957 4661 3433 4750 immortalem.
3514 4658 3796 4733 firmiter

475 4767 860 4855 sperantes,
932 4763 1084 4836 Deo
1159 4764 1553 4858 opitulante.
1626 4784 1752 4857 per
1806 4766 2042 4858 copias
2097 4764 2466 4836 auxiliares
2520 4762 2816 4857 undique
2890 4761 3278 4853 affluentes,
3351 4773 3793 4858 vestramque

472 4870 1058 4960 cooperationem,
1113 4865 1304 4937 breui
1362 4876 1574 4938 status
1630 4865 1939 4938 moderni
1993 4865 2242 4938 faciem
2297 4876 2617 4937 mutatam
2672 4869 2779 4956 iri,
2843 4864 3270 4961 futuramque
3326 4870 3794 4955 occasionem,

473 4966 654 5040 hanc
706 4968 1025 5043 Vestram
1080 4969 1493 5062 singularem
1550 4980 1619 5041 et
1670 4969 1988 5041 deuotam
2063 4974 2656 5058 contestationem,
2726 4973 2941 5062 gratia
2998 4969 3246 5043 Nostra
3319 4969 3660 5066 Imperiali
3713 4991 3794 5039 ac

474 5070 693 5164 Regia
769 5076 1112 5168 certisque
1184 5074 1561 5168 privilegiis
1632 5083 1701 5143 et
1778 5072 2529 5167 recompensationibus
2587 5074 3182 5165 recognoscendi.
3288 5071 3812 5146 Praestolamur.

472 5195 681 5270 super
733 5197 819 5248 eo
875 5198 1283 5272 responsum
1336 5199 1474 5248 vna
1529 5197 1681 5246 cum
1739 5179 2059 5271 opinione
2113 5186 2374 5262 vestra,
2432 5169 2776 5269 quomodo
2830 5175 3008 5247 hanc
3040 5174 3407 5268 benignam
3463 5181 3789 5249 intentio-

471 5298 631 5347 nem
686 5276 1003 5350 Nostram
1063 5279 1335 5351 effectui
1389 5282 1780 5373 mancipare
1835 5281 2263 5352 existimetis.
2371 5279 2477 5350 De
2530 5277 2792 5372 reliquo
2833 5277 3180 5352 Caesarea
3219 5278 3577 5374 Regiaque
3621 5300 3787 5372 gra-

471 5380 564 5444 tia
622 5378 867 5449 Nostra
925 5401 1057 5452 vos
1114 5380 1412 5472 benigne
1466 5381 2023 5474 complectentes.
2132 5380 2481 5454 Dabuntur
2547 5386 2613 5453 in
2670 5383 2942 5454 ciuitate
2995 5382 3438 5459 Passauiensi
3493 5384 3603 5454 die
3656 5380 3790 5450 Vi-
