3950 5917
3292 369 3443 446 219

55 589 56 652 1
147 593 294 668 tare,
344 581 701 673 recipiatur
751 575 1074 649 denarius
1112 574 1404 666 medius,
1462 579 1684 648 minus
1739 585 1965 647 autem
2025 577 2268 648 decem
2329 578 2583 664 caseiS,
2640 578 3124 670 quinquaginta
3165 580 3317 649 ovis
3356 577 3448 647 nil

150 682 440 768 soluatur,
516 683 678 752 item
751 678 838 752 de
891 678 1091 775 pullis
1146 688 1217 751 et
1269 681 1445 751 antis
1518 677 1692 751 infra
1767 680 2082 751 valorem
2153 679 2399 751 decem
2473 677 2908 750 denariorum
2964 678 3058 751 nil
3113 678 3448 770 soluatur,
3558 693 3565 702 ’

147 794 203 858 et
248 787 300 856 si
350 782 594 855 fuerint
647 782 733 854 ad
787 783 1100 856 valorem
1156 781 1401 854 decem
1484 781 1806 854 denarius
1861 782 2156 870 medius,
2230 785 2393 854 item
2449 782 2535 853 de
2589 781 2817 877 pedite
2871 779 3251 876 ponderato
3309 780 3450 853 de-

148 890 345 959 narius
396 908 597 975 vnus,
676 889 838 958 item
896 884 983 958 de
1035 883 1265 981 pedite
1322 907 1550 957 vacuo
1608 884 1928 959 denarius
1988 885 2277 976 medius,
2352 889 2511 957 item
2571 884 2657 957 de
2712 887 2953 977 viginti
3028 886 3255 980 capris
3309 885 3446 959 de-

149 993 343 1062 narius
394 1011 597 1079 vnus,
653 992 815 1061 item
873 988 960 1061 de
1014 990 1256 1081 viginti
1309 989 1633 1082 porcellis
1691 1010 1817 1063 seu
1875 989 2112 1062 suellis
2170 987 2492 1061 denarius
2548 1010 2753 1077 vnus,
2823 991 2985 1060 item
3041 985 3128 1059 de
3181 987 3447 1063 duobus

152 1097 308 1164 vasis
351 1094 588 1165 vacuis
643 1091 1004 1164 venalibus
1062 1090 1384 1163 denarius
1433 1113 1639 1181 vnus,
1716 1095 1877 1162 item
1928 1089 2015 1162 de
2068 1089 2279 1163 tribus
2337 1091 2556 1165 doleis
2629 1090 2951 1163 denarius
3004 1114 3212 1184 vnuS,
3283 1095 3446 1164 item

151 1196 217 1267 de
262 1194 506 1267 Mau..
543 1250 559 1266 .
592 1250 608 1266 .
664 1194 929 1268 fistellis
985 1192 1240 1265 Zathor
1292 1195 1377 1265 ad
1435 1194 1699 1288 pondus
1755 1193 2118 1266 humanum
2176 1192 2496 1266 denarius
2566 1216 2773 1284 vaus,
2855 1197 3013 1267 item
3072 1194 3158 1267 de
3215 1201 3444 1268 ocreis

55 1343 56 1346 =
150 1309 201 1369 et
246 1299 382 1370 aliis
436 1298 694 1370 calceis
765 1320 986 1392 vsque
1045 1302 1339 1392 quinque
1393 1301 1580 1393 paria
1633 1320 1993 1369 ocrearum
2051 1308 2120 1368 et
2174 1297 2417 1369 decem
2490 1300 2676 1392 paria
2750 1297 3143 1372 calceorum
3218 1297 3447 1374 dena·-

153 1406 268 1472 rius
317 1400 606 1490 mediuS,
665 1401 749 1472 de
799 1404 1046 1472 minori
1099 1423 1273 1472 vero
1329 1423 1615 1472 numero
1670 1402 1763 1472 nil
1820 1401 2152 1492 soluatur,
2207 1404 2366 1472 item
2422 1402 2508 1474 de
2564 1399 2823 1474 duabus
2879 1400 3142 1474 cutibus
3198 1402 3447 1497 dispo-
3516 1450 3529 1468 x

55 1507 58 1540 '
152 1506 269 1578 sitis
319 1503 639 1576 denarius
694 1526 898 1584 vnus,
953 1507 1112 1575 item
1169 1502 1255 1576 de
1312 1513 1601 1598 quatuor
1655 1502 1918 1577 cutibus
1972 1505 2392 1599 indispositis
2466 1502 2787 1579 denarius
2856 1527 3065 1595 vnus,
3136 1508 3302 1577 item
3356 1505 3449 1580 de

151 1629 317 1678 curru
365 1630 553 1680 nouo
604 1608 926 1679 denarius
983 1629 1187 1694 vaus,
1243 1605 1548 1679 item·de
1604 1605 1864 1678 duabus
1921 1610 2087 1680 rotis
2143 1612 2342 1679 nouis
2400 1607 2720 1680 denarius
2774 1609 3069 1701 medius,
3140 1611 3301 1681 item
3360 1611 3449 1683 de

149 1703 277 1781 tinis
328 1721 392 1782 et
445 1712 662 1782 idreis
719 1720 1312 1806 quantumcunque
1367 1711 1437 1781 in
1493 1708 1703 1784 dorso
1757 1719 2034 1806 portare
2086 1714 2360 1808 poterit,
2417 1711 2736 1786 denarius
2788 1712 3083 1802 medius,
3145 1714 3304 1784 item
3362 1713 3450 1786 de

149 1811 536 1898 vomeribuS,
600 1813 983 1900 securibuS,
1037 1812 1407 1905 ligonibus,
1464 1812 1664 1909 palis,
1718 1812 2095 1902 terebellis,
2173 1811 2465 1886 falcibus
2545 1817 2733 1886 iuxta
2809 1815 3078 1911 pondus
3129 1814 3450 1890 denarius

55 1943 56 1992 ;
150 1914 402 2004 medius,
462 1922 626 1988 item
688 1917 773 1988 de
831 1914 1161 1991 fructibus
1216 1920 1681 2012 cuiuscunque
1757 1921 2038 2012 generis
2116 1921 2341 2013 portio
2422 1918 2730 1991 modesta
2812 1922 3205 2015 recipiatur,
3285 1922 3446 1993 item

55 2019 56 2112 ξ
153 2017 479 2091 carnifices
544 2025 603 2091 si
657 2019 907 2093 ibidem
961 2019 1274 2092 vendere
1324 2023 1666 2116 potuerint
1721 2042 1968 2093 carnes
2022 2028 2090 2091 et
2143 2030 2367 2093 cutem
2449 2020 2768 2096 denarius
2824 2045 3027 2114 vnus,
3107 2026 3169 2095 si
3221 2033 3452 2095 autem

55 2145 56 2164 ¹
154 2121 427 2194 vendere
481 2147 624 2196 non
679 2126 1045 2219 potuerint,
1120 2123 1441 2195 denarius
1496 2121 1787 2205 medius,
1862 2125 2027 2194 item
2083 2122 2169 2195 de
2224 2124 2528 2219 capriolo
2583 2126 2696 2195 vel
2754 2127 3026 2218 agnello
3082 2147 3251 2216 vno,
3333 2125 3454 2198 vel

152 2223 406 2313 duobus,
460 2226 555 2298 de
594 2231 887 2321 quinque
923 2228 1149 2321 pullis,
1206 2227 1428 2298 suello
1476 2247 1619 2298 vno
1667 2227 1786 2298 vel
1820 2224 2114 2315 duobuS,
2167 2226 2393 2323 lapide
2448 2228 2612 2300 salis
2660 2249 2829 2312 vno,
2884 2239 2951 2299 ct
2986 2229 3223 2323 lepore
3277 2251 3449 2322 vno,

55 2403 58 2420 ,
155 2326 428 2400 tributum
487 2352 633 2402 non
688 2333 1076 2425 recipiatur,
1131 2333 1220 2401 ita
1259 2339 1515 2417 tamen,
1572 2331 1749 2423 quod
1793 2331 1850 2403 si
1888 2328 2129 2401 horum
2187 2330 2409 2423 aliqua
2464 2330 2668 2402 vendi
2724 2353 2862 2403 non
2916 2336 3257 2427 potuerint
3309 2331 3449 2403 de-

55 2483 58 2524 3
154 2434 328 2503 uariis
369 2432 765 2522 duodecim,
823 2444 892 2504 et
932 2436 990 2504 si
1027 2432 1437 2519 vendentur,
1493 2435 1859 2526 recipiatur
1905 2432 2167 2505 medius
2224 2433 2568 2523 denarius,
2622 2438 2784 2505 item
2821 2445 3167 2531 emptores
3205 2436 3448 2510 salium

55 2529 58 2544 ἶ
147 2532 289 2605 iufra
368 2536 738 2607 duodecim
821 2535 1143 2608 denarios
1199 2558 1337 2607 non
1391 2544 1751 2607 teneantur
1830 2536 2107 2607 soluere
2189 2534 2531 2628 tributum,
2612 2540 2771 2608 item
2828 2537 3227 2612 venditores
3309 2535 3449 2611 olei

55 2647 56 2654 ’
148 2639 313 2710 vnius
364 2640 650 2734 lagene,
706 2638 1056 2716 denarium
1112 2660 1347 2728 vnum,
1402 2641 1562 2709 item
1602 2638 1690 2709 de
1728 2636 2022 2712 arcubus
2062 2639 2411 2711 denarium
2468 2641 2789 2731 medium,
2841 2646 3005 2713 item
3059 2640 3147 2712 de
3201 2641 3446 2733 gladiis

55 2783 56 2808 1
148 2737 456 2813 denarium
519 2742 843 2829 medium,
901 2745 1062 2814 item
1117 2742 1204 2814 de
1261 2744 1527 2834 sagittis
1600 2741 1950 2813 denarium
2006 2743 2329 2832 medium,
2401 2747 2560 2814 item
2616 2743 2702 2815 de
2758 2744 3019 2839 clypeis
3092 2744 3447 2816 denarium

151 2842 434 2936 medium,
486 2849 657 2918 item
707 2844 794 2918 de
831 2867 972 2918 vno
1027 2844 1348 2917 vehiculo
1405 2854 1692 2916 onerato
1747 2855 2038 2939 quatuor
2092 2846 2206 2918 vel
2260 2868 2392 2919 sex
2438 2845 2840 2921 animalibus
2894 2846 3253 2936 trahendo,
3309 2848 3447 2920 de-

55 2999 56 3002 *
153 2943 375 3019 denarii
427 2959 751 3045 quatuor,
805 2951 968 3020 item
1022 2947 1109 3019 de
1158 2947 1480 3021 vehiculo
1533 2969 1751 3043 parvo
1806 2947 2073 3022 duobus
2128 2948 2527 3022 animalibus
2579 2949 2913 3022 trahendo
2968 2949 3231 3022 denarii
3284 2949 3445 3039 duo,

150 3049 280 3121 item
330 3051 414 3124 de
468 3051 798 3127 vehiculo
853 3074 980 3147 per
1030 3072 1239 3124 vnum
1295 3051 1640 3124 hominem
1693 3051 2027 3124 trahendo
2084 3051 2402 3125 denarius
2461 3074 2665 3142 vnus,
2717 3055 2881 3125 item
2934 3052 3234 3127 artifices
3290 3055 3446 3127 sol-—

147 3163 278 3223 nant
325 3159 498 3228 sicut
559 3157 673 3227 alii
722 3155 1018 3251 pedites,
1072 3157 1230 3226 item
1291 3152 1378 3226 de
1434 3152 1742 3226 curribus
1814 3153 2224 3249 nuptialibus
2279 3166 2347 3225 et
2400 3154 2785 3229 hominibus
2837 3156 3045 3228 nichil
3099 3159 3445 3250 exigatur,

147 3255 276 3326 item
343 3258 427 3330 de
499 3258 726 3330 bladis
807 3257 1147 3330 Nobilium
1221 3267 1290 3329 et
1343 3257 1739 3351 ignobilium
1793 3256 1878 3329 ad
1932 3256 2322 3329 molendina
2406 3257 2825 3332 deducendis
2881 3269 2947 3331 et
3000 3258 3444 3354 deportandis

146 3357 220 3427 nil
265 3363 607 3455 exigatur,
658 3364 817 3432 item
875 3384 914 3433 a
969 3358 1453 3433 deductoribus
1525 3359 1981 3453 Jobagionum
2039 3361 2129 3430 nil
2186 3363 2527 3453 exigatur,
2602 3367 2667 3434 in
2721 3361 2921 3435 vadis
2977 3372 3202 3432 autem
3258 3385 3445 3456 quo-

146 3461 420 3537 rumlibet
497 3463 865 3537 fluviorum
921 3465 1166 3537 eadem
1222 3463 1602 3537 moderatio
1657 3464 1774 3534 vel
1830 3464 2078 3536 solutio
2134 3462 2565 3554 obser-uetur,
2644 3469 2804 3537 item
2860 3463 2946 3537 de
2999 3468 3255 3560 porcis.
3332 3466 3447 3558 qui

55 3651 56 3662 ἵ
148 3561 545 3660 depelluntur
579 3568 667 3641 ad
705 3568 943 3664 syluas
989 3567 1436 3662 glandinosas
1470 3564 1558 3639 ad
1592 3566 2171 3662 impinguandum,
2225 3566 2313 3638 de
2360 3577 2632 3640 centum
2683 3570 2913 3663 porcis
2968 3567 3232 3639 denarii
3285 3587 3445 3658 sex,

147 3663 215 3738 de
260 3673 737 3766 quinquaginta
821 3670 1083 3744 denarii
1135 3680 1278 3743 tres
1334 3680 1406 3744 et
1454 3669 1630 3742 infra
1683 3673 1925 3763 viginti
1995 3669 2316 3744 denarius
2389 3691 2595 3756 vnus,
2666 3673 2828 3742 item
2883 3670 2970 3742 de
3021 3668 3231 3742 rebus
3284 3668 3449 3741 No·-

55 3785 56 3846 ῑ
143 3763 336 3844 bilium
375 3772 461 3847 de
499 3797 643 3847 vna
681 3779 1132 3870 possessione
1187 3774 1273 3847 ad
1326 3774 1528 3846 aliam
1586 3772 2008 3847 deducendis
2064 3783 2133 3846 et
2183 3771 2650 3869 deportandis,
2706 3796 2789 3844 ac
2834 3775 3037 3845 etiam
3092 3795 3218 3868 pro
3274 3794 3444 3845 sus-

55 3943 56 3964 ,
144 3880 500 3950 tentacione
567 3875 921 3950 domorum
974 3882 1277 3976 ipsorum
1332 3880 1742 3973 comparatis
1816 3876 2023 3958 nichil
2076 3880 2414 3971 exigatur.
2523 3877 2628 3949 Ne
2683 3879 2886 3971 igitur
2940 3887 3316 3972 temporum
3374 3880 3445 3952 in

55 3981 56 4028 Ὗ
143 3996 444 4070 processu
485 3985 556 4054 in
593 3984 960 4054 exactione
989 3992 1058 4053 et
1087 3981 1443 4054 solucione
1481 3983 1780 4080 ipsorum
1823 3980 2220 4052 tributorum
2252 3992 2322 4052 et
2348 3985 2775 4076 nauigiorum
2813 3984 2990 4053 inter
3026 3979 3445 4071 tributarios,

143 4091 378 4172 nautas,
435 4108 523 4157 ac
562 4094 986 4157 mercatores
1024 4094 1093 4157 et
1131 4095 1492 4179 questores
1533 4083 1926 4155 differencie
1966 4087 2293 4160 oriantur..
2350 4084 2507 4156 ideo
2548 4087 2734 4156 iuxta
2771 4085 3215 4180 prescriptam
3255 4084 3443 4154 limi-

55 4237 56 4284 }
143 4187 453 4260 tacionem
510 4188 686 4260 tales
742 4187 1002 4260 denarii
1051 4210 1173 4282 per
1222 4186 1611 4259 tributarios
1651 4191 2041 4280 exigantur,
2098 4210 2387 4283 quorum
2427 4190 2862 4260 centenarius
2903 4209 3224 4259 numerus
3281 4184 3448 4260 facit

142 4305 321 4360 vnum
373 4289 709 4363 florenum
765 4295 936 4370 auri,
1011 4299 1122 4362 aut
1187 4291 1387 4364 valor
1448 4290 1879 4362 denariorum
1940 4290 2313 4363 eorundem
2374 4291 2751 4378 declarato,
2822 4290 3002 4385 quod
3057 4288 3448 4384 Vbicunque

145 4390 198 4459 in
244 4391 722 4489 principalibus
778 4407 847 4466 et
901 4392 1299 4489 capitalibus
1356 4392 1617 4466 tributis
1674 4395 1937 4467 solucio
1996 4392 2174 4466 facta
2236 4393 2462 4484 fuerit,
2546 4392 2634 4466 ibi
2689 4398 2758 4467 in
2814 4392 3126 4466 filialibus
3181 4390 3445 4467 tributis

145 4492 320 4566 nichil
370 4501 716 4591 exigatur,
773 4509 842 4570 et
895 4520 937 4570 e
993 4519 1362 4574 conuerso.
1419 4507 1487 4569 et
1523 4497 1703 4592 quod
1759 4497 2084 4570 tributarii
2140 4500 2204 4569 in
2264 4496 2823 4593 possessionibus
2880 4508 2949 4570 et
3000 4501 3201 4570 terris
3256 4496 3447 4568 alio-

145 4615 265 4668 rum
317 4597 658 4673 Nobilium
739 4624 966 4696 neque
1035 4598 1277 4672 tributa
1361 4601 1633 4692 tollere,
1715 4624 1940 4696 neque
2016 4600 2538 4698 progredientes
2591 4611 2658 4674 et
2713 4599 3232 4697 proficiscentes
3288 4622 3445 4672 cum

145 4698 325 4773 rebus
394 4702 754 4777 venalibus
827 4727 1099 4800 quoquo
1173 4703 1379 4777 modo
1453 4704 1782 4801 impedire
1839 4716 1908 4777 et
1960 4704 2288 4778 infestare
2361 4704 2675 4777 audeaut.
2786 4702 2953 4777 Cum
3008 4708 3236 4800 itaque
3290 4708 3447 4798 ipsa

149 4803 608 4880 moder-acione
663 4830 788 4882 seu
843 4809 1255 4880 limitacione
1309 4807 1492 4880 facta
1548 4818 1618 4879 et
1653 4820 1960 4904 peracta,
2020 4831 2170 4880 eam
2212 4818 2739 4902 preattactorum
2797 4807 3250 4881 comitatuum
3285 4805 3447 4878 No-

148 4899 363 4982 bilibus
415 4913 485 4983 in
539 4909 878 5007 publicum
956 4909 1327 4984 videndam
1407 4912 1950 5007 prebuissemus,
2029 4922 2101 4986 et
2169 4934 2407 4984 coram
2480 4915 2584 4986 eis
2655 4912 2796 5006 legi
2868 4923 2937 4985 et
3007 4914 3076 4983 in
3130 4907 3447 4984 omnibus

151 5007 337 5101 ipsius
386 5015 762 5109 particulis,
818 5016 1142 5090 clausulis
1193 5026 1261 5088 et
1315 5015 1615 5089 articulis
1671 5018 1928 5110 exponi
1980 5013 2419 5106 fecissemus,
2475 5013 2787 5089 omnibus
2844 5037 3179 5107 congrua,
3241 5035 3449 5085 com-

151 5121 389 5208 petens,
462 5118 644 5194 vtilis
699 5127 768 5192 et
823 5117 1201 5192 accomoda
1254 5121 1409 5191 visa
1465 5121 1749 5207 exstitit,
1830 5120 2060 5210 agnita
2113 5127 2183 5190 et
2232 5117 2543 5213 probata,
2618 5140 2819 5214 quam
2873 5123 2940 5192 in
2991 5119 3255 5192 litteras
3305 5138 3450 5190 no-

155 5223 305 5288 stras
354 5219 573 5312 redigi
624 5232 694 5294 et
744 5226 811 5294 in
869 5226 1122 5318 scripto
1177 5245 1302 5318 pro
1358 5224 1686 5292 memoria
1743 5230 1811 5292 et
1861 5219 2179 5294 firmitate
2236 5225 2648 5316 sempiterna
2717 5245 2841 5317 per
2894 5243 3022 5296 nos
3077 5219 3209 5294 sibi
3261 5242 3447 5292 con-

158 5316 310 5410 cedi,
363 5322 534 5413 dari,
586 5329 969 5400 accuratius
1027 5334 1341 5421 optarunt
1394 5335 1596 5419 atque
1650 5328 2028 5420 petierunt;
2079 5347 2208 5398 nos
2266 5347 2437 5397 vero
2491 5325 2577 5397 de
2631 5325 3013 5503 huiusmggi
3069 5325 3447 5399 eorundem

2988 5433 3029 5474 ἢ
