3950 5917
3327 423 3492 500 115

150 629 667 702 trecentesimo
718 627 1247 725 quadragesimo
1297 649 1507 704 nono.
1609 626 1946 705 volentes
1997 629 2203 722 igitur
2252 648 2383 702 nos
2434 629 2688 703 vestris
2764 624 3194 723 petitionibus
3264 632 3494 705 satis-

156 730 441 823 facero,
494 754 654 804 cum
703 730 1013 828 predicto
1063 736 1393 827 magistro
1442 730 1848 825 Benedicto‚
1899 731 2174 806 homine
2224 740 2492 823 vestro,
2557 728 2924 805 discretum
2971 734 3195 806 virum
3246 738 3489 830 magi·-

162 844 385 909 strum
456 820 870 933 Dyonisium
935 835 1537 935 Archydiaconum
1593 836 1679 910 de
1729 834 2029 927 Varasd‚
2097 838 2360 911 socium
2415 845 2487 909 et
2537 838 3075 909 concanonicum
3140 845 3486 930 nostrum,

164 937 253 1011 ad
300 942 662 1035 premissa
729 938 1137 1036 exequenda
1185 962 1312 1037 pro
1363 943 1753 1014 testimonio
1825 940 2139 1015 duximus
2206 937 2830 1031 transmittendum3
2900 942 3012 1036 qui
3064 939 3333 1013 demum
3383 940 3475 1015 ad

160 1064 299 1115 nos
332 1041 745 1136 redeuntes
788 1042 991 1117 nobis
1038 1042 1471 1118 concorditer
1519 1045 1915 1134 retulerunt,
1969 1042 2151 1140 quod
2205 1065 2359 1117 cum
2397 1046 2533 1140 ipsi
2579 1045 2770 1116 iuxta
2819 1053 3129 1117 vestrum
3179 1043 3488 1118 manda-

150 1155 306 1218 tum
358 1150 800 1223 accessisent
852 1146 938 1221 sd
987 1148 1216 1222 locum
1265 1153 1338 1221 in
1370 1147 1780 1241 Kamsrcha‚
1832 1150 1944 1245 qui
1995 1156 2286 1221 vocatur
2328 1144 2949 1238 Jakovzeredahel‚
3001 1145 3117 1219 ubi
3165 1151 3484 1224 universi

152 1248 442 1325 nobiles
494 1261 569 1324 et
607 1252 963 1346 regnicole
1012 1250 1189 1325 feria
1242 1262 1474 1348 quarta
1527 1255 1841 1349 proxime
1890 1255 2212 1348 preterita
2263 1261 2420 1348 post
2455 1249 2707 1327 festum
2767 1252 3182 1325 inventionis
3228 1261 3470 1326 sancte

156 1356 396 1427 crucis
452 1364 927 1429 convenerant
976 1377 1108 1452 pro
1161 1354 1560 1451 quibusdam
1612 1354 2158 1452 expeditionibus
2211 1353 2610 1447 eorundem,
2689 1353 2915 1452 ibique
2967 1351 3053 1428 ab
3105 1357 3274 1452 ipsis
3325 1377 3482 1431 no-

154 1453 415 1531 bilibus
470 1468 545 1531 et
590 1460 964 1554 regnicolis
1035 1462 1300 1534 seriose
1369 1462 1919 1557 requisivissent,
1991 1482 2123 1555 que
2189 1456 2463 1549 tributa,
2515 1468 2587 1532 et
2635 1460 2705 1531 in
2759 1456 2997 1554 quibus
3064 1459 3240 1532 locis
3294 1462 3488 1534 inter·

150 1560 434 1635 Zavam
462 1572 544 1636 et
562 1562 868 1636 Dravam
920 1565 1169 1638 iniuste
1221 1565 1688 1658 exigerentur,
1742 1573 1813 1637 et
1855 1572 2094 1636 contra
2146 1565 2484 1659 antiquam
2538 1558 3144 1638 observationem?
3195 1562 3474 1638 tandem

154 1663 490 1739 dixerunt
543 1688 624 1740 se
676 1665 764 1740 ab
817 1667 1079 1741 eisdem
1146 1665 1480 1742 nobilibus
1535 1677 1607 1740 et
1654 1667 2026 1762 regnicolis
2094 1669 2440 1740 veraciter
2497 1675 2569 1740 et
2618 1665 3172 1741 certitudinaliter
3234 1670 3471 1741 resci-

152 1773 385 1860 visse,
443 1769 629 1866 quod
679 1768 1019 1862 tributum,
1090 1771 1271 1867 quod
1322 1794 1502 1845 nunc
1552 1774 1622 1844 in
1673 1770 2002 1845 Rakonus
2054 1791 2096 1842 a
2141 1768 2641 1845 transeuntibus
2712 1773 3032 1865 exigitur,
3102 1781 3291 1846 esset
3343 1774 3475 1844 in-

152 1875 337 1946 iuste
394 1882 471 1946 et
523 1872 822 1946 indebite
891 1877 1275 1971 impositum
1343 1884 1651 1971 tempore
1710 1873 1966 1972 Mykch
2035 1873 2374 1970 quondam
2440 1873 2637 1964 Rani,
2709 1883 2781 1947 et
2844 1896 2970 1970 per
3020 1877 3263 1969 ipsum„
3334 1880 3471 1949 nec¹
3566 1890 3576 1899 ’

154 1998 461 2073 unquam
514 1974 765 2050 ibidem
835 1978 1005 2052 alias
1075 1977 1319 2052 fuisset
1369 1982 1800 2053 constitutum
1868 1976 2203 2051 tributum.
2305 1976 2476 2052 Item
2528 1980 2599 2052 in
2651 1976 3061 2067 Poroztoch,
3129 1976 3468 2070 Vukorja‚

156 2090 225 2152 et
275 2079 465 2176 apud
498 2079 888 2154 Ecclesiam
939 2081 1173 2154 Sancti
1214 2081 1543 2156 Iohannis
1579 2083 1666 2155 de
1706 2078 2100 2179 Sabnyoha,
2153 2081 2461 2156 similiter
2508 2091 2817 2177 tempore
2872 2080 3178 2156 eiusdem
3211 2080 3472 2179 Mykch

152 2182 355 2274 Beni,
412 2183 711 2259 fuissent
757 2188 1071 2282 imposita
1124 2183 1365 2259 tributa
1414 2184 1710 2260 indebita
1764 2195 1834 2259 et
1883 2188 2156 2276 iniusta,
2227 2207 2359 2281 que
2409 2207 2627 2281 usque
2687 2184 2891 2258 hodie
2945 2208 2985 2257 a
3036 2187 3472 2261 transeunti-

150 2284 282 2359 bus
334 2285 649 2361 indebite
700 2292 1080 2383 exiguntur.
1186 2288 1355 2364 Item
1405 2293 1475 2364 in
1525 2289 1931 2387 Hraschyna
1982 2298 2293 2386 tempore
2345 2287 2598 2363 domini
2647 2287 2912 2362 Nicolai
2964 2287 3080 2362 filii
3134 2289 3460 2386 Stephani

154 2390 509 2487 quondam
559 2391 730 2465 Bani
777 2391 1024 2470 fuisset
1071 2396 1455 2491 impositum
1504 2391 1819 2468 tributum
1872 2392 2179 2468 similiter
2226 2391 2524 2466 indebite
2581 2402 2651 2466 et
2681 2395 2957 2486 injuste„
3010 2392 3189 2489 quod
3241 2417 3464 2491 usque

20 2572 21 2593 ἶ
160 2493 364 2568 hodie
422 2498 725 2590 exigitur
789 2496 1086 2571 indebite
1140 2509 1211 2571 et
1258 2502 1530 2592 injuste.
1607 2498 1781 2572 Item
1828 2498 1901 2571 in
1950 2494 2161 2571 fluvio
2232 2492 2506 2594 Granya
2574 2507 2854 2590 vocato,
2924 2494 3038 2569 ubi
3088 2500 3157 2569 in
3208 2520 3464 2593 magna

20 2616 21 2667 3
160 2601 297 2687 vin,
352 2622 492 2695 qua
547 2603 678 2673 itur
728 2599 818 2673 ad
868 2599 1321 2694 Gerencham‚
1374 2602 1643 2699 quidam
1695 2623 1870 2697 pons
1922 2604 2275 2677 existeret.
2352 2600 2524 2673 Item
2575 2602 2762 2674 circa
2813 2596 3128 2674 arborem
3181 2599 3454 2697 Jegyna

156 2712 227 2774 et
276 2707 347 2775 in
403 2702 615 2776 fluuio
665 2703 1094 2801 Breznycha‚
1172 2704 1286 2778 ubi
1341 2704 1612 2802 quidam
1662 2703 1952 2800 Jobagio
2008 2707 2280 2778 nomine
2336 2700 2709 2799 Gregorius
2761 2708 3107 2800 pertinens
3160 2705 3247 2778 ad
3299 2706 3455 2777 Ra-

164 2805 358 2878 cham
410 2806 776 2897 resideret,
832 2810 1135 2882 similiter
1185 2808 1425 2881 tributa
1477 2807 1775 2881 indebita
1827 2818 1898 2882 et
1945 2812 2193 2881 iniusta
2247 2811 2634 2901 exiguntur
2689 2831 2820 2905 que
2856 2818 3164 2904 tempore
3218 2826 3464 2882 vestro

162 2906 451 2983 fuissent
504 2914 832 3003 instituta,
911 2935 1042 3008 que
1095 2935 1275 2986 nunc
1326 2934 1451 3008 per
1504 2910 1916 3009 Stephanum
1979 2912 2187 2985 filium
2253 2911 2514 2985 Thome
2580 2912 2944 2986 officialem
3013 2921 3318 2986 vestrum
3368 2911 3460 2985 de

160 3013 409 3085 eadem
471 3013 713 3088 Racha
783 3015 1079 3089 indebite
1148 3019 1531 3112 exiguntur.
1632 3016 1801 3091 Item
1871 3019 1941 3090 in
1993 3016 2389 3091 Zobochina
2459 3020 2528 3088 in
2583 3071 2600 3089 .
2631 3015 2952 3092 ‚ekovch
3004 3027 3076 3088 et
3125 3013 3460 3113 Zybovch

158 3114 404 3191 tributa
454 3116 753 3192 indebita
823 3122 1213 3215 exiguntur,
1274 3142 1406 3217 que
1457 3130 1769 3217 tempore
1833 3130 2073 3196 vestro
2141 3119 2436 3195 fuissent
2500 3122 2797 3195 instituta
2863 3118 3161 3193 indebite
3216 3130 3288 3194 et
3335 3124 3458 3194 in·-

162 3222 353 3295 inste.
428 3220 598 3296 Item
646 3226 716 3296 in
765 3221 1205 3318 Megeriucha
1258 3227 1329 3297 in
1383 3247 1515 3299 sex
1562 3225 1738 3299 locis
1790 3234 2098 3345 tempore
2150 3230 2388 3299 vestro
2459 3222 2703 3296 tributa
2773 3222 3065 3298 fuissent
3132 3227 3460 3315 instituta,

162 3347 284 3420 que
334 3348 564 3422 usque
611 3326 816 3400 hodie
866 3326 1165 3401 indebite
1234 3331 1618 3423 exiguntur.
1722 3326 1889 3400 Item
1940 3331 2013 3399 in
2064 3327 2520 3402 Borsonoveh
2570 3330 2640 3401 in
2693 3337 2955 3424 septem
3024 3327 3198 3399 locis
3266 3336 3457 3399 tem-

154 3450 324 3524 pore
376 3429 639 3503 domini
682 3429 949 3504 Nicolai
1000 3430 1118 3504 filii
1170 3429 1494 3528 Stephani
1555 3430 1893 3528 quondam
1959 3431 2132 3504 Bani
2201 3430 2491 3505 fuissent
2553 3429 2797 3503 tributa
2866 3428 3160 3503 indebita
3215 3440 3283 3503 et
3333 3435 3462 3502 in-

148 3534 355 3621 iusta,
430 3556 569 3630 que
620 3556 834 3631 usque
886 3556 1067 3608 nunc
1133 3534 1430 3609 indebite
1490 3539 1854 3629 exiguntur
1918 3545 1991 3607 et
2040 3538 2306 3608 iniuste.
2410 3534 2580 3607 Item
2630 3538 2701 3608 in
2756 3533 3154 3610 Gersencha
3222 3532 3461 3630 quod-

148 3636 303 3708 dam
358 3637 679 3711 tributum
748 3637 1046 3712 indebite
1116 3642 1414 3734 exigitur
1464 3650 1534 3712 et
1582 3642 1850 3712 iniuste.
1958 3638 2124 3712 Item
2192 3641 2263 3712 in
2325 3636 2591 3736 Gutryg
2659 3639 2878 3715 solum
2947 3636 3074 3712 fuit
3137 3635 3455 3715 tributum

148 3739 281 3814 ieri
335 3739 428 3813 ab
481 3745 784 3838 antiquo,
854 3745 923 3815 in
992 3765 1127 3838 quo
1182 3751 1468 3839 quatuor
1538 3741 1796 3816 denarii
1863 3741 1949 3815 de
2018 3765 2221 3816 curru
2290 3742 2766 3840 exigebantur„
2835 3765 3016 3816 nunc
3085 3752 3311 3817 autem
3380 3748 3453 3820 in

150 3848 451 3942 *inque
502 3845 678 3919 locis
733 3848 1252 3942 circumquaque
1304 3856 1612 3943 tempore
1663 3844 1930 3919 Nicolai
1998 3844 2116 3920 filii
2168 3846 2493 3943 Stephani
2562 3847 2899 3943 quondam
2964 3847 3134 3919 Bani
3203 3846 3452 3921 tributa

148 3952 479 4040 instituta,
532 3970 659 4045 per
704 3959 982 4024 vestros
1034 3948 1332 4023 indebite
1385 3953 1749 4045 exiguntur
1799 3960 1871 4024 et
1918 3952 2188 4023 iniuste.
2291 3949 2461 4023 Item
2513 3972 2727 4046 prope
2778 3950 3165 4025 Ecclesiam
3216 3949 3456 4023 Sancti

146 4051 397 4127 Jacobi
446 4056 521 4125 in
570 4051 1030 4150 Polosnycha‚
1106 4065 1417 4149 tempore
1498 4056 1803 4148 magistri
1880 4052 2206 4149 Stephani
2276 4052 2396 4126 filii
2443 4052 2698 4150 Mykch
2768 4052 3106 4150 quondam
3156 4051 3328 4125 Bani
3380 4060 3462 4128 et

146 4176 273 4253 per
320 4159 555 4253 ipsum
598 4155 725 4230 fuit
775 4155 1112 4253 quoddam
1159 4153 1473 4230 tributum
1524 4160 1771 4233 iniuste
1821 4158 2217 4247 institutum,
2296 4166 2369 4231 et
2418 4178 2599 4230 nunc
2650 4179 2775 4253 per
2825 4166 3101 4230 vestros
3147 4155 3460 4229 indebite

144 4265 454 4355 exigitur
503 4269 575 4333 et
622 4263 891 4335 iniuste.
992 4259 1164 4334 Item
1213 4264 1283 4334 in
1334 4259 1605 4359 Velyka
1672 4260 1807 4334 duo
1875 4258 2121 4334 tributa
2182 4263 2253 4333 in
2303 4261 2466 4352 viis,
2535 4282 2739 4333 unum
2789 4259 3116 4334 videlicet
3163 4262 3233 4332 in
3284 4260 3457 4334 villa

144 4362 461 4461 Velyka‚
515 4373 588 4437 et
639 4364 821 4437 aliud
868 4368 939 4437 in
985 4365 1147 4437 villa
1200 4364 1426 4438 Pukar
1481 4387 1609 4461 per
1657 4374 1934 4441 vestros
2001 4362 2300 4438 indebite
2369 4367 2735 4458 exiguntur
2788 4373 2858 4436 et
2905 4365 3175 4438 iniuste.
3276 4362 3454 4437 Item

140 4472 219 4541 in
266 4467 550 4542 Gordoa
623 4467 762 4541 duo
828 4466 1071 4541 tributa
1124 4471 1195 4541 in
1243 4472 1378 4544 viis
1429 4479 1739 4566 tempore
1791 4466 2061 4541 Nicolai
2128 4466 2247 4542 filii
2315 4466 2641 4565 Stephani
2718 4468 3057 4563 quondam
3107 4466 3277 4539 Bani
3330 4469 3460 4540 in-

130 4574 325 4663 iuste
396 4570 691 4645 fuissent
757 4573 1079 4665 instituta,
1159 4595 1292 4669 que
1346 4582 1415 4645 et
1465 4595 1646 4648 nunc
1712 4594 1840 4672 per
1905 4582 2185 4649 vestros
2253 4572 2553 4646 indebite
2624 4573 2987 4666 exiguntur
3055 4580 3126 4643 et
3175 4572 3456 4647 iniuste.

136 4675 315 4749 Item
348 4678 421 4748 in
449 4684 659 4772 ponte
696 4674 886 4748 fluvii
914 4674 1198 4772 Toplica
1248 4680 1320 4750 in
1353 4678 1804 4773 possessione
1852 4675 2150 4751 Ladislai
2200 4675 2320 4750 filii
2347 4674 2592 4750 Jacobi
2642 4696 2857 4772 prope
2909 4673 3214 4769 Zdench‚
3257 4685 3460 4751 tem-

138 4798 317 4874 pore
368 4777 623 4877 Hykch
675 4779 1015 4876 quondam
1064 4779 1235 4853 Bani
1286 4779 1623 4876 quoddam
1700 4778 2016 4854 tributum
2087 4778 2389 4856 indebite
2463 4778 2713 4855 fuisset
2788 4781 3186 4873 institutum,
3264 4778 3450 4878 quod

142 4900 367 4979 usque
433 4881 641 4956 hodie
712 4886 817 4957 sic
875 4882 1174 4958 indebite
1243 4887 1542 4979 exigitur
1590 4893 1662 4957 et
1708 4886 1981 4961 iniuste.
2082 4882 2255 4957 Item
2303 4886 2375 4958 in
2427 4883 2650 4957 Detha
2705 4891 2777 4956 et
2824 4886 2895 4957 in
2950 4881 3450 4959 Gerkonokfeu

146 4985 237 5059 de
282 5008 473 5059 novo
527 4985 664 5061 duo
716 4984 959 5060 tributa
1007 5009 1136 5084 per
1185 4991 1581 5082 magistrum
1612 4985 2028 5085 Stephanum
2080 4984 2287 5061 filium
2338 4985 2592 5085 Mykch
2644 4987 2984 5085 quondam
3032 4988 3204 5062 Bani
3253 4986 3455 5060 fuis-

144 5100 301 5165 nmt
349 5088 647 5165 indebite
697 5093 1021 5183 instituta,
1075 5101 1146 5165 et
1196 5114 1376 5165 nunc
1425 5090 1724 5181 indebite
1776 5095 2143 5187 exiguntur
2191 5102 2263 5165 et
2312 5093 2583 5183 injuste.
2688 5086 2859 5167 Item
2917 5094 2988 5165 in
3042 5086 3452 5165 Cerekorda

144 5196 219 5268 h
262 5198 715 5291 possessione
765 5197 1072 5290 magistri
1119 5194 1451 5270 Johannis
1502 5194 1622 5269 filii
1667 5193 1867 5269 Mark
1919 5194 2257 5292 quoddam
2305 5194 2621 5269 tributum
2672 5195 2921 5271 fuisset
2967 5191 3267 5270 indebite
3315 5192 3456 5267 in·-

154 5302 467 5392 ffltmm
548 5307 619 5373 et
687 5320 871 5372 nunc
919 5320 1046 5395 per
1097 5296 1553 5374 Castellanum
1613 5309 1919 5375 vestrum
1974 5298 2060 5372 de
2112 5300 2357 5392 majori
2423 5298 2715 5374 Kemlek
2779 5294 3080 5373 indebite
3140 5296 3452 5390 exigitur

142 5412 219 5476 et
260 5406 532 5480 iniuste.
638 5400 810 5478 Item
859 5402 1340 5500 investigando
1422 5403 1782 5501 diligenter
1846 5404 2322 5498 rescivissent,
2390 5404 2570 5503 quod
2621 5402 2707 5477 ab
2762 5404 3050 5581 αιιῐὶ1ιιέι1ιιε
3101 5400 3450 5500 tempori-
