3950 5917
3282 437 3437 515 46⁵

118 650 438 720 uiaticum
498 669 748 744 nempe
800 645 1108 721 Militaris
1155 645 1659 721 Jurisdictionis
1756 655 1960 742 atque
2011 644 2560 741 Manipulationis
2609 666 2893 739 nexum,
2967 669 3052 719 ac
3105 656 3441 745 opportu-

119 771 275 823 nam
331 747 1060 841 communicationem,
1141 772 1227 823 ac
1298 752 1503 824 etiam
1555 748 1971 826 Necessitati
2026 746 2241 823 Nobis
2310 771 2509 843 quam
2582 752 2835 845 optime
2903 758 3112 824 notae
3182 759 3253 824 et
3315 772 3445 847 per

118 851 264 927 Nos
317 852 486 927 Jure
541 853 955 944 metiendae
1032 864 1106 927 ut
1157 864 1417 926 certum
1470 863 1543 926 et
1595 851 1838 927 stabile
1889 850 2379 947 infallibileque
2430 851 2806 925 remedium
2858 861 3174 949 ponatur,
3241 863 3443 950 prout

98 954 342 1057 ‘hocce
390 960 463 1030 in
508 960 887 1051 praecitato
919 954 1223 1051 benigno
1255 965 1494 1030 nostro
1529 953 1894 1052 Rescripta
1944 949 2393 1045 indicabatur,
2444 949 2910 1030 inevitabilem
2972 977 3183 1032 esse:
3271 945 3442 1033 Eius

122 1068 348 1132 autem
400 1062 667 1150 intuitu,
720 1062 781 1135 si
831 1077 1083 1157 nempe
1119 1057 1379 1135 Civitas
1412 1054 1990 1133 Carlostadiensis
2031 1077 2161 1155 per
2194 1058 2661 1133 excissionem
2702 1055 3045 1133 Pomaerii
3097 1081 3221 1155 pro
3268 1057 3442 1134 Sta-

118 1171 187 1235 tu
239 1160 514 1235 Militari
567 1162 655 1237 ad
709 1162 972 1236 Statum
1024 1171 1255 1236 tantae
1308 1160 1829 1237 Constrictionis
1881 1164 2044 1258 poni
2096 1158 2408 1251 deberet,
2466 1168 2543 1233 nt
2591 1183 2727 1236 nec
2779 1160 3238 1255 Commendo,
3305 1177 3444 1235 nec

118 1261 515 1338 Liberat-um
573 1274 645 1338 et
695 1265 1068 1360 Regiarum
1124 1263 1488 1340 Civitatum
1540 1264 1915 1362 Systemali
1963 1259 2553 1338 Administrationi
2605 1262 2967 1340 deservire
3017 1269 3264 1362 possit,
3324 1262 3442 1340 nbi

119 1378 408 1441 eatenus
462 1367 682 1442 Nobis
747 1389 876 1465 per
945 1371 1294 1444 emissos
1351 1367 1881 1462 Commissarios
1934 1366 2349 1464 Specilicnm
2405 1367 2778 1441 secundum
2832 1367 3149 1461 adjuncta
3202 1378 3271 1441 et
3321 1369 3443 1442 lo-

119 1471 314 1544 cales
368 1470 929 1547 circumstantias
981 1480 1507 1546 remonstratum
1559 1469 1789 1562 fuerit,
1869 1470 2264 1544 ulteriorem
2336 1468 2704 1565 benignam
2773 1473 3236 1566 impertiemur
3286 1469 3441 1546 Re-

120 1574 561 1661 solntionem,
615 1583 821 1670 atque
874 1575 1072 1650 simul
1110 1572 1569 1666 commercio,
1623 1572 1805 1670 quod
1837 1572 2057 1648 Nobis
2091 1596 2190 1646 ex
2238 1573 2506 1647 ratione
2558 1572 2902 1648 felicitatis
2949 1573 3186 1672 Populi
3238 1585 3444 1648 cum-a

114 1680 352 1772 primis
407 1676 600 1750 cordi
655 1687 788 1769 est,
839 1679 1363 1779 prospiciemus.
3400 1717 3409 1724 ·

429 1829 1004 1905 Provocationem
1078 1831 1348 1904 demum
1401 1829 1708 1904 Statuam
1761 1838 1833 1903 et
1883 1829 2230 1905 Ordinum·
2263 1829 2351 1902 ad
2405 1830 2630 1924 Regni
2681 1830 3096 1925 Hungariae‘
3128 1832 3442 1906 Diaetam

116 1933 303 2027 quod
337 1935 622 2007 attinet:
726 1933 876 2008 Nos
946 1927 1149 2030 plalle
1221 1954 1596 2029 persvasas
1650 1954 1842 2024 esse,
1912 1936 2108 2028 ipsos
2160 1931 2390 2007 Status
2462 1943 2534 2006 et
2586 1932 2878 2008 Ordines
2931 1933 3158 2030 Regni
3207 1934 3445 2010 Nostri

112 2035 516 2129 Hungariae
593 2058 734 2109 non
799 2037 1007 2110 modo
1063 2059 1215 2110 cum
1285 2034 1513 2109 Jubilo
1566 2038 1961 2132 aquieturos
2016 2039 2201 2109 omni
2251 2035 2412 2108 huic
2460 2034 3091 2131 Materno-Regiae
3144 2037 3232 2110 ad
3301 2061 3443 2134 pu-

116 2137 296 2211 blica
357 2139 718 2212 commoda
774 2140 1077 2213 directae
1141 2139 1558 2230 Provisioni,
1625 2161 1870 2213 verum
1923 2142 2126 2211 etiam
2179 2141 2249 2211 iu
2303 2140 2681 2211 animorum
2754 2138 2978 2212 debita
3033 2142 3440 2235 gratitudine

113 2240 740 2315 Inerticulationem
812 2243 1322 2328 sollicitaturos⁹
1354 2241 1709 2338 adeoque
1779 2246 1850 2313 in
1903 2244 2088 2314 omni
2156 2241 2292 2315 hoc
2327 2244 2627 2335 ‚negotio
2679 2263 2818 2315 non
2873 2243 3054 2315 aliud
3106 2244 3439 2339 reliquum

118 2367 311 2434 esse,
385 2367 586 2440 quam
657 2354 732 2418 ut
800 2345 1074 2420 Fideles
1148 2348 1427 2419 sitorum
1468 2349 1569 2418 -in
1622 2344 1886 2439 Regnis
1955 2344 2062 2418 his
2116 2342 2568 2417 Comitatuum
2638 2346 2706 2417 in
2760 2344 2979 2419 Unum
3036 2350 3440 2441 congregati

117 2448 355 2522 Status
411 2447 496 2521 ad
536 2447 851 2544 effectum
905 2452 975 2521 in
1013 2458 1294 2543 apperto
1345 2450 1722 2544 positarum
1754 2446 2203 2541 benignarum
2257 2458 2640 2521 nostrarum
2677 2447 3440 2543 Intentionnm-agendo

116 2561 188 2622 et
243 2551 712 2645 cooperando‚
788 2555 991 2624 tacita
1045 2555 1346 2647 ipsorum
1400 2551 1626 2643 Regni
1677 2550 2072 2644 Hungariae
2116 2549 2424 2623 Statuam
2478 2560 2548 2623 et
2588 2550 2912 2624 ordinum
2965 2560 3130 2625 vota
3184 2548 3442 2648 exple-

115 2664 232 2725 ant
283 2664 357 2726 et
404 2655 672 2726 aemula
724 2653 992 2726 Virtute
1062 2654 1498 2750 adimpleant,
1564 2675 1786 2749 eaque
1855 2657 2120 2727 ratione
2190 2651 2845 2748 Materno-Regiam
2900 2654 3438 2728 Sollicitudinem

110 2755 437 2829 Nostram
519 2757 604 2828 ad
668 2757 1225 2852 complacendum
1304 2760 1509 2829 etiam
1588 2756 1883 2852 Principi
1936 2756 2079 2830 Suo
2161 2779 2315 2829 cum
2368 2755 2539 2829 Zelo
2621 2769 2691 2829 et
2760 2756 3290 2882 Promptitudine
3369 2762 3440 2831 in

113 2870 377 2954 partem
425 2861 690 2951 juvent.
3329 2883 3336 2890 ¹

429 3011 507 3084 ln
560 3012 665 3087 his
722 3033 928 3107 porro
985 3015 1186 3085 etiam
1242 3013 1563 3108 explicita
1615 3011 1912 3106 benigna
1962 3010 2196 3085 Mente
2247 3023 2483 3087 nostra
2535 3013 2818 3087 Eisdem
2853 3013 3154 3090 Statibus
3192 3026 3264 3090 et
3296 3015 3443 3088 Or-

112 3115 382 3190 dinibus
436 3113 599 3204 ίὶιιθ,
663 3137 797 3210 quo
852 3115 1296 3190 effectuandis
1343 3116 1658 3209 benignis
1711 3115 2202 3187 Intentionibus
2255 3114 2528 3190 Nostris
2581 3122 2836 3211 pariter
2879 3115 3012 3213 ‘per
3062 3118 3441 3214 Deputatos

109 3219 315 3292 Suos.
350 3221 796 3310 intervenire,
873 3218 1314 3313 Eosdemque
1368 3240 1519 3290 cum
1562 3214 2068 3290 Commissariis
2122 3216 2392 3292 Nostris
2446 3230 2941 3315 cooperaturos
2996 3219 3440 3293 denominare

109 3333 181 3395 et
219 3325 584 3394 exmittere
626 3320 931 3413 valeant,
983 3326 1052 3395 in
1092 3343 1294 3393 unum
1350 3323 1791 3413 congregatis
1845 3341 2054 3416 porro
2110 3323 2314 3392 etiam.
2370 3321 2744 3408 clementer
2797 3322 3114 3394 duximus
3167 3326 3436 3393 rescri-

106 3424 436 3514 bendum,
489 3434 563 3497 ιιι
610 3422 989 3520 Deputatos
1048 3445 1215 3497 suos
1266 3421 1352 3495 ad
1407 3424 1892 3495 executionem
1942 3425 2164 3495 omnis
2218 3425 2412 3495 istius
2465 3421 2765 3518 benigne
2819 3428 3121 3520 suscepti
3189 3424 3313 3494 ln—
3370 3434 3442 3495 et

106 3528 725 3624 Excerporationis
762 3527 1131 3623 Propositi.,
1169 3549 1254 3599 ac
1287 3524 1574 3621 proinde
1612 3528 1726 3620 qui
1755 3523 1922 3617 (ad)
1963 3546 2246 3620 scopum
2283 3525 2462 3597 hunc
2498 3548 2912 3621 praeparare
2952 3526 3204 3599 debent
3240 3526 3439 3599 Con-
3497 3543 3506 3554 ’

110 3634 560 3727 scriptionum
616 3641 687 3704 et
739 3634 1283 3705 aestimationum
1334 3629 1700 3720 Laborem
1755 3631 2177 3724 praescripta
2230 3627 2623 3701 modalitate
2661 3628 3097 3702 instruendos
3152 3652 3320 3703 mox
3370 3638 3442 3702 et

108 3738 473 3824 inomisse,
546 3758 631 3807 ac
686 3738 854 3807 citra
926 3736 1251 3807 ulteriora
1307 3732 1739 3828 expectanda
1793 3736 2156 3805 emittere
2211 3735 2553 3820 noverint,
2625 3754 2760 3840 quo
2816 3735 2919 3805 sic
2973 3730 3440 3807 Commissarii

105 3837 350 3912 Nostri
399 3849 594 3934 parte
646 3861 742 3911 ex
791 3837 1074 3910 Politica
1131 3836 1470 3909 Camerali
1516 3845 1586 3908 et
1621 3834 1892 3908 Militari
1942 3838 2011 3907 in
2064 3846 2376 3932 promptu
2439 3831 2848 3926 existentes
2905 3839 3054 3910 sine
3111 3840 3440 3931 temporis

105 3951 317 4036 atque
372 3942 655 4014 aliorum
726 3935 1338 4013 concomitantiam
1384 3941 1655 4030 jactura
1724 3938 2002 4010 indilate
2076 3944 2321 4012 mutuis
2402 3943 2624 4035 potius
2696 3938 3219 4037 operationibus
3290 3961 3438 4020 rem

104 4049 465 4140 occipere
519 4068 604 4116 ac
657 4042 815 4117 dein
862 4041 1311 4116 Comitatuum
1367 4042 1453 4113 ad
1507 4042 1684 4114 hanc
1729 4040 2358 4136 Congregatiouem
2411 4042 2756 4139 Deputati,
2812 4042 3081 4139 quando
3137 4043 3438 4137 alioquin

103 4150 241 4220 hac
293 4148 480 4221 Auni
549 4157 745 4243 parte
816 4150 885 4219 in
954 4151 1105 4242 ipso
1162 4144 1611 4218 Comitatunm
1670 4143 1947 4217 Gremio
2021 4145 2304 4240 plurima
2377 4147 2645 4239 agenda
2711 4155 3099 4234 occurrant,
3178 4147 3440 4218 reverti

102 4247 412 4324 valeant.
518 4252 594 4323 In
671 4251 936 4346 reliquo
1008 4249 1288 4323 Eisdem
1360 4247 1659 4322 Statibus
1740 4257 1809 4319 et
1880 4247 2243 4322 Ordinibus
2301 4246 2529 4320 Gratia
2614 4259 2684 4321 et
2737 4247 3111 4322 Clementia
3183 4248 3437 4322 Nostra

106 4353 740 4447 Caesareo-Regia
794 4353 1091 4446 henigne
1138 4355 1532 4447 jugiterque
1585 4373 1973 4449 propensae
2027 4373 2403 4426 manemus.
2513 4351 2755 4424 Datum
2811 4356 2877 4426 in
2929 4351 3440 4426 Archi-Ducali

104 4458 411 4532 Civitate
478 4457 730 4531 Nostra
803 4456 1068 4529 Vienna
1122 4456 1448 4529 Austriae
1529 4454 1640 4528 die
1714 4455 1998 4528 Decima
2069 4453 2329 4529 Mensis
2400 4454 2814 4529 Novembris
2883 4455 3090 4528 Anno
3162 4455 3439 4526 Domini

102 4561 479 4636 Millesimo
534 4559 1159 4656 Septingentesimo
1214 4557 1743 4655 Septuagesimo
1799 4559 2126 4654 Septimo.

426 4763 677 4838 Maria
731 4764 1133 4839 Theresia
1188 4785 1275 4836 m.
1331 4737 1397 4859 pss

1778 4964 2040 5046 Comes.
2084 4966 2498 5042 Franciscus
2547 4966 2980 5064 Eszterbazy
3030 4990 3116 5039 ιιι.
3161 4988 3229 5062 p.

1772 5141 1781 5152 ¹
1935 5144 2798 5270 Antonius⁸Klobusiczky
2847 5195 2935 5244 m.
2991 5195 3056 5268 p.

319 5507 477 5577 (Pars
502 5504 545 5561 1.
577 5455 757 5562 l'rlvil.
789 5514 845 5560 et
875 5504 1097 5574 Libert.)
2917 5472 3018 5545 59
