3950 5917
3283 449 3444 540 *8³⁶7

43 943 53 1348 j
614 1150 665 1193 ³⁵
944 1184 949 1189 ·
1306 1161 1309 1168 '
1520 1186 2030 1273 ccxln.

937 1501 1149 1573 Anno
1210 1498 1447 1573 1680.
1509 1502 1624 1574 die
1678 1500 1806 1573 27.
1862 1500 2152 1594 Aprilis.
2276 1500 2601 1573 Viennae.

94 1783 686 1889 'Leopoldus
748 1782 954 1865 Rex
1014 1783 1173 1864 SS.
1237 1795 1333 1864 et
1394 1749 1560 1865 0⁴0.
1621 1785 2112 1890 hortatur,
2187 1796 2283 1864 ut
2345 1810 2524 1891 quo
2588 1789 2962 1893 majore
3023 1813 3435 1869 numero

136 1933 446 2001 contra
509 1920 887 2002 Turcas
968 1925 1496 2028 insurgant
1576 1948 2010 2028 seseque
2098 1927 2423 2027 copiis
2486 1922 3034 2005 belliducis
3099 1926 3435 2006 Leslie

1533 2061 2105 2166 adJungant

44 2389 45 2426 ;
129 2326 487 2425 Leopoldus
563 2330 693 2405 Dei
751 2329 980 2403 Gratia
1053 2329 1335 2404 Electus
1388 2329 1852 2403 Romanorum
1907 2329 2285 2425 Imperator
2339 2354 2615 2428 semper
2666 2333 3048 2428 Augustus,
3103 2358 3186 2407 ac
3241 2333 3430 2407 Ger-

43 2429 51 2964 ,
961 2437 1256 2524 maniae,
1309 2432 1729 2528 Hungariae,
1782 2433 2158 2508 Bohemiae
2213 2439 2339 2508 dcc.
2395 2436 2573 2509 Rex.

408 2635 860 2723 Reverentle‘,
920 2633 1405 2714 Honorabiles..
1469 2627 1899 2731 Spectabiles
1951 2638 2111 2708 item
2169 2659 2252 2707 ac
2306 2631 2677 2730 Magniffci,
2733 2649 2867 2711 nec
2936 2649 3075 2713 non
3147 2619 3427 2736 Egregii

129 2749 189 2809 et
232 2739 534 2830 Nobiles„
587 2741 867 2815 Fideles
918 2739 1133 2814 Nobis
1197 2739 1445 2813 dilecti.
1551 2739 1963 2812 Durantibus
2030 2738 2252 2812 adhuc
2320 2744 2458 2812 imo
2511 2741 3152 2835 ingravescentibus
3206 2751 3432 2840 magis

130 2841 293 2915 Belli
326 2845 595 2919 Turcici
649 2845 970 2931 motibus,
1026 2866 1289 2918 summe
1341 2846 1813 2918 necessarium
1869 2866 2033 2918 esse
2086 2844 2563 2931 iudicavimus,
2627 2854 2700 2917 ut
2750 2850 3016 2935 maiori,
3090 2871 3222 2944 quo
3280 2848 3430 2921 fieri

132 2953 349 3038 poterit
421 2970 736 3036 numero,
819 2958 1057 3019 auctus
1112 2947 1477 3020 Exercitus
1534 2945 1955 3021 Christianus
2012 2947 2097 3018 ad
2170 2943 2448 3019 fluvium
2503 2943 2807 3021 Dravum
2862 2973 3100 3024 rursus
3157 2958 3426 3026 consti-

44 3053 47 3134 ζ
131 3059 362 3139 tuatur3
445 3056 682 3124 intuitu
739 3056 931 3123 cuius
981 3054 1231 3123 avitam
1288 3054 1822 3144 generositatem
1880 3058 1949 3122 et
2001 3051 2269 3121 virilem
2324 3073 2408 3121 ac
2461 3051 2810 3124 heroicam
2885 3057 2953 3127 in
3006 3061 3431 3150 perniciem—

131 3173 239 3248 que
306 3153 540 3249 perfidi
614 3154 829 3227 hostis
910 3153 1088 3226 illius
1143 3154 1411 3226 Turcae
1494 3167 1767 3248 semper
1834 3161 2211 3250 promptum
2263 3163 2332 3225 et
2398 3154 2700 3227 alacrem
2755 3159 3050 3229 animum
3105 3160 3426 3230 Vestrum

130 3257 647 3342 considerantesq
705 3261 1148 3330 intermittere
1202 3260 1656 3352 nequivimus‚
1721 3257 1879 3352 quin
1933 3255 2019 3327 ad
2072 3256 2554 3329 renovandum·
2598 3259 2777 3331 hunc
2850 3263 3423 3332 continuandum—

128 3379 239 3450 que
285 3366 435 3433 iusti
494 3361 751 3434 furoris
805 3365 1151 3457 impetum,
1234 3361 1319 3433 ad
1370 3359 1966 3453 intersurgendum
2020 3358 2345 3431 videlicet
2401 3365 2642 3433 iterum
2708 3369 2943 3436 contra
3001 3363 3422 3458 praedictum

124 3466 545 3537 truculentum
602 3465 871 3538 hostem
923 3486 1057 3537 vos
1112 3463 1337 3535 denuo
1392 3464 1820 3535 hortaremur
1872 3473 1942 3534 et
1995 3472 2277 3557 paterne
2344 3463 2815 3556 admonemus„
2873 3475 2995 3563 spe
3026 3449 3222 3538 'firma
3271 3466 3426 3538 fre-

126 3567 185 3636 ti.
253 3571 425 3662 quod
479 3571 957 3666 promissionis
1011 3566 1335 3656 Vestrae,
1391 3581 1589 3663 quam
1663 3571 1729 3639 in
1786 3564 2076 3638 abducto
2133 3585 2349 3661 nuper
2425 3565 2563 3638 illic
2617 3565 3068 3665 hybernum&⁹
3151 3579 3220 3641 et
3274 3571 3425 3643 aliis

122 3665 439 3746 Fidelibus
522 3676 776 3744 nostris
852 3671 1017 3744 satis
1090 3674 1223 3741 iam
1296 3680 1495 3742 antea
1571 3680 1639 3743 et
1708 3671 1879 3742 ultra
1934 3673 2124 3744 vires
2179 3673 2601 3763 aggravatis,
2677 3671 3159 3767 superinducto
3215 3665 3426 3745 Milite

122 3767 349 3847 Nostro
424 3775 837 3848 Germanico
917 3773 1117 3848 nobis
1191 3771 1503 3865 dedistiS‚
1572 3778 1663 3846 ita
1721 3784 1791 3846 et
1861 3777 2133 3847 innatae
2214 3774 2538 3846 heroicae
2593 3771 2876 3848 Virtutis
2929 3783 3211 3848 vestrae
3266 3799 3427 3848 me—

121 3895 352 3964 mores„
408 3888 844 3973 praesentem
924 3876 1408 3972 adipiscendae
1480 3877 1745 3968 gloriae
1819 3882 2288 3966 occasionem,
2372 3880 2671 3975 seposita
2738 3883 2921 3950 omni
2995 3873 3426 3951 cunctatione

120 3997 233 4050 una
286 3981 495 4055 Arma
557 3994 625 4053 et
678 3981 931 4053 ferrum
988 3990 1296 4076 prompte
1351 3989 1553 4074 atque
1609 3979 1814 4051 avide
1871 3983 2018 4053 sitis
2074 3986 2425 4076 arrepturi.

402 4185 604 4259 Unde
657 4207 791 4258 vos
864 4185 1058 4257 hisce
1129 4195 1414 4280 paterne
1487 4184 1939 4277 requirendos
2013 4207 2176 4256 esse
2248 4183 2591 4275 duximus„
2675 4193 2859 4261 serio
2917 4191 3118 4260 etiam
3180 4188 3423 4260 iisdem·

118 4292 635 4363 committentes:
721 4298 1054 4383 quatenus
1126 4307 1341 4382 penes
1412 4291 1714 4360 intimum
1771 4286 2245 4360 Consiliarium
2301 4301 2607 4362 nostrum
2665 4301 2735 4363 et
2788 4287 3251 4363 Camerarium
3305 4295 3425 4363 in-

114 4383 507 4488 feriorisque
562 4394 888 4466 Austriae
942 4388 1226 4463 Consilii
1276 4391 1499 4464 Aulae
1536 4389 1769 4464 Bellici
1806 4391 2232 4484 praesidem,
2281 4390 2513 4490 Campi
2568 4393 3066 4467 Mareschalnm
3126 4407 3194 4466 et
3241 4418 3423 4468 con-

114 4491 390 4567 stitutum
464 4495 942 4584 Collonellmm
1022 4493 1356 4566 Jacobum
1430 4491 1760 4568 Comitem
1836 4495 1922 4568 de
1995 4491 2290 4586 Leszlie,
2363 4519 2485 4592 pro
2543 4498 2758 4590 gloria
2836 4498 3071 4571 Gentis
3125 4499 3425 4572 Vestrae

113 4611 249 4666 cnm
304 4591 537 4694 Copiis
590 4595 886 4686 Vestris„
961 4597 1194 4669 Armis
1260 4597 1545 4693 aliisque
1600 4598 1683 4671 ad
1739 4597 2282 4692 belligerendum
2337 4621 2536 4696 quam
2594 4606 2844 4696 optime
2917 4603 3249 4689 instructi,
3305 4607 3425 4675 in-

114 4715 407 4791 surgere„
488 4711 1047 4798 praetactumque
1101 4700 1536 4774 christianum
1612 4707 1991 4775 exercitum
2055 4725 2426 4778 numeroso
2499 4706 2708 4777 milite
2783 4727 3066 4799 augere„
3151 4715 3219 4777 et
3295 4709 3426 4800 ipsi

114 4804 603 4894 operationibus
678 4815 1010 4877 consveta
1086 4807 1692 4902 correspondentia
1749 4806 2093 4878 mediante
2164 4830 2288 4904 pro
2335 4807 2596 4881 viribus
2664 4813 2752 4881 ita
2810 4813 3139 4883 assistere
3191 4811 3424 4882 velitis

114 4923 188 4972 ac
237 4905 565 4997 debeatis,
618 4919 691 4981 ut
746 4918 1032 4981 conatus
1087 4908 1379 4982 hostium
1437 4931 1574 4981 non
1631 4910 1848 4982 solum
1902 4912 2182 5004 reprimi
2237 4932 2536 5007 semper2
2594 4912 2718 4986 sed
2774 4916 2921 5009 ipse
2960 4914 3180 4985 hostis
3218 4917 3421 4984 etiam

112 5009 461 5083 auxiliante
504 5012 757 5084 Divino
795 5011 1087 5083 Numine
1142 5013 1501 5083 coniuncta
1556 5015 1806 5084 virtute
1859 5021 2094 5085 vestra
2153 5014 2459 5105 gloriose
2516 5017 2865 5113 profligari
2913 5018 3161 5090 valeat.
3275 5011 3424 5087 Fa-

114 5114 265 5184 cturi
308 5117 478 5187 estis
529 5119 596 5186 in
636 5135 723 5187 eo
762 5135 906 5186 rem
945 5109 1195 5186 Officio
1251 5135 1377 5188 suo
1418 5136 1818 5207 congruam„
1876 5113 2281 5190 deffensioni
2335 5117 2605 5190 Patriae
2643 5119 3044 5217 proficuam,
3100 5117 3422 5216 etprae-

112 5225 513 5289 memoratae
565 5219 1003 5313 promissioni
1057 5215 1355 5292 Vestrae
1411 5215 1863 5306 conformem„
1918 5218 2126 5291 vohis
2177 5243 2351 5293 vero
2405 5226 2662 5318 totique
2703 5213 3186 5297 Christianitati
3224 5243 3423 5295 smn-

116 5331 213 5386 me
264 5330 525 5412 gratam
581 5332 783 5417 atque
855 5330 1230 5416 acceptam.
1336 5315 1447 5395 De
1497 5321 1758 5417 reliquo
1822 5320 2038 5396 vohis'
2081 5319 2427 5396 Caesarea
2486 5336 2553 5397 et
2607 5323 2826 5423 Regia
2887 5327 3114 5400 Gratia
3171 5319 3428 5402 Nostra

2839 5481 2989 5605 443*
