3950 5917
511 422 665 497 262

504 626 715 702 Mose
763 626 1030 724 Buzlay
1081 624 1169 699 de
1225 621 1638 720 Gergellaka
1691 620 2102 715 Ianitomm,
2149 620 2492 696 Michaele
2529 621 2619 696 de
2649 621 2905 698 Palocz
2956 621 3474 714 Pincernerum,
3525 622 3795 721 Georgio

512 730 600 806 de
651 728 911 804 Bathor
959 728 1398 824 Agazonum,
1473 725 1793 801 Gabriele
1844 724 1934 801 de
1985 725 2216 802 Peren
2265 734 2338 802 et
2382 724 2702 802 Iohanne
2769 723 3186 802 Podmanioz
3355 722 3796 814 Cubiculario·

512 856 665 906 rum
712 841 1107 907 nostrorum
1175 829 1540 927 Regalium
1606 827 1980 925 magistris.
2082 827 2423 906 michaele
2495 827 2585 902 de
2633 824 2866 905 Pakos
2920 836 2992 902 et
3038 826 3139 904 Ba
3314 849 3366 901 a
3414 828 3624 928 Belay
3668 830 3800 906 Ze·

512 938 898 1026 wriniensi,
965 933 1289 1008 Emerico
1355 929 1634 1006 Therek
1700 932 1790 1005 de
1858 930 2206 1030 Ennyngb
2271 929 2335 1004 N
2338 928 2848 1022 andoralbensi,
2914 928 3206 1012 Nicolao
3258 928 3480 1016 Zekel
3535 931 3632 1018 de,
3663 931 3798 1006 Ke-

512 1037 727 1114 wend
778 1049 849 1114 et
901 1036 1209 1131 Georgio
1280 1034 1705 1112 Stresemlen
1761 1034 1848 1110 de
1899 1035 2191 1133 Jaycza,
2264 1032 2616 1134 Stephano
2667 1033 3052 1112 Kesserew
3096 1031 3568 1140 Vicepalatinn
3617 1045 3683 1109 et
3722 1035 3801 1112 de

510 1140 921 1233 ZreBernik,
968 1140 1253 1214 Andrea
1308 1139 1396 1215 de
1446 1138 1729 1212 Baocha
1778 1147 1851 1216 et
1897 1137 2191 1218 Nicolao
2243 1135 2487 1216 Kende
2541 1135 2629 1218 de
2683 1134 2958 1212 Sabacb
3010 1135 3254 1226 Banis,
3315 1136 3622 1214 Johanne
3668 1136 3799 1214 Pe-

508 1245 700 1319 thew
763 1243 1099 1339 Magistro
1171 1240 1375 1318 Curie
1444 1241 2061 1320 illustrissimorum
2129 1238 2544 1320 LiBeromm
2599 1249 2992 1318 :iesu-orum
3010 1291 3038 1329 ,
3114 1235 3490 1322 Ambrosia
3557 1239 3797 1336 Sarpau

511 1346 782 1422 Gemite
858 1347 1298 1437 Posoniensi,
1379 1344 1669 1441 aliisque
1747 1367 1951 1441 quam
2028 1344 2335 1445 plurimis
2404 1342 2633 1440 Regni
2700 1344 2920 1418 nostri
2990 1338 3380 1422 Comitatus,
3445 1340 3803 1424 tenentibus

508 1461 581 1525 et
627 1452 956 1526 honores.

943 1675 1271 1757 (Sigillum
1311 1673 1576 1755 Ray-'un
1629 1674 1705 1736 in
1743 1689 1917 1736 zona
1956 1671 2195 1736 coloris
2237 1671 2392 1755 albi,
2436 1671 2621 1736 rubri
2664 1680 2726 1736 ct
2768 1670 3001 1740 eiu-idio
3054 1671 3412 1753 penam.)

506 1886 650 1960 θεὶς.
683 1890 743 1942 in
773 1887 1005 1944 Arcbivo
1040 1887 1209 1958 Regni
1245 1885 1503 1942 croatiae.
1547 1884 1682 1940 Priv.
1716 1883 1806 1939 Νι.
1844 1884 1966 1939 118.

1900 2455 2429 2544 CLXXV.

1382 2746 1594 2816 Anno
1658 2739 1887 2815 1513.
1970 2741 2099 2816 28.
2155 2741 2587 2815 Decembris.
2666 2742 2942 2816 Budas.

498 3004 1089 3086 Vladislnus
1150 3002 1355 3086 Rex
1409 3002 1767 3086 Eanum
1827 3002 2162 3109 Regni
2221 3004 2768 3088 Slavoniae.
2829 3009 3404 3092 sententias
3463 3029 3799 3092 execu-

1586 3144 1840 3223 tioni
1901 3140 2374 3221 mandare
2421 3141 2734 3247 Jubet.

2359 3406 2732 3482 Canninio
2771 3412 3052 3496 propria
3093 3409 3359 3475 Domini
3403 3411 3616 3494 Bovis,

800 3600 1253 3691 wladislaus,
1334 3600 1447 3676 dei
1497 3603 1733 3697 gracia
1802 3600 1965 3676 Rex
2013 3599 2367 3696 Hungarie
2437 3609 2508 3673 et
2556 3600 2888 3676 Bohemie
2942 3605 3072 3676 &a
3177 3599 3530 3686 Fidelibus
3576 3600 3802 3676 Reue-

491 3703 707 3777 rendo
761 3706 831 3776 iu
886 3701 1158 3780 Christo
1210 3707 1387 3802 patri
1438 3704 1715 3779 domino
1768 3703 1975 3778 Petro
2028 3702 2358 3802 Beryzlo,
2433 3701 2782 3804 Episcopo
2834 3702 3156 3779 Ecclesie
3224 3704 3800 3806 wesprimiensis,

490 3805 948 3883 Thesaurario
1001 3817 1241 3882 nostro
1295 3830 1380 3881 ac
1429 3806 1732 3881 Banatus
1785 3805 2185 3900 Regnorum
2239 3815 2630 3883 nostrorum
2683 3807 3064 3899 Dalmacie,
3130 3799 3444 3888 Groacie'
3488 3818 3560 3882 et
3609 3806 3804 3882 Scla-

490 3914 699 3984 uonie
750 3909 1127 4002 Prefecto,
1157 3933 1243 3983 ac
1292 3910 1619 4005 Egregijs
1662 3909 2024 3985 Balthasar
2075 3911 2164 3985 de
2198 3910 2404 4006 Alap,
2455 3909 2903 4003 Vice-Bano,
2952 3933 3039 3985 ac
3072 3909 3409 4016 Magistro
3445 3911 3800 3994 Francisoo

491 4013 579 4085 de
630 4011 1061 4104 Marowcza,
1127 4013 1645 4108 prothonotario
1693 4036 1829 4087 nec
1878 4035 2020 4087 non
2070 4013 2370 4087 Judlium
2439 4016 2828 4110 ceterisque
2896 4012 3256 4090 Nobilibus
3303 4014 3566 4094 Juratis
3616 4011 3802 4087 Sedis

486 4116 858 4189 Judiciarie
910 4116 1074 4190 dicti
1113 4115 1341 4212 Regni
1392 4120 1612 4192 nostri
1666 4114 2036 4191 Sclauonie
2087 4116 2591 4193 Assessoribus
2641 4116 3074 4214 presentibus
3118 4128 3188 4192 et
3230 4116 3479 4194 futuris
3533 4117 3800 4193 salutem

491 4227 561 4292 et
611 4223 940 4313 graciam.
1049 4215 1423 4315 Conquesti
1477 4228 1637 4295 sunt
1706 4219 2052 4295 Maiestati
2103 4231 2341 4296 nostre
2420 4218 2663 4295 fideles
2739 4223 2959 4296 nostri
3034 4219 3363 4296 Vniuersi
3434 4217 3800 4316 Regnicole

484 4324 793 4417 parcium
841 4322 1071 4417 Regni
1120 4327 1340 4397 nostri
1393 4323 1765 4398 Sclauonie
1844 4323 2074 4398 medio
2129 4323 2414 4398 duorum
2466 4323 2892 4398 Nunciorum
2961 4346 3274 4420 suorum,
3350 4325 3641 4424 qualiter
3688 4318 3801 4417 ipsi

490 4429 562 4499 in
614 4428 845 4500 causis
899 4448 1140 4500 eorum
1194 4426 1598 4501 adiudicatis
1654 4425 1896 4501 debitis
1951 4425 2491 4502 execucionibus
2547 4450 2811 4501 summe
2875 4438 3115 4504 essent
3165 4429 3585 4519 necessarij,
3647 4442 3800 4519 qu&

487 4526 649 4602 dicti
699 4528 1079 4622 aduersarij
1138 4528 1518 4603 eorundem
1572 4554 1728 4606 sew
1777 4531 2103 4603 nonnulle
2145 4541 2380 4627 partes
2417 4533 2733 4605 conuicte
2789 4531 3008 4606 diuise
3043 4534 3113 4604 in
3149 4529 3542 4605 huiusmodi
3591 4527 3800 4604 causis

487 4632 773 4705 iuridice
824 4635 1146 4728 agrauari
1198 4631 1458 4708 debere
1510 4643 2001 4729 agnoscerent,
2056 4632 2519 4709 diuersimode
2556 4632 2889 4709 hactenus
2940 4631 3218 4710 turbare
3261 4635 3800 4716 consueuissent'

489 4734 947 4832 supplicantes
1000 4734 1257 4810 Nostre
1307 4735 1649 4811 Maiestati
1700 4747 2067 4834 propterea
2121 4736 2516 4829 humillime,
2568 4747 2648 4811 vt
2682 4737 2944 4812 eisdem
2980 4741 3051 4811 in
3086 4738 3445 4833 premissis
3503 4734 3592 4812 tle
3637 4752 3798 4806 con-

488 4838 698 4933 digno
768 4837 951 4913 Juris
1004 4838 1314 4913 remedio
1392 4839 1757 4935 prouidere
1838 4840 2296 4934 dignaremur.
2401 4840 2491 4913 Et
2559 4844 2716 4936 quia
2794 4843 2972 4916 iusta
3037 4839 3422 4938 petentibus
3493 4859 3635 4912 non
3707 4838 3800 4908 est

490 4940 939 5035 denegandus
993 4963 1353 5033 assensus,
1403 4965 1530 5038 pro
1586 4966 1677 5016 eo
1728 4943 2067 5016 Fidelitati
2116 4942 2373 5018 Vestro
2451 4945 2692 5016 barum
2746 4946 2930 5018 serie
3001 4941 3282 5016 firmiter
3355 4943 3802 5037 precipientes

491 5044 916 5135 mandamus,
995 5054 1330 5140 quatenus
1410 5047 1568 5120 dum
1641 5056 1711 5120 et
1762 5047 2035 5142 quando
2112 5070 2238 5144 per
2305 5047 2614 5144 prefatos
2691 5045 2978 5121 Nobiles
3034 5056 3103 5120 et
3153 5045 3579 5141 Regnicolas
3658 5037 3798 5113 dicti

486 5146 712 5241 Regni
763 5151 982 5224 nostri
1036 5146 1409 5223 Sclauonie
1458 5149 1578 5224 vel
1631 5170 1874 5224 eorum
1926 5150 2213 5224 alterum
2270 5173 2425 5224 cum
2475 5148 2907 5247 presentibus
2960 5148 3228 5225 fueritis
3280 5149 3618 5244 requisiti,
3670 5163 3798 5215 ex-

488 5260 647 5322 tunc
703 5253 970 5326 tociens
1024 5254 1357 5345 quociens
1410 5262 1859 5349 opportunum
1911 5253 2143 5345 fuerit,
2198 5252 2566 5328 obseruata
2617 5253 2781 5348 lege
2835 5262 2906 5328 et
2957 5251 3453 5328 consuetudine
3508 5245 3800 5326 eiusdem

487 5348 715 5443 Regni
782 5354 1003 5426 nostri
1068 5356 1141 5425 in
1193 5353 1578 5428 huiusmodi
1647 5359 1877 5431 causis
1949 5377 2190 5430 eorum
2261 5356 2664 5433 adiudicatis
2718 5365 2790 5430 et
2853 5359 2925 5430 in
2979 5354 3277 5431 futurum
3344 5345 3796 5427 adiudicandis
