3950 5917
3257 420 3409 501 1oe

1472 932 2004 1020 LXXXI.

1161 1219 1371 1293 Anno
1432 1218 1672 1293 1325.
1744 1221 1826 1294 In
1904 1219 2299 1318 Vt‘ueqrad.

156 1478 557 1558 statutum
653 1476 995 1559 Caroli
1089 1477 1435 1585 Regis,
1530 1504 1712 1589 quo
1807 1438 2433 1585 decernitur,
2520 1485 2908 1564 incolas
2968 1481 3407 1562 Banatus

154 1614 614 1697 Slnvoniae
672 1620 965 1699 unius
1016 1615 1253 1699 Bani
1304 1618 2015 1724 iurisdictioni
2064 1620 2540 1726 subesse,
2599 1643 2782 1701 nec
2829 1645 2872 1700 a
2926 1643 3408 1727 quoquam

154 1775 399 1833 eornm
454 1753 917 1835 Palatino
979 1765 1144 1834 aut
1203 1751 1571 1836 Curiae
1628 1755 2012 1862 Regiae
2095 1771 2257 1838 aut
2336 1781 2930 1863 quocunqne
2994 1757 3196 1838 alio
3249 1761 3404 1864 ju-

1030 1891 1253 1973 dice
1332 1894 1644 2002 injus
1700 1902 2051 1977 vocari
2116 1920 2446 2001 posse.

388 2162 528 2239 Nos
583 2162 974 2261 Capitulum
1028 2160 1475 2241 Cbasmensis
1526 2166 1837 2240 ecclesie
1904 2169 2237 2243 memorie
2308 2164 2872 2241 commendantes
2943 2166 3414 2261 significamus

158 2264 337 2361 quihus
381 2268 657 2365 expedit
710 2271 1084 2361 vniuersis,
1136 2272 1570 2366 presencium
1622 2291 1752 2366 per
1799 2279 2142 2360 tenorem,
2216 2268 2399 2366 quod
2450 2270 2658 2344 Anno
2717 2271 2971 2344 domini
3039 2268 3406 2344 Hillesimo

154 2375 557 2446 mtesimo
628 2374 983 2465 vigesimo
1037 2376 1298 2468 quinto,
1352 2375 1422 2445 in
1473 2373 1711 2467 vigilia
1765 2370 1951 2446 beati
2001 2372 2187 2447 Luce
2240 2374 2701 2467 evangeliste,
2773 2371 3040 2447 nobiles
3120 2383 3192 2447 et
3234 2395 3409 2468 pro—

158 2471 257 2546 udi
289 2476 429 2565 viri,
472 2475 813 2549 videlicet
859 2474 1057 2548 Mark
1110 2475 1289 2549 filius
1366 2476 1657 2570 Hagen,
1735 2476 2045 2552 Johanes
2117 2477 2294 2551 filins
2346 2475 2632 2568 Vrbani,
2714 2486 2785 2549 et
2851 2475 3179 2550 Nicolaus
3232 2475 3410 2548 filius

154 2574 419 2651 hachini
467 2578 583 2653 lilii
636 2577 1002 2652 Mortunus
1056 2577 1144 2652 de
1178 2579 1591 2669 Kamai-cha,
1646 2578 1737 2652 ad
1767 2589 2076 2653 nostram
2128 2582 2586 2676 personaliter
2638 2579 3054 2653 accedentes
3108 2602 3411 2676 presen-

158 2680 306 2771 tim,
355 2681 807 2757 exbibuerunt
857 2681 1056 2754 nobis
1108 2681 1401 2756 Litteras
1453 2692 1767 2776 patentes
1820 2684 2096 2756 Domini
2147 2684 2382 2756 Karoli
2433 2685 2566 2755 Dei
2602 2686 2838 2777 gracia
2892 2684 3168 2759 illustris
3222 2686 3414 2776 regis

160 2778 457 2876 ungarie,
500 2809 653 2860 non
694 2784 1008 2876 abrasas,
1060 2807 1201 2861 non
1246 2786 1692 2876 cancellatas,
1746 2808 1885 2860 nec
1932 2790 2003 2859 in
2041 2787 2268 2882 aliqua
2320 2790 2424 2860 sui
2477 2797 2672 2883 parte
2724 2790 3048 2877 viciatus,
3100 2796 3414 2881 petentes

158 2905 193 2954 ⁸
233 2884 383 2962 nobis
446 2911 738 2984 precum
802 2911 958 2961 cum
1010 2890 1373 2979 instancia,
1438 2898 1514 2961 ut
1564 2898 1872 2962 tenorem
1931 2900 2001 2963 et
2052 2888 2343 2963 formam
2415 2888 2786 2963 earundem
2859 2893 3114 2963 nostris
3168 2892 3239 2962 in
3289 2890 3412 2960 lit-

160 2989 289 3059 teris
324 2989 847 3087 priuilegialibus
899 2991 989 3065 de
1040 2990 1262 3066 verbo
1317 2991 1404 3065 ad
1452 2989 1741 3066 verbum
1810 2996 2051 3079 inseri,
2133 3002 2203 3066 et
2253 2997 2739 3090 transsumpmi
2790 2992 3183 3067 faceremus
3235 3015 3419 3066 nunc

160 3086 457 3189 &illoque
525 3105 779 3170 nostro
853 3099 1194 3169 autentico
1286 3099 1723 3189 consignari,
1823 3119 2110 3191 quorum
2187 3096 2642 3193 peticionibus
2710 3100 2910 3170 iustis
2981 3106 3053 3169 et
3103 3095 3416 3170 honestis

166 3209 490 3289 mentes,
545 3203 883 3287 maxime,
938 3203 1095 3295 quia
1150 3198 1435 3272 easdem
1486 3203 1702 3273 iustas
1752 3208 1824 3270 et
1873 3197 2252 3272 laudabiles
2306 3199 2460 3272 fore
2514 3203 2970 3297 comperimus
2992 3251 3015 3288 ,
3085 3203 3274 3293 ipsas
3329 3199 3416 3269 de

164 3296 321 3370 verto
368 3302 446 3373 ad
498 3302 800 3375 verbum
853 3300 1287 3396 presentibus
1334 3305 1573 3390 inseri,
1630 3312 1700 3373 et
1747 3300 2150 3376 transscribi
2203 3300 2521 3392 fecimuS,
2600 3306 2953 3397 nostrique
3007 3300 3226 3395 Sigilli
3282 3325 3417 3396 ap-

158 3404 420 3492 pensione
471 3408 909 3495 communiri,
966 3427 1249 3502 quarum
1301 3414 1505 3478 tenor
1555 3405 1711 3478 talis
1764 3414 1910 3478 est:
1961 3403 2111 3477 Nos
2163 3403 2458 3480 Karolus
2510 3406 2643 3478 Dei
2692 3409 2926 3500 gracia
2980 3403 3143 3478 Rex
3212 3404 3420 3476 Hun-

154 3506 317 3593 gau-ie,
361 3512 697 3581 memorie
735 3510 1298 3582 commendantes
1353 3508 1816 3602 significamus
1864 3507 2106 3603 quibus
2143 3509 2422 3604 expedit
2464 3520 2710 3582 tenore
2762 3511 3195 3604 presencium
3249 3511 3419 3579 vni·-

156 3611 355 3681 uersis:
406 3613 588 3706 quod
642 3621 835 3684 tanto
881 3615 1103 3705 magis
1157 3613 1396 3704 regale
1451 3622 1794 3707 sceptrum
1845 3613 2220 3700 extollitur,
2276 3622 2527 3707 quanto
2581 3636 2623 3684 a
2678 3611 3239 3686 sollicitudinibus
3291 3633 3420 3682 re-

154 3706 379 3802 leuntnr,
430 3726 501 3786 et
554 3725 814 3810 quanto
868 3714 1159 3787 tribunal
1212 3718 1427 3810 ipsius
1482 3715 1832 3808 digniores
1884 3719 1955 3786 in
2006 3719 2289 3788 circuitu
2343 3718 2678 3813 conspicit
2730 3715 3126 3790 contribuas
3172 3718 3420 3809 regio-

152 3814 258 3901 nis3
313 3837 510 3911 porro
566 3818 703 3891 hac
759 3816 1329 3891 consideracione
1385 3821 1804 3909 commoniti,
1886 3821 1998 3914 qui
2052 3818 2140 3891 de
2196 3820 2437 3892 celesti
2489 3819 2931 3915 prouidencia
3005 3822 3204 3913 regni
3259 3839 3421 3891 mo—

156 3912 411 3991 deramur
456 3919 752 4012 abenas,
825 3921 912 3993 ad
966 3920 1526 3993 reformationem
1579 3925 1797 3996 nostri
1850 3925 2050 4015 regni
2115 3925 2439 4016 precipua
2509 3921 2858 3994 reddimur
2903 3944 3066 3993 cura
3123 3921 3424 4007 solliciti,

150 4021 265 4110 quia
310 4021 524 4097 bonor
575 4024 881 4098 Banatus
936 4028 1158 4097 tocius
1213 4024 1614 4115 Sclavonie,
1668 4035 1868 4121 prout
1921 4046 2016 4095 ex
2063 4024 2304 4097 litteris
2357 4023 2706 4116 Magnifici
2760 4027 2891 4095 viri
2944 4022 3200 4119 Mykch
3251 4021 3426 4094 Bani

151 4123 395 4197 eiusdem
467 4131 675 4222 regni
735 4125 1137 4218 Sclavenie,
1212 4128 1443 4200 dilecti
1498 4137 1567 4201 et
1621 4126 1840 4201 fidelis
1922 4129 2140 4200 nostri
2215 4129 2645 4221 recepimus,
2718 4149 2844 4222 per
2915 4128 3424 4221 exemptioneS,

145 4244 273 4315 quas
315 4251 434 4323 per
482 4254 652 4322 nos,
707 4239 822 4303 aut
874 4230 1417 4326 predecessores
1470 4240 1776 4321 nostros,
1831 4228 1916 4302 ad
1969 4233 2542 4324 importunitatem
2614 4230 3001 4325 petencium
3055 4227 3208 4300 fere
3263 4250 3424 4300 om—

148 4324 296 4401 nibus
338 4332 698 4407 Nobilibus
754 4333 840 4406 de
894 4329 1267 4407 sclavonia
1325 4337 1579 4407 scimus
1635 4356 1798 4408 esse
1853 4354 2261 4424 concessas,
2314 4335 2383 4405 in
2435 4331 2745 4423 Judiciis,
2798 4330 3424 4422 Jurisdictionibus,

143 4438 195 4499 et
231 4431 482 4511 Juribus
539 4440 692 4511 suis
753 4436 959 4510 valde
1012 4447 1162 4527 est,
1240 4459 1475 4534 ymmo
1525 4441 1802 4510 omnino
1859 4438 2261 4527 diminutus3
2342 4436 2661 4511 volentes
2710 4444 2788 4507 vt
2838 4437 3052 4530 ipsius
3122 4434 3425 4509 Banatus

146 4528 320 4609 honor
382 4543 485 4613 sic
545 4539 913 4634 magnifico
984 4540 1421 4630 moderetur,
1488 4550 1560 4613 et
1629 4563 1723 4613 ex
1795 4541 2299 4634 magnificentia
2369 4544 2582 4635 ipsius
2651 4538 2954 4612 Banatus
3010 4539 3428 4615 excellentia

144 4642 295 4729 regia
340 4643 735 4733 decoretur,
793 4654 862 4717 et
911 4648 1247 4740 quiescat,
1303 4648 1479 4718 sicut
1525 4646 1593 4717 iu
1631 4642 1870 4717 diebus
1925 4648 2244 4739 antiquiS,
2299 4666 2540 4717 omnes
2589 4645 3109 4738 exempcioneS,
3167 4645 3227 4716 si
3256 4663 3426 4738 quas

145 4738 499 4832 quibuslibet
572 4746 917 4819 Nobilium
988 4758 1172 4820 terre
1241 4747 1544 4821 Banatus
1616 4770 1656 4818 a
1727 4744 1969 4837 nobiS,
2040 4749 2158 4820 vel
2230 4750 2483 4821 nostris
2552 4744 3166 4841 predecessoribus
3238 4744 3428 4819 obti-

148 4848 427 4939 nuissent,
481 4873 616 4944 per
666 4873 837 4946 quas
892 4871 973 4923 se
1027 4875 1065 4923 a
1118 4849 1417 4941 Judicio,
1474 4860 1542 4923 et
1593 4851 2105 4940 Jurisdictione,
2162 4861 2276 4924 aut
2327 4849 2492 4921 Jure
2546 4850 2847 4923 Banatus
2896 4852 2965 4922 in
3021 4850 3246 4945 aliquo
3301 4870 3430 4920 re-

148 4950 509 5041 btxissent3
562 4953 655 5025 de
702 4954 1119 5050 prelatorum
1174 4965 1246 5027 et
1294 4954 1639 5027 Beronum
1691 4964 2082 5029 nostrorum
2122 4954 2436 5041 consilia,
2484 4962 2558 5027 et
2582 4967 2931 5029 consensu
2982 4960 3432 5043 revocantes,

146 5058 201 5118 ot
237 5066 611 5146 cassantes,
675 5056 959 5152 prouida
1023 5056 1534 5132 deliberacione
1588 5060 1969 5148 statuimus,
2042 5056 2224 5152 quod
2279 5058 2587 5131 universi
2655 5067 2727 5131 et
2780 5059 3033 5151 singuti
3083 5054 3432 5144 homines,

152 5158 255 5226 h
296 5157 587 5249 nobiles,
644 5183 843 5256 quam
897 5161 1011 5235 alii
1065 5163 1538 5258 cujuscunque
1591 5164 2114 5257 preeminentie,
2186 5159 2641 5251 conditionis,
2695 5170 2768 5234 et
2817 5168 3034 5233 status
3104 5158 3436 5247 existant,

152 5254 284 5330 th·
330 5258 603 5336 fluuium
649 5265 937 5355 Drawa,
984 5269 1055 5340 in
1088 5275 1233 5339 tota
1266 5275 1452 5339 terra
1504 5265 1804 5339 Banatus
1859 5266 2231 5359 constituti,
2283 5261 2553 5339 Judicic
2618 5274 2690 5337 et
2738 5260 3208 5337 Jurisdictioni
3257 5259 3436 5335 Bam

154 5377 247 5451 m
284 5374 595 5464 tempore
647 5371 986 5444 constituti
1037 5368 1462 5461 subiaceant,
1536 5379 1610 5442 et
1660 5369 1883 5444 nullus
1934 5371 2155 5464 pssit
2206 5367 2506 5464 aliqmn
2557 5366 2646 5443 de
2699 5375 2884 5441 terra
2935 5364 3244 5439 Banatus
3293 5384 3441 5468 cof
