3950 5917
3309 426 3480 519 iu

106 622 1251 727 dmffistemffi'eustfls,
1300 624 1533 727 villis,
1559 624 3486 736 oppifflsoeahisuflfflaffiuffiseudominiisplenisf’

108 736 736 813 Excellenffisimo
787 736 1103 835 Principi
1131 737 1431 812 Domino
1482 736 1745 812 Karulo
1790 738 1975 834 Regi
2026 736 2190 813 dicti
2237 737 2466 834 Regni
2515 737 2911 835 Hungariae
2965 743 3033 814 Φ
3084 742 3229 818 suis
3279 740 3480 818 hae-⁴

114 839 433 932 rudibus,
480 862 628 915 non
661 850 878 933 metu,
925 858 1154 937 neque
1187 842 1264 916 vi
1295 862 1424 937 per
1463 843 1850 937 quempiam
1901 844 2153 934 coacti,
2208 840 2337 918 sed
2370 850 2648 966 sponte,
2698 864 2874 939 pure
2925 845 2993 916 Φ
3041 844 3470 966 simpliciter,

114 942 501 1034 reddimus,
542 946 992 1035 restituimus,
1043 945 1446 1018 remittimus
1490 947 1558 1018 Φ
1588 946 2051 1037 resignamus,
2093 943 2312 1018 nihil
2282 946 2488 1038 juris,
2539 944 2842 1040 nihilque
2872 948 3308 1043 proprietatis
3342 949 3471 1022 vel

119 1046 461 1120 dominii
438 1068 513 1120 ιιι
548 1045 842 1137 eisdem,
892 1047 1015 1121 vel
1049 1046 1277 1142 aliquo
1331 1066 1598 1139 eorum,
1648 1045 1852 1121 nobis
1885 1047 2006 1123 vel
2040 1050 2295 1123 nostris
2345 1045 2760 1123 haeredibus
2809 1048 3270 1142 reservando,
3320 1046 3483 1125 imo

118 1152 305 1223 enni
346 1151 523 1242 jnri,
578 1151 642 1223 si
692 1148 879 1245 quod
910 1151 1170 1246 inipso
1223 1147 1559 1240 districtu,
1608 1152 1841 1240 terris,
1894 1150 2105 1243 villis,
2159 1153 2407 1226 castris
2460 1172 2588 1227 seu
2640 1149 2904 1248 oppidis
2955 1149 3468 1246 habuissemus,

112 1254 643 1344 mundantes,
692 1253 1092 1348 litterasque
1146 1255 1213 1326 Φ
1262 1255 1713 1327 instrumenta
1765 1250 2112 1348 quaelibet
2161 1253 2418 1327 exinde
2470 1251 2859 1346 confectas,
2930 1256 2993 1329 si
3043 1276 3215 1351 quas
3269 1253 3466 1329 obti-

114 1357 391 1431 nuimus
450 1357 518 1428 Φ
567 1356 1089 1430 reservavimus
1120 1353 1521 1446 reddentes,
1573 1375 1844 1445 assas,
1896 1353 2217 1448 frivolas,
2266 1358 2333 1429 Φ
2379 1377 2508 1452 per
2545 1359 2773 1431 omnia
2808 1359 3142 1433 carituras
3194 1356 3462 1432 viribus

114 1461 183 1532 Φ
222 1460 511 1553 vigore.
615 1456 869 1531 Datum
915 1460 990 1532 in
1038 1455 1226 1532 Pruk
1274 1456 1640 1533 undecimo
1691 1455 2042 1535 Kalendas
2094 1456 2436 1535 Octobris.
2504 1458 2715 1534 Anno
2764 1458 3040 1535 Domini
3090 1458 3464 1537 Millesimo

114 1563 621 1637 uocantesimo
675 1563 1020 1656 vigesimo
1073 1569 1353 1637 octavo.
3487 1560 3498 1566 ”

1455 1736 1777 1820 (seyme-o
1806 1739 2148 1822 pendens.)

1300 1953 1571 2030 Tener
1646 1953 2285 2032 Intitulationist
2391 1922 2394 1929 Ι

270 2166 283 2175 ·
342 2130 580 2216 'Super
621 2130 941 2198 Βέεενίοω
985 2135 1154 2199 inter
1194 2132 1454 2196 Πιιοᾶω
1497 2132 1724 2196 Draco
1766 2140 1828 2196 ct
1866 2130 2054 2199 nura
2097 2135 2401 2201 amente
2443 2131 2602 2217 W
2635 2131 2880 2205 carolo
2924 2136 3242 2201 amos

112 2316 1242 2391 montaneo-itatem&
1278 2294 2896 2392 coniu'rawueoem‚lnquomfiivtotujmmm

1519 2854 2171 2988 nxxxni.

929 3215 1137 3286 Anno
1190 3212 1429 3290 1329.
1491 3235 1726 3286 some
1774 3213 1987 3285 lano.
2095 3213 2177 3284 In
2247 3212 2645 3311 Vae'aescqmd.

100 3476 543 3557 Carolus
605 3473 1102 3556 Robertus
1165 3472 1368 3555 Rex
1448 3474 2030 3580 privilegia,
2114 3474 2508 3555 civibus
2570 3473 3438 3581 Zagrabiensibus

1042 3612 1461 3716 collata,
1545 3616 1898 3691 iterum
1963 3613 2514 3692 confirmat.

418 3882 744 3976 Karolus,
800 3881 914 3956 dei
964 3885 1200 3977 gracia
1269 3879 1429 3955 Rex
1497 3879 1876 3977 Hungarie,
1948 3880 2262 3957 fidelibus
2333 3886 2477 3958 suis
2545 3882 3033 3977 Zagrahiensis
3083 3894 3154 3957 et
3206 3884 3472 3967 Chas-,

98 3991 362 4063 nensis
420 3985 895 4061 Ecclesiamm
948 3982 1275 4082 Capitulis
1329 3985 1620 4060 salutem
1673 3994 1744 4058 et
1794 3988 2120 4079 graciam.
2229 3983 2401 4071 Quia
2463 3983 2745 4060 libertas
2815 3984 3115 4059 fidelium
3188 3989 3442 4061 ciuium

96 4101 500 4167 nostrorum
573 4090 663 4164 de
733 4092 1009 4164 ciuitate
1057 4085 1513 4183 Zagrabiensi
1583 4109 1711 4163 seu
1781 4086 2194 4184 Grecyensi,
2262 4107 2392 4182 per
2459 4084 2804 4161 dominum
2853 4087 3093 4161 Belum
3145 4089 3448 4164 condam

92 4191 369 4290 Regem
424 4192 759 4289 hungarie
814 4191 1023 4265 chare
1058 4193 1419 4284 memorie,
1471 4190 1814 4265 mediante
1867 4190 2226 4288 priuilegio
2282 4207 2439 4283 suo,
2492 4192 2598 4267 eis
2652 4212 2991 4266 concessa
3031 4200 3102 4263 et
3141 4213 3270 4288 per
3303 4214 3440 4269 nos

92 4299 363 4373 eisdem
416 4318 546 4393 pro
597 4300 901 4393 ipsorum
945 4297 1247 4389 seruitijs
1307 4297 1677 4389 meritorijs
1732 4293 2159 4385 confirmata,
2208 4291 2347 4367 hoc
2397 4296 2724 4390 requirat,
2794 4292 2975 4390 quod
3028 4291 3191 4366 dicti
3243 4298 3441 4372 ciues

92 4411 167 4477 et
212 4402 305 4475 ad
360 4422 497 4476 eos
548 4402 997 4498 pertinentes,
1046 4399 1167 4474 vel
1202 4399 1446 4495 aliquis
1499 4421 1595 4471 ex
1641 4396 1932 4489 eisdem,
1986 4419 2126 4471 non
2162 4395 2249 4469 ad
2285 4405 2592 4471 nostram
2644 4397 2764 4470 vel
2816 4397 3195 4493 aliquorum
3247 4399 3440 4472 alio·

92 4525 245 4579 run
296 4503 623 4579 Judicum
676 4514 794 4577 aut
838 4503 1384 4577 Justiciariorum
1436 4500 1664 4597 Regni
1714 4504 1959 4593 nostri,
2013 4508 2446 4598 preterquam
2516 4502 2588 4572 in
2658 4507 2863 4572 antea
2922 4499 3238 4573 Judicum
3309 4521 3438 4577 seu

90 4608 490 4683 vilhcorum
545 4605 855 4683 eiusdem
907 4608 1200 4683 ciuitatis
1255 4607 1449 4679 citari
1503 4604 1801 4678 debeant
1860 4606 2314 4701 presenciam.
2421 4601 2621 4690 Quod
2675 4603 2899 4679 solum
2949 4602 3266 4676 Judicem
3318 4615 3444 4680 aut
3489 4600 3502 4613 “

84 4710 534 4788 Justiciarios
586 4709 769 4784 dicte
817 4712 1109 4787 ciuitatis
1161 4732 1288 4807 pro
1344 4729 1460 4800 eo,
1505 4711 1567 4785 si
1620 4709 2000 4807 cuicunque
2050 4710 2125 4783 iu
2175 4716 2381 4782 antea
2430 4707 2770 4782 iusticiam
2813 4704 3056 4783 facere
3108 4706 3442 4805 denega-

90 4820 315 4891 ·en‘nt
368 4817 489 4890 uel
540 4815 1003 4938 neglexerint,
1056 4815 1144 4889 ad
1178 4824 1486 4889 nostram
1535 4815 1967 4911 presenciam
2023 4809 2322 4888 debeant
2372 4813 2675 4886 euocari.
2709 4804 2919 4885 Idem
2952 4821 3193 4889 vestre
3246 4811 3444 4887 fide-

90 4917 261 4994 Emi
308 4921 730 5018 precipimus
784 4917 1068 4991 firmiter
1116 4940 1244 5015 per
1285 4928 1674 5016 presentes,
1727 4927 2089 5014 quatenus,
2169 4918 2553 5012 quicunque
2600 4916 2864 4991 litteras
2915 4925 3192 4993 nostras
3246 4918 3438 4988 cita-

98 5027 305 5101 torias
358 5024 481 5099 uel
536 5022 826 5096 aliorum
879 5020 1331 5118 quorumlibet
1379 5021 1697 5095 Judicum
1747 5020 1979 5116 Regni
2026 5023 2273 5112 nostri,
2344 5029 2585 5092 contra
2634 5018 2986 5116 predictos
3039 5023 3233 5093 ciues
3285 5038 3437 5090 no·

100 5136 271 5203 atros
324 5139 399 5203 et
452 5126 547 5201 ad
602 5124 890 5201 eosdem
958 5129 1383 5222 pertinentes
1435 5126 1553 5199 uel
1606 5125 1901 5221 aliquem
1951 5146 2047 5197 ex
2097 5126 2264 5220 ipsis
2317 5121 2520 5198 uobis
2580 5123 3036 5214 exhibuerint,
3103 5122 3440 5196 testimo·—

102 5234 269 5307 ιἰιιι
318 5254 453 5309 seu
508 5251 688 5307 vero
740 5228 1088 5303 hominem
1141 5229 1230 5303 ad
1285 5229 1630 5303 citandum
1692 5230 1862 5324 ipsis
1931 5225 2428 5325 postulantibus
2496 5228 2618 5301 vel
2669 5228 2966 5323 aliquem
3017 5246 3114 5298 ex
3165 5221 3460 5305 eisdem

102 5344 525 5437 poterquam
581 5333 671 5407 ad
727 5332 1069 5407 citandum
1118 5331 1435 5407 Judicem
1505 5336 1835 5433 ipsorum,
1907 5342 1985 5406 vt
2036 5333 2463 5428 premittitur,
2537 5334 2828 5433 cuipiam
2878 5333 2951 5404 in
3004 5336 3208 5403 antea
3263 5324 3464 5427 dare

284 5496 519 5569 (ι’-ιιι.
562 5493 746 5553 rava
782 5492 1086 5567 summ)
2595 5490 2618 5515 ·
2857 5458 2958 5532 14
