3950 5917
520 401 681 499 seo

521 615 841 704 Oroatiae
894 619 1212 703 diuersas
1265 629 1593 727 quasdam
1644 615 2249 704 Inconvenientias
2311 617 2404 702 'ea
2458 617 2864 726 praesertim
2918 623 3008 703 de
3059 643 3298 718 msa,
3351 623 3820 727 quodNoster

518 732 751 807 Banus
801 731 1110 807 Ioannes
1163 729 1418 806 Comes
1471 731 1715 829 Pallffy
1765 731 2020 805 absens
2074 741 2292 822 esset,
2345 731 2802 807 Vice-Banus
2855 742 3079 806 autem
3134 754 3355 829 aeque
3407 734 3661 808 Noster
3687 735 3815 808 Seu

521 833 786 931 Regius
854 838 1120 908 interea
1182 834 1685 909 Locumtenens
1736 834 1980 909 Petrus
2034 832 2290 908 Comes
2343 857 2384 906 a
2436 835 2823 940 Keglevicb
2892 835 3274 910 sufficiente
3325 836 3414 910 ad
3463 837 3816 931 gerendum

520 942 787 1013 interea
855 938 1116 1011 Banale
1177 961 1422 1011 munus
1502 938 1907 1012 authoritate
1988 937 2165 1010 baud
2219 937 2535 1034 polleret,
2615 941 2867 1011 nocive
2920 959 3247 1035 serpere3
3322 938 3414 1011 Et
3479 941 3641 1011 licet
3686 940 3816 1012 Vos

525 1041 797 1164 quidem
835 1040 1304 1116 evitandarum
1339 1041 1652 1114 similium
1689 1043 2391 1114 inconvenientiamm
2429 1055 2602 1134 ergo
2637 1061 2763 1136 pro
2795 1040 3020 1114 reditu
3069 1057 3239 1114 mox
3280 1041 3439 1114 dicti
3480 1042 3652 1115 Bani
3699 1042 3818 1115 de-

524 1147 738 1219 misse
810 1144 1350 1242 supplicassetis
1430 1166 1585 1216 cnm
1653 1153 1881 1216 tamen
1933 1142 2247 1216 Eundem
2317 1141 2539 1216 adbuc
2604 1145 2674 1215 in
2729 1143 3076 1238 Hungaria
3131 1148 3199 1216 ὡ
3254 1143 3520 1219 bellicis
3593 1143 3816 1218 ibidem

524 1247 1034 1349 operationibus
1106 1246 1519 1321 secundum
1535 1245 1969 1319 characteris
2022 1245 2144 1318 Sui
2219 1246 2525 1319 militaris
2596 1244 2987 1341 obligamen
3057 1250 3460 1321 necessario
3515 1256 3587 1322 et
3634 1247 3815 1320 valde

524 1339 777 1423 utiliter
827 1350 1230 1445 applicatum
1277 1349 1436 1423 inde
1474 1352 1756 1423 avocari
1793 1349 2162 1422 Servitium
2198 1348 2519 1422 Nostrum
2556 1347 2645 1421 de
2679 1351 3028 1445 praesenti
3061 1351 3447 1445 neutiquam
3483 1353 3814 1447 permittat

835 1452 985 1525 Nos
1062 1455 1294 1546 igitur,
1371 1461 1445 1524 ut
1494 1474 1618 1548 pro
1692 1455 1995 1545 ingenito
2049 1450 2265 1526 Nobis
2334 1474 2501 1546 erga
2579 1451 2856 1524 charum
2911 1451 3236 1526 Nostrum
3317 1451 3634 1526 Oroatiae
3681 1452 3817 1525 Re-

522 1578 730 1651 gnum
776 1555 1025 1628 affectu
1062 1554 1494 1628 nibilominus
1531 1558 1799 1648 integre
1851 1554 2093 1627 Eidem
2147 1557 2496 1651 provisum
2551 1576 2716 1628 esse
2767 1554 3013 1628 Securi
3065 1558 3305 1645 simus,
3355 1555 3656 1650 benigne
3691 1577 3816 1628 vo-

523 1659 746 1733 lumus
800 1668 870 1731 et
921 1660 1106 1732 serio
1160 1657 1675 1745 demandamus,
1743 1667 1816 1730 ut
1868 1668 2491 1754 supramemoratus
2547 1656 2801 1732 Comes
2852 1658 3237 1751 Keglevicb
3297 1681 3428 1754 qua
3483 1657 3656 1733 Vico
3687 1657 3814 1730 Ba-

524 1784 656 1836 nus
727 1770 801 1834 et
847 1759 1111 1855 Regius
1186 1762 1455 1834 interim
1525 1759 2032 1834 Locumtenens
2101 1759 2356 1834 Noster
2420 1770 2557 1833 tam
2630 1761 2855 1855 quoad
2909 1760 3224 1846 militaria
3292 1783 3418 1858 per
3471 1759 3815 1835 Consilium

524 1864 853 1939 Nostrum
910 1863 1132 1936 Aulae
1183 1863 1539 1942 Bellicum,
1594 1873 1793 1957 quam
1855 1862 2086 1935 itidem
2141 1863 2366 1957 quoad
2418 1862 2741 1938 Politicas
2794 1862 3268 1936 Provinciales
3320 1873 3393 1936 et
3438 1863 3812 1947 Iudiciales,

525 1989 661 2041 nec
719 1987 857 2055 uon
927 1970 1291 2055 universas
1346 1967 1517 2039 alias
1587 1966 1885 2039 officium
1941 1965 2199 2038 Banale
2270 1965 2739 2061 dependenter
2808 1969 3348 2040 concomitantes
3426 1966 3812 2053 functiones,

525 2069 754 2143 medio
808 2065 1105 2142 Nostrae
1157 2067 1627 2142 Cancellariae
1677 2068 2392 2163 Regio-Hungarieae
2444 2069 2733 2141 Aulieae
2792 2071 2873 2162 (a
2909 2070 3172 2165 quaid,
3243 2069 3421 2165 quod
3477 2093 3522 2143 e
3573 2091 3649 2142 re
3697 2091 3812 2141 ne·

528 2174 907 2246 cessarium
980 2171 1397 2260 censebitur,
1468 2171 1554 2244 ad
1608 2171 1758 2245 Vos
1829 2181 2169 2244 consveto
2224 2170 2422 2267 Stylo
2476 2180 2547 2243 et
2616 2193 2924 2266 congruo
2979 2172 3220 2265 ordine
3273 2183 3559 2245 eatenus
3613 2194 3812 2268 expe-

527 2275 782 2361 dietur)
855 2275 972 2349 tali
1033 2275 1420 2348 omnimoda
1486 2274 1890 2347 authoritate
1944 2285 2015 2346 et
2069 2283 2431 2367 potestate,
2513 2297 2644 2369 qua
2698 2274 2928 2348 Banus
2979 2274 3259 2365 Noster,
3315 2276 3514 2367 cujus
3582 2279 3814 2348 interea

527 2400 893 2473 personam
947 2387 1446 2473 repraesentat,
1500 2379 1569 2450 in
1621 2375 1811 2449 Loco
1865 2376 2225 2470 gauderet,
2280 2377 2631 2450 solennius
2686 2386 2757 2449 et
2806 2378 3009 2474 plene
3059 2381 3429 2451 instruatur

842 2479 1039 2568 Quod
1104 2485 1320 2577 ipsum
1376 2478 1662 2576 proinde
1713 2478 1933 2551 Vobis
1989 2479 2364 2552 elementer
2418 2480 2883 2570 significantes
2935 2479 3230 2555 Paterne
3291 2481 3568 2554 insimul
3616 2477 3816 2553 contl-

530 2586 777 2672 dimus,
829 2582 980 2657 Vos
1035 2583 1490 2677 homagialem
1545 2604 1712 2674 erga
1768 2604 1896 2655 nos
1952 2582 2326 2654 naturalem
2382 2594 2451 2653 et
2493 2584 2862 2677 legitimum
2915 2582 3184 2677 Regem
3234 2584 3561 2657 Vestrum
3613 2583 3817 2657 devo-

526 2692 783 2762 tionem
837 2686 1157 2759 Vestram
1213 2709 1298 2757 ac
1349 2689 1417 2758 in
1472 2684 1879 2758 difficillimis
1934 2682 2290 2780 quibusvis
2345 2683 2759 2783 temporibus
2812 2696 3208 2760 constanter
3252 2685 3608 2783 probatam
3644 2684 3820 2762 fidem

529 2792 835 2864 ulteriori
887 2792 1291 2861 intemerato
1347 2789 1529 2861 cultu
1582 2798 2114 2870 contestaturos,
2169 2810 2321 2860 eum
2374 2787 2792 2862 Vise-Bano
2845 2789 3102 2863 Nostro
3169 2789 3417 2862 bonam
3473 2811 3599 2887 pro
3649 2810 3828 2888 more-

530 2893 1132 2985 cointelligentiam
1187 2901 1535 2987 gesturos,
1615 2914 1748 2964 nec
1801 2913 1939 2964 non
1994 2890 2410 2964 oboriundas
2463 2890 2613 2966 fors
2667 2895 2948 2987 quasvis
3002 2892 3402 2966 indecentes
3480 2891 3816 2966 confusio-

528 3017 658 3067 nes
728 2995 1105 3068 efficaciter
1173 3017 1298 3090 pro
1369 3017 1579 3091 posse
1658 2994 2223 3091 praepedituros,
2302 2996 2540 3091 sicque
2611 2994 2878 3068 demum
2961 2996 3329 3069 Servitium
3380 2992 3700 3070 Nostrum
3761 3000 3819 3063 et

527 3098 757 3191 Regni
810 3097 1112 3169 Salutem
1194 3099 1576 3190 conjunctis
1631 3097 1906 3169 Viribus
1959 3108 2032 3169 et
2084 3119 2293 3194 opera
2350 3097 2628 3170 strenue
2707 3109 3140 3194 promoturos
3194 3121 3380 3172 esse.
3489 3097 3701 3171 Vobis
3762 3100 3816 3168 in

527 3202 794 3295 reliquo
863 3202 1081 3293 gratia
1155 3212 1386 3273 nostra
1442 3199 2065 3294 Caesareo-Regia
2135 3199 2431 3295 benigne
2498 3205 2820 3297 propensi
2881 3210 3254 3276 manentes.
3361 3201 3707 3275 Dabantur
3761 3201 3818 3271 ia

532 3303 825 3376 civitate
878 3302 1129 3377 Nostra
1182 3303 1587 3393 Viennensi,
1663 3303 1773 3376 die
1826 3306 2166 3399 vigesima
2239 3306 2451 3398 prima
2521 3308 2780 3377 mensis
2851 3304 3263 3379 Novembris
3316 3304 3526 3378 Anno
3580 3304 3819 3377 Domini

529 3405 894 3479 Millesimo
964 3409 1576 3503 septingentesimo
1641 3417 1917 3480 octavo.
2024 3407 2420 3500 Regnorum
2491 3405 2893 3481 Nostrorum
2941 3406 3232 3481 Romani
3303 3407 3580 3482 decimo
3638 3427 3818 3486 uonn-

530 3510 905 3603 Hungarici
955 3512 1300 3604 vigesimo
1352 3513 1595 3606 primo,
1657 3509 2011 3584 Bobemici
2064 3531 2239 3583 vero
2292 3518 2550 3603 quarto.

844 3689 1252 3787 Josepbus
1306 3714 1395 3763 m.
1448 3714 1513 3785 p.

1390 3895 1778 3992 Leopoldus
1832 3893 2089 3969 Comes
2142 3895 2228 3968 ab
2281 3895 2725 3970 Herberstein
2784 3921 2872 3970 m.
2924 3921 2986 3996 p.

1972 4099 2055 4152 Αιι
2092 4099 2386 4152 mana-tum
2421 4098 2804 4154 &ens-nmo
2839 4099 3129 4155 enea-rm
3168 4101 3451 4171 Μ-ιωιιιι.
3488 4105 3766 4173 ρωμιιιι

2447 4221 2755 4297 ,loannes
2789 4248 2847 4297 -a
2897 4224 3067 4299 Tiell
3124 4247 3209 4298 m.
3263 4248 3327 4324 p.

2034 4425 2090 4488 Δ
2144 4434 2351 4506 ter-902

850 4564 1313 4657 Reverendis,
1367 4545 1917 4652 Honorabilibus,
1992 4565 2492 4662 Spectabilibus
2546 4565 2631 4640 ac
2675 4555 3090 4666 'Magnificiffi
3151 4591 3285 4644 nec
3335 4593 3473 4655 non
3527 4569 3823 4667 Egregijs'

534 4681 609 4745 et
658 4667 1016 4745 Nobilibus
1068 4668 1149 4743 N.
1204 4669 1288 4743 N.
1341 4669 1705 4744 Universis
1758 4667 2061 4742 statibus
2115 4680 2187 4744 et
2237 4670 2601 4744 Ordinibus
2654 4672 3061 4763 Dalmatiae,
3145 4671 3463 4748 Oroatiae
3518 4684 3589 4748 et
3639 4673 3811 4746 Scla-

532 4777 792 4850 voniae
844 4773 1243 4870 Regnorum
1293 4771 1696 4847 Nostrarum
1753 4825 1778 4864 ,
1830 4772 2175 4847 Fidelibus
2229 4770 2444 4848 Nobis
2498 4773 2785 4850 dilectis.

1059 4901 1464 5000 Zagrabiae.
2205 4937 2212 4944 ·

2027 5030 2161 5120 ’(Ιι.
2234 5030 2352 5123 S.)
2441 5039 2446 5046 '

536 5233 774 5304 sap-1·
804 5234 1240 5305 trouve-nogat
1276 5232 1534 5290 cro-uae.
1567 5233 1699 5289 Λα.
1733 5233 1902 5303 aeg-1
1938 5230 2257 5304 congr-m
2296 5232 2453 5298 ivos,
2485 5231 2548 5287 ιι.
2583 5234 2667 5289 si.
2701 5243 2706 5248 ·
2770 5242 2779 5286 τ
