3950 5917
68 81 82 630 f

3262 375 3407 463 ‘261

1397 904 2151 991 cxxxvln.

757 1171 968 1243 Am
1025 1168 1266 1243 1⁴42.
1338 1169 1482 1242 Dte
1526 1171 1713 1262 reato
1766 1168 2108 1264 corpores
2153 1168 2432 1243 cara-211.
2492 1168 2782 1242 ctum.

167 1407 472 1489 Petrus
536 1407 652 1488 de
710 1405 1179 1512 Talovec,
1248 1406 1785 1487 Dalmatiae
1857 1417 1947 1486 et
2011 1405 2467 1486 Croatiae
2542 1404 2886 1510 BanuS,
2980 1410 3184 1485 suis
3248 1405 3424 1485 Ca-

166 1546 587 1627 stellauis
655 1557 746 1625 et
804 1543 1775 1651 vice-Castellanis,
1866 1548 1956 1623 in
2053 1541 2697 1624 Comitatibus
2773 1542 3240 1623 Cethinae
3333 1554 3427 1623 et

165 1682 510 1763 Glissae
608 1682 1318 1787 existentibus,
1411 1684 1827 1787 mandat,
1917 1694 2016 1762 ut
2076 1682 2549 1788 decimas,
2642 1693 3046 1788 propter
3105 1708 3425 1787 quam-

172 1821 327 1900 dam
385 1827 646 1902 inter
706 1821 1172 1902 Coronam
1232 1819 1793 1928 Hungariae
1856 1833 1949 1902 et
2006 1820 2435 1927 Regnum
2528 1821 3063 1902 Dalmatiae
3141 1846 3425 1901 exor-

163 1970 304 2039 tam
361 1958 1033 2040 differentiam
1094 1959 1202 2040 ab
1264 1958 1724 2041 Ecclesia
1787 1960 2356 2066 Spalatensi
2418 1959 3053 2065 abalienatas,
3119 1961 3431 2041 eidem

909 2097 1442 2179 Ecclesiae
1512 2097 2138 2204 imposterum
2200 2097 2636 2178 reddant.
2798 2123 2809 2134 ·

428 2343 584 2420 Nos
650 2343 893 2419 Petrus
946 2343 1038 2444 de⁴
1085 2343 1415 2436 Talouez,
1486 2339 1773 2426 Cethine
1825 2365 1910 2417 ac
1963 2341 2212 2417 Clissie
2266 2341 2547 2432 Comes,
2613 2341 3010 2439 Regnorum
3054 2344 3433 2420 Dalmacie

161 2455 216 2518 et
257 2446 535 2521 Croacie
593 2446 821 2521 Banus
877 2459 1008 2520 etc.
1090 2451 1419 2520 memorie
1492 2448 2047 2521 commendamus
2117 2458 2360 2520 tenore
2429 2451 2860 2543 presencium
2933 2446 3427 2543 significantes,

164 2550 363 2644 quibus
429 2551 736 2649 expedit
781 2555 1153 2641 vniuersis,
1224 2551 1404 2648 quod
1472 2573 1601 2625 nos
1671 2561 1809 2623 tam
1863 2548 2384 2626 considerantes
2454 2550 2918 2643 afflictionem,
2997 2576 3127 2650 qua
3196 2557 3429 2651 populi

167 2651 488 2730 Christiani
544 2656 896 2729 deuotioni
949 2649 1146 2729 Sacri
1196 2653 1424 2751 Regni
1473 2655 1822 2749 Hungarie
1876 2653 2152 2729 Corone
2202 2676 2329 2751 per
2379 2657 2781 2730 senissimos
2832 2678 3141 2753 paganos
3205 2658 3431 2733 alios-

163 2780 266 2851 que
312 2759 485 2833 dicte
541 2758 766 2833 Sacre
821 2755 1095 2832 Corone
1145 2761 1459 2832 inimicos
1513 2761 1689 2831 iusto
1739 2759 1871 2831 Dei
1920 2757 2173 2832 iudicio
2238 2758 2652 2855 affliguntur,
2720 2781 2847 2855 per
2896 2784 3137 2834 manus
3207 2785 3427 2837 secu-

165 2861 362 2936 larium
411 2885 871 2960 personarum
924 2866 1147 2936 minus
1198 2865 1377 2937 iuste
1429 2873 1858 2958 usurpantur,
1914 2885 2113 2957 quam
2173 2866 2377 2935 etiam
2437 2866 2567 2959 piis
2623 2864 3218 2960 supplicationibus
3270 2867 3428 2939 Re-

69 3007 70 3062 ,
161 2967 609 3043 uerendissimi
658 2969 730 3039 in
784 2965 1054 3040 Christo
1102 2970 1313 3063 patris
1367 2976 1438 3040 et
1489 2965 1741 3040 domini
1794 2966 2105 3040 Jacobini
2170 2949 2485 3060 Badi'iarij
2540 2966 3063 3068 Archiepiscopi
3113 2968 3434 3045 Ecclesie

69 3065 70 3126 j
157 3065 648 3167 Metropolitane
701 3069 1123 3166 Spalatensis
1202 3072 1501 3161 attentis,
1580 3071 1897 3144 volentes
1952 3074 2156 3144 etiam
2220 3072 2671 3166 supradictam
2722 3070 3107 3147 Ecclesiam
3161 3084 3233 3147 et
3283 3078 3432 3150 eius

163 3175 463 3250 ministros
517 3179 597 3248 in
651 3173 960 3248 omnibus
1011 3174 1253 3248 melius
1305 3174 1632 3248 adiuuare
1684 3183 1755 3247 et
1807 3173 2196 3261 subleuare,
2251 3196 2452 3270 quam
2504 3174 2885 3271 deprimere
2936 3177 3056 3250 vel
3108 3177 3431 3250 damnifi-

162 3297 325 3366 care,
366 3290 436 3352 vt
482 3290 806 3351 tenemur
853 3281 1040 3351 iuxta
1094 3300 1354 3351 morem
1408 3275 1741 3351 bonorum
1804 3277 2365 3366 Christianorum,
2421 3279 2877 3369 decreuimus,
2930 3291 3000 3352 et
3041 3290 3432 3355 nostrorum

69 3397 70 3402 ’
161 3375 355 3455 habito
400 3392 675 3456 maturo
730 3383 1045 3474 consilio,
1117 3382 1666 3470 deliberauimus,
1742 3391 1822 3455 vt
1873 3385 2236 3455 vniuersas
2288 3381 2593 3456 decimas
2665 3383 2932 3478 aliaque
2982 3386 3131 3455 iura
3186 3385 3433 3457 eccle-

69 3549 70 3588 ¹
159 3483 422 3575 siastica,
476 3509 619 3584 que
672 3508 713 3557 a
764 3486 992 3561 multis
1068 3490 1429 3558 retroactis
1505 3485 1922 3581 temporIbus
2001 3507 2127 3581 per
2201 3486 2565 3559 nonnullos
2642 3486 2879 3580 Reges
2959 3486 3153 3559 Sacri
3205 3487 3431 3581 Regni

69 3601 70 3622 ¹
161 3582 469 3683 Hungarie
554 3587 868 3682 Corone,
951 3597 1020 3660 et
1070 3589 1300 3664 Banos
1356 3590 1516 3664 dicti
1567 3587 1792 3684 Regni
1846 3587 2121 3662 Croatie
2198 3599 2476 3683 propter
2552 3589 2889 3685 quandam
2968 3589 3433 3664 differen-

153 3693 334 3765 tiam
383 3698 639 3767 inter
688 3691 1060 3766 Sacram
1116 3693 1558 3767 Coronam
1614 3703 1702 3766 et
1750 3693 2150 3788 Regnum
2184 3692 2641 3766 Dalmatie
2696 3704 3034 3785 exortam,
3086 3717 3211 3791 pro
3248 3694 3433 3768 dicto

151 3793 739 3895 Archiepiscopatu
773 3796 1164 3893 Spalatensi
1213 3796 1492 3870 fuerunt
1538 3797 1857 3885 alienata,
1911 3807 1982 3870 et
2017 3797 2104 3869 ad
2140 3796 2744 3872 substentationem
2799 3808 3175 3873 castrorum
3213 3798 3431 3872 Sacre

155 3893 395 3973 Corone
445 3904 522 3973 in
580 3905 1039 3998 suprascripto
1092 3901 1340 3994 Regno
1397 3898 1668 3975 Croatie
1722 3893 2098 3973 habitorum
2156 3911 2516 3975 comutata.
2622 3902 2791 3975 Tum
2862 3915 3140 3999 propter
3191 3901 3435 3998 presa-

149 4009 264 4074 tam
312 4004 758 4078 afflictionem
810 4006 1039 4101 populi
1095 4002 1482 4095 Christiani,
1536 4027 1626 4077 ne
1679 4003 1859 4077 forte
1912 4004 2104 4076 Deus
2158 4008 2587 4101 omnipotens
2658 4007 2900 4080 oculos
2972 4029 3098 4081 sue
3150 4010 3434 4080 miseri-

150 4106 354 4179 cordie
423 4109 597 4183 uelit
665 4130 876 4203 super
940 4130 1072 4189 nos
1144 4109 1468 4204 dirigere,
1541 4118 1611 4181 et
1663 4108 1903 4180 uidens
1957 4131 2089 4181 nos
2166 4108 2397 4202 legem
2450 4131 2643 4182 suam
2717 4109 3164 4206 adimplentes
3244 4115 3432 4184 iuxta

148 4205 368 4283 <lictum
441 4234 645 4287 suum
713 4210 1250 4306 Euangelicum:
1332 4211 1652 4302 Reddite,
1697 4234 1846 4307 ,que
1903 4221 2060 4284 sunt
2112 4210 2389 4286 Cesaris
2444 4211 2710 4303 Cesari,
2787 4223 2858 4286 et
2909 4238 3042 4311 que
3096 4224 3252 4288 sunt
3300 4215 3433 4287 Dei

149 4307 304 4407 Deo,
353 4337 488 4391 nos
545 4339 588 4388 a
640 4315 949 4391 manibus
1012 4320 1527 4391 senissimorum
1599 4338 2018 4412 paganorum
2090 4316 2512 4411 aliorumque
2582 4316 2800 4390 Sacre
2858 4315 3134 4391 Corone
3199 4322 3437 4391 inimi-

153 4436 358 4491 corum
412 4442 547 4495 suo
599 4417 900 4514 benigno
951 4421 1206 4493 auxilio
1260 4420 1652 4514 dignaretur
1719 4417 2038 4493 liberare.
2143 4420 2311 4493 Tum
2367 4424 2569 4493 etiam
2622 4420 2936 4496 uolentes
2989 4425 3118 4518 piis
3168 4423 3437 4519 suppli-

149 4522 502 4597 cationibus
559 4522 718 4596 dicti
770 4522 1021 4597 domini
1073 4523 1596 4621 Archiepiscopi
1650 4545 1955 4596 annuere
2028 4527 2524 4620 suprascriptas
2605 4523 2909 4600 decimas
2964 4527 3233 4621 aliaque
3286 4530 3434 4599 iura

150 4626 633 4715 ecclesiastica,
687 4650 846 4722 que,
901 4639 978 4700 vt
1031 4649 1260 4723 supra,
1312 4650 1439 4725 pro
1494 4630 1988 4702 sustentatione
2043 4625 2438 4703 Castrorum
2490 4626 2709 4702 Sacre
2755 4628 3029 4703 Corone
3081 4634 3151 4702 in
3187 4629 3436 4725 Regno

151 4721 416 4803 Groacie
469 4730 879 4823 habitorum,
932 4731 1414 4825 exigebantur,
1466 4731 1554 4804 ad
1599 4729 1936 4828 prefatam
1986 4731 2374 4807 Ecclesiam
2427 4730 2501 4806 S.
2527 4731 2776 4830 Duymi
2815 4733 3290 4829 spalatensem
3344 4734 3434 4809 de

153 4829 278 4901 iure
326 4839 733 4930 spectantia,
785 4843 858 4908 et
905 4838 974 4908 in
1029 4834 1474 4910 Comitatibus
1551 4839 1806 4910 nostris
1887 4833 2174 4909 Cetbine
2252 4835 2571 4910 uidelicet
2639 4845 2713 4909 et
2762 4835 2987 4912 Clisse
3040 4841 3434 4929 existentia,

155 4937 569 5012 remittendas
621 4948 690 5012 et
739 4937 1008 5035 prefate
1074 4939 1397 5014 Ecclesie
1462 4937 1945 5035 assignandas,
2014 4944 2153 5011 imo
2204 4942 2603 5015 remittimus
2656 4949 2728 5013 et
2773 4944 3208 5036 resignamus
3260 4964 3437 5038 pre-

156 5043 427 5114 sencium
484 5063 614 5138 per
659 5046 993 5138 uigorem.
1088 5044 1518 5139 Quapropter
1567 5046 1911 5120 vniuersis
1965 5051 2039 5115 et
2089 5045 2373 5139 singulis
2428 5041 2835 5118 Castellanis
2887 5055 2959 5119 et
2994 5045 3436 5119 Vicecastel-

156 5137 304 5216 lanis
370 5146 658 5242 aliisque
727 5146 1077 5243 quibusuis
1151 5146 1568 5222 officialibus
1637 5158 1710 5221 et
1778 5144 2213 5222 Comissariis
2283 5150 2537 5223 nostris
2589 5151 2661 5221 in
2713 5147 2911 5222 dictis
2989 5146 3432 5225 Comitatibus

157 5236 412 5321 Cethine
465 5257 542 5323 et
590 5248 835 5344 Clissie
888 5250 1367 5344 existentibus,
1445 5249 1727 5324 firmiter
1775 5249 2216 5348 precipiendo
2294 5250 2721 5344 mandamus,
2798 5262 3130 5349 quatenus
3209 5252 3432 5330 dictas

153 5341 434 5426 decimu
504 5361 578 5426 et
639 5355 770 5428 alia
837 5359 986 5442 iura
1058 5356 1534 5433 ecclesiastica
1594 5354 1682 5429 ad
1733 5352 2066 5454 prefatam
2143 5354 2534 5433 Ecclesiam
2611 5354 3090 5460 Spalatensem
3141 5357 3230 5432 de
3282 5361 3434 5434 inre

333 5501 489 5568 (Pan
519 5499 563 5557 Ι.
593 5503 765 5561 rrtvn.
797 5515 853 5561 et
885 5506 1103 5577 uben.)
2915 5477 3017 5552 26
