3950 5917
488 408 648 497 160

1990 818 2313 905 CXV.

1441 1080 1680 1157 1388.
1732 1084 1850 1157 dte
1900 1079 1980 1160 6.
2034 1080 2370 1156 Octobris.
2437 1080 2882 1155 Scau-sonae.

490 1314 893 1401 Foedus
984 1324 1250 1400 inter
1308 1316 2031 1423 Spalatenses,
2093 1315 2834 1399 Sihenicenses
2898 1326 2993 1397 et
3051 1316 3445 1420 aliquos
3534 1314 3821 1396 nobi·-

570 1458 723 1537 les
782 1455 1332 1538 Dalmatiae
1396 1464 1745 1537 contra
1806 1453 2440 1561 sigismundi
2502 1452 2815 1560 Regis
2877 1454 3319 1534 aemulos
3380 1456 3754 1534 initum.

804 1700 880 1774 ln
934 1699 1185 1774 Christi
1255 1703 1532 1774 nomine
1584 1702 1832 1775 Amen.
1936 1700 2179 1774 Pateat
2254 1703 2602 1775 vniuersis
2650 1711 2724 1774 et
2772 1700 3061 1796 singulis
3129 1708 3493 1797 presentes
3551 1698 3815 1775 litteras

487 1806 929 1901 inspecturis,
1009 1804 1191 1901 quod
1263 1808 1529 1899 egregii
1597 1808 1731 1877 viri
1799 1803 2136 1878 Dominus
2207 1800 2462 1878 Comes
2529 1802 2890 1900 Neliptius,
2967 1812 3169 1877 natus
3228 1800 3412 1877 bone
3482 1806 3814 1877 memorie

486 1904 765 1982 Domini
844 1905 1128 1982 Comitis
1208 1906 1662 2000 Constantini,
1742 1905 2116 1982 Castellani
2167 1905 2700 1998 Scardonensis,
2772 1929 2902 1982 suo
2953 1911 3258 1998 nomine,
3337 1903 3663 1982 cumulus
3725 1905 3814 1982 de

489 2007 881 2086 Petrarchis
935 2010 1023 2084 de
1076 2011 1359 2108 Spaleto
1415 2008 1696 2102 Comes,
1748 2020 1819 2083 et
1869 2014 2002 2084 viri
2054 2009 2323 2084 nobiles
2375 2009 2678 2085 Thomas
2727 2010 3015 2084 Dobruli
3065 2019 3136 2082 et
3164 2063 3378 2084 .....
3431 2008 3622 2099 Zori,
3675 2009 3815 2083 ha·—

491 2109 742 2187 bentes
807 2113 895 2187 ad
942 2113 1445 2211 infrascriptam
1515 2121 1923 2210 potestatem
1980 2123 2053 2188 et
2101 2114 2350 2187 baliam
2405 2135 2447 2185 a
2500 2117 2782 2188 civitate
2852 2114 3270 2210 spalatensi,
3338 2116 3500 2187 vice
3549 2122 3620 2186 et
3668 2135 3813 2186 no-

488 2218 676 2290 mine
723 2215 885 2290 dicti
939 2215 1264 2307 Comitis;
1317 2228 1389 2290 et
1441 2217 1666 2290 eidem
1735 2215 2011 2291 Domini
2085 2214 2410 2290 Gomulus
2481 2215 2736 2291 Comes
2804 2217 3153 2313 predictus
3224 2239 3309 2288 ac
3357 2219 3493 2290 viri
3541 2214 3813 2291 nobiles

488 2316 803 2416 Doymus
855 2319 1201 2410 Zuratich,
1252 2319 1606 2394 Johannes
1662 2318 2070 2416 Naplavich,
2125 2320 2518 2395 Saracenus
2569 2319 2842 2395 Nicolai
2891 2332 2966 2394 et
3013 2319 3274 2393 Thoma
3318 2318 3659 2393 Dominici
3720 2319 3811 2394 de

491 2418 846 2515 Sibenico,
916 2427 1324 2497 auctoritate
1388 2433 1458 2497 et
1510 2422 1690 2496 halis
1744 2427 1849 2496 eis
1902 2420 2218 2497 attributa
2270 2445 2399 2520 per
2449 2428 3000 2498 communitatem
3054 2422 3601 2510 Sibenicens‘em,
3657 2425 3815 2497 vice

494 2535 566 2596 et
615 2528 894 2600 nomine
965 2526 1126 2600 dicti
1198 2523 1525 2615 Comitis3
1604 2530 1934 2620 egregius
1999 2530 2112 2599 vir
2163 2523 2418 2600 Comes
2470 2525 2683 2601 Wido
2756 2524 3039 2603 Comitis
3095 2525 3381 2621 Georgii
3430 2524 3811 2619 Vgrenich,

488 2648 616 2722 per
666 2651 750 2703 se
801 2639 872 2702 et
923 2633 1202 2704 nomine
1256 2626 1538 2703 Comitis
1595 2629 1906 2724 Georgii,
1956 2628 2252 2719 fratres3
2307 2640 2378 2702 et
2430 2628 2703 2704 domina
2755 2629 3104 2705 Elisabeth
3147 2631 3387 2703 relicta
3442 2630 3601 2701 olim
3657 2626 3810 2701 Co-

490 2734 671 2805 mitis
704 2730 1000 2824 Nicolai,
1055 2736 1161 2806 sui
1197 2732 1455 2823 fratris,
1507 2754 1634 2828 pro
1678 2731 1920 2830 quihus
1973 2736 2284 2829 promisit
2318 2733 2407 2806 de
2441 2744 2620 2824 rato,
2659 2775 2753 2787 —-
2813 2738 3165 2831 cupientes
3221 2755 3384 2806 sese
3436 2742 3509 2805 et
3557 2741 3811 2825 terras,
3935 2792 3936 2813 ,

488 2833 646 2910 loca
699 2844 771 2909 et
820 2835 1003 2909 bona
1056 2857 1505 2931 quaecunque
1555 2858 1679 2909 sua
1735 2836 1934 2910 dictis
1988 2834 2374 2911 nominibus
2446 2859 2872 2912 conservare
2927 2840 2996 2910 in
3047 2835 3441 2909 fidelitatem
3513 2833 3808 2909 debitam

490 2959 692 3011 sacre
730 2960 991 3012 corone
1026 2938 1335 3036 Vngarie
1380 2938 1468 3012 ad
1502 2938 1839 3012 honorem
1893 2937 2076 3013 dicte
2121 2961 2410 3029 corone,
2465 2939 3123 3036 considerantesque
3173 2937 3478 3014 turbines
3532 2949 3605 3011 et
3650 2948 3808 3012 tur-

485 3036 802 3115 bationes
857 3044 1117 3133 varias,
1196 3040 1438 3139 quibus
1491 3046 1818 3139 precipue
1870 3064 2089 3137 regna
2143 3042 2481 3116 Dalmatio
2535 3054 2608 3116 et
2660 3042 2937 3117 Croatie
2991 3042 3078 3117 ad
3133 3064 3423 3140 presens
3476 3041 3807 3136 affligun-

484 3152 622 3232 tur,
691 3146 989 3218 maxime
1042 3165 1168 3241 per
1216 3146 1741 3220 illustrissimum
1793 3144 2175 3242 Principem
2228 3145 2593 3218 Dominum
2643 3146 3061 3244 Stephanum
3113 3146 3616 3235 T'uarchonem,
3677 3168 3810 3220 re·-
3933 3176 3934 3193 ¹

482 3267 648 3337 gem
698 3243 959 3340 Bosne,
1015 3258 1086 3321 et
1136 3249 1499 3323 Dominum
1551 3247 1835 3322 fratrem
1887 3248 2273 3323 Johannem
2328 3248 2416 3321 de
2464 3248 2738 3324 Palisna
2767 3304 2785 3321 .
2823 3304 3183 3324 ........
3240 3260 3311 3323 et
3362 3269 3810 3345 quoscunque
3933 3254 3934 3281 ³

489 3349 665 3423 alios
699 3348 1040 3443 infideles,
1092 3355 1410 3427 inimicos
1450 3363 1522 3425 et
1557 3349 1858 3426 rebelles
1911 3374 2116 3426 sacre
2165 3374 2427 3426 corone
2480 3353 2814 3449 predicte,
2868 3353 2956 3427 ad
2994 3351 3545 3427 conservandum
3600 3373 3814 3425 com—

482 3451 754 3528 modius
806 3453 1227 3546 fldelitatem,
1281 3466 1353 3528 et
1404 3459 1559 3551 quia
1604 3452 1947 3529 funiculus
2002 3455 2251 3551 triplex
2304 3454 2582 3529 dificele
2636 3456 2950 3549 solvitur,
3003 3455 3318 3530 fecerunt
3369 3460 3549 3529 inter
3600 3477 3681 3529 se
3734 3466 3813 3529 et
3931 3522 3932 3537 ,

485 3554 976 3632 ordinaverunt
1025 3559 1263 3653 ligam,
1316 3562 1670 3649 vnionem,
1724 3557 2083 3632 duraturas
2130 3580 2357 3657 vsque
2392 3558 2481 3632 ad
2515 3557 3015 3656 beneplacitum
3059 3560 3241 3634 dicte
3278 3580 3565 3648 corone,
3618 3562 3815 3633 omni

480 3658 720 3752 modo,
769 3664 920 3734 iure
964 3672 1036 3735 et
1069 3660 1318 3751 forma,
1372 3684 1503 3758 qua
1550 3662 1794 3735 melius
1829 3671 2084 3758 potest,
2134 3661 2260 3735 sub
2295 3662 2546 3754 modis,
2598 3666 2816 3759 pactis
2871 3673 2942 3735 et
2993 3660 3540 3753 condicionibus,
3589 3660 3815 3735 vide-

478 3758 690 3836 licet:
773 3762 973 3852 Quod
1048 3787 1186 3839 vna
1241 3787 1400 3861 pars
1455 3765 1765 3853 alteram,
1846 3774 1918 3839 et
1969 3765 2184 3838 altera
2265 3766 2552 3839 alteram
2632 3775 2947 3840 teneatur
2996 3776 3069 3839 et
3119 3766 3371 3839 debeat
3447 3763 3816 3858 adiuvare,

480 3865 855 3962 prestando
917 3889 1056 3942 vna
1127 3890 1288 3966 pars
1360 3869 1556 3941 alteri
1610 3869 1998 3959 consilium,
2077 3870 2401 3942 auxilium
2455 3880 2526 3942 et
2576 3868 2893 3945 favorem
2969 3881 3207 3945 contra
3288 3867 3662 3967 predictos,
3731 3878 3817 3943 et
3927 3832 3933 3973 f

476 3969 901 4062 generaliter
969 3982 1208 4045 contra
1279 3971 1620 4068 quoslibet
1685 3970 2033 4062 infideles,
2103 3975 2420 4047 inimicos
2487 3972 2790 4049 rebelles
2861 3973 3043 4047 dicte
3096 3995 3384 4063 corone,
3444 3981 3520 4045 et
3565 3980 3816 4046 contra
3929 4034 3930 4039 Ν

473 4082 870 4168 prestantes
922 4073 1124 4149 dictis
1174 4073 1593 4167 infidelibus,
1645 4077 1938 4150 inimicis
1991 4085 2066 4149 et
2113 4074 2485 4151 rebellibus
2539 4078 2892 4168 auxilium,
2945 4078 3306 4152 consilium
3351 4086 3424 4148 et
3464 4074 3814 4151 favorem.

475 4171 654 4249 Item
697 4177 880 4274 qnod
925 4181 989 4252 si
1028 4178 1238 4254 rebus
1291 4176 1729 4274 exigentibus
1783 4180 1872 4252 de
1905 4201 2129 4274 regno
2164 4179 2516 4274 Hungarie
2570 4180 2794 4277 aliqua
2848 4183 3122 4255 novitas
3176 4181 3518 4269 evenerit,
3574 4177 3814 4251 dicta-

476 4296 630 4352 rum
678 4285 966 4378 partium
1021 4304 1158 4357 non
1210 4285 1432 4378 possit
1473 4304 1607 4355 nec
1649 4283 1883 4356 valeat
1935 4283 2139 4357 alicui
2181 4282 2500 4380 Principi,
2553 4282 2874 4357 Dominio
2909 4305 3238 4382 persone,
3291 4284 3636 4356 communi
3684 4283 3815 4355 vel

478 4386 936 4475 vniuersitati,
1015 4388 1147 4460 nisi
1200 4407 1356 4458 cum
1410 4386 1766 4459 voluntate
1836 4386 2123 4459 aliorum
2196 4387 2670 4480 colligatorum
2752 4388 2958 4463 liceat
3026 4385 3381 4461 offendere
3460 4387 3816 4476 inimicos,

473 4482 797 4563 infideles
850 4498 924 4562 et
966 4488 1294 4577 rebelles,
1346 4498 1421 4563 et
1469 4498 1857 4585 prestantes
1910 4492 2017 4562 eis
2053 4490 2376 4563 auxilium
2429 4500 2502 4564 et
2551 4489 2894 4581 favorem,
2948 4489 3211 4586 absque
3260 4489 3816 4586 reprehensione

472 4586 703 4688 aliqua
754 4591 1040 4666 aliorum
1097 4592 1616 4688 colligatorum3
1668 4613 1793 4689 pro
1846 4591 2090 4688 quihus
2144 4591 2457 4667 omnibus
2506 4592 2939 4668 attendendis
2992 4604 3064 4667 et
3107 4591 3567 4668 observandis
3618 4588 3814 4667 hona

471 4688 648 4781 fide,
699 4698 853 4770 sine
893 4694 1165 4786 fraude,
1214 4698 1656 4793 prestiterunt
1708 4692 2113 4791 subscriptis
2163 4695 2552 4772 nominibus
2607 4696 2971 4794 corporale
3020 4701 3499 4785 iuramentum,
3549 4697 3624 4768 in
3667 4716 3815 4769 ec-

470 4795 694 4871 clesia
742 4796 825 4871 B.
866 4797 1176 4894 Virginis
1228 4797 1657 4873 Cathedralis
1710 4798 2093 4873 Scardone.
2145 4800 2356 4874 Anno
2390 4804 2763 4876 nativitatis
2796 4801 3072 4875 Domini
3118 4796 3814 4875 Mccctxxxvm.

474 4896 860 4975 hdictione
908 4900 1028 4975 XI.
1083 4902 1194 4977 die
1249 4900 1516 4993 Martis,
1568 4901 1687 4975 vl.
1733 4901 2076 4977 Octobris.
2180 4902 2260 4976 In
2313 4926 2599 5001 quorum
2653 4908 2955 4979 omnium
3000 4907 3460 4979 testimonium
3513 4911 3816 4999 quatuor
3925 4982 3926 4991 Ν

474 5001 678 5093 Bere,
711 5003 1021 5105 eiusdem
1058 5009 1321 5080 tenoris
1357 5016 1517 5081 sunt
1548 5005 1898 5099 confecto,
1941 5004 2193 5081 deinde
2227 5008 2515 5102 singulis
2548 5008 2851 5105 partibus
2887 5007 3213 5107 predictis
3248 5006 3494 5102 sigillis
3525 5004 3812 5081 Domini
3925 5050 3926 5053 κ

468 5103 748 5204 Neliptii
800 5118 874 5183 et
923 5109 1255 5184 dictarum
1309 5113 1861 5185 communitatum
1915 5119 1991 5182 et
2040 5111 2203 5184 dicti
2254 5110 2530 5186 Domini
2580 5111 2905 5187 Widonis
2956 5134 2999 5185 a
3046 5120 3250 5206 tergo
3302 5107 3689 5205 sigillando.

471 5255 684 5314 ι-ειιι.
715 5257 967 5315 ...σιω
1003 5259 1056 5313 ιιι
1090 5257 1224 5314 ‘rna
1260 5277 1313 5329 p.
1349 5259 1475 5315 sn.
1510 5289 1572 5301 -
1614 5258 1673 5315 c.
1708 5259 1879 5329 squ.
1911 5259 1971 5316 τ.
2009 5262 2094 5315 ιο.
2129 5259 2245 5316 voi.
2280 5261 2332 5316 s.
2367 5278 2421 5333 ρ.
2456 5262 2680 5316 ss-ec.
