3950 5917
462 397 614 472 138

456 609 605 679 suis
659 601 972 700 Capitale
1038 603 1364 680 Ecclcde
1428 602 1858 699 sputi-nan
1910 626 2038 700 pro
2091 602 2444 679 Soculien
2495 614 2582 679 ot·
2616 603 2940 685 Nuda·
2977 603 3120 683 flio
3179 606 3336 698 eJ’us
3387 601 3802 686 rambula·-

459 711 656 783 toria.
736 706 970 793 Quare
1022 708 1343 783 volentes
1396 706 1691 781 fideliter
1741 707 2068 783 Vestrum
2117 706 2508 781 mandatum
2549 711 2844 804 exequi,
2911 718 2991 781 ut
3037 705 3468 799 tenebamur,
3520 707 3611 783 ad
3659 731 3800 785 re—

458 815 896 909 quisitionem
965 814 1115 907 jam
1191 811 1527 885 dictorum
1581 810 1955 908 Syneonis
2007 820 2080 883 et
2127 810 2416 885 Nenade
2485 812 2642 903 ejus
2711 812 2858 902 filii,
2925 812 3111 884 illico
3181 832 3390 884 unum
3442 833 3540 884 cx
3587 810 3798 893 nobit

457 914 788 991 videlicet
814 966 1172 988 ........
1229 918 1627 1009 magistrum
1687 914 2031 988 Johanem
2082 912 2353 1006 Zintzij,
2424 918 2969 989 concanonicum
3039 923 3375 1005 nostrum,
3443 914 3798 993 homnem

462 1018 599 1093 fide
654 1018 958 1112 dignum,
1014 1018 1102 1091 ad
1152 1018 1330 1091 infra
1386 1022 1638 1114 scripta
1694 1021 1991 1113 negocia
2054 1017 2475 1112 peragenda,
2544 1041 2678 1091 una
2735 1041 2892 1091 cum
2944 1016 3156 1091 nobili
3206 1020 3361 1091 viro
3416 1016 3798 1091 dubrancio

463 1121 911 1212 dubrancicb,
981 1121 1260 1195 homine
1311 1132 1553 1195 vestro
1607 1124 1925 1244 superius
1979 1124 2158 1193 inter
2210 1122 2385 1195 alios
2437 1131 2717 1195 vestros
2789 1121 3107 1196 homines
3176 1123 3594 1195 nominatum
3646 1144 3802 1194 ex-

458 1248 710 1322 presso
767 1225 1083 1298 duximus
1138 1224 1610 1317 destinandos,
1665 1228 1781 1320 qui
1814 1248 1856 1296 a
1893 1223 2093 1299 nobis
2138 1223 2530 1315 recedens,
2538 1226 2835 1301 tandem
2876 1229 3147 1322 pariter
3195 1234 3336 1305 tam
3385 1224 3591 1309 bomo
3645 1247 3800 1309 ve-

460 1338 610 1403 ster
662 1351 867 1451 quam
917 1338 1159 1402 noster
1209 1329 1297 1401 ad
1351 1351 1482 1403 nos
1532 1328 1881 1419 reddiere,
1934 1350 2022 1400 ac
2071 1350 2255 1401 voce
2310 1350 2621 1401 consona
2673 1327 2874 1401 nobis
2921 1329 3325 1420 retulerunt,
3398 1351 3486 1400 eo
3539 1318 3794 1401 modo·

460 1431 647 1527 quod
700 1436 834 1527 ipsi
886 1435 957 1504 in
1011 1441 1263 1505 octava
1313 1429 1477 1505 festi
1528 1431 1712 1505 beati
1763 1430 2106 1523 Laurentij
2162 1432 2376 1504 levite
2425 1441 2497 1503 et
2548 1434 2870 1521 martiris,
2936 1453 3122 1505 nunc
3178 1433 3495 1527 proxime
3545 1441 3796 1527 prete-

459 1539 598 1625 riti,
671 1557 827 1607 eum
878 1537 1128 1609 vicinis
1201 1559 1287 1607 ac
1346 1538 1820 1607 conmetaneis
1889 1537 2414 1630 possessionum
2465 1533 2769 1625 Lucane,
2839 1533 3168 1631 Zopcichi
3220 1545 3289 1607 et
3339 1534 3795 1625 Velmosane,

458 1638 553 1711 de
608 1637 850 1733 quibus
906 1642 1220 1732 superius
1271 1641 1343 1710 in
1394 1642 1649 1712 vestris
1719 1639 1961 1712 litteris
2031 1635 2408 1732 Regalibus
2480 1637 2553 1709 fit
2604 1641 2886 1728 mentio,
2956 1636 3426 1733 procedend0,
3497 1638 3699 1711 simul
3749 1660 3796 1711 a

458 1740 849 1832 Nobilibus,
903 1741 1340 1834 ignobilibus,
1398 1739 1685 1816 Clericis
1738 1752 1809 1814 et
1860 1740 2138 1837 Laycis,
2219 1763 2303 1813 ac
2365 1741 2516 1814 aliis
2586 1743 2896 1832 cujusvis
2969 1751 3185 1815 status
3239 1751 3310 1814 et
3363 1739 3796 1815 condicionis

459 1844 908 1934 hominibus,
931 1855 1132 1939 prout
1167 1843 1254 1916 de
1302 1843 1478 1916 infra
1516 1835 1857 1941 inscriptis
1913 1848 2096 1919 scire
2147 1846 2553 1939 potuissent,
2609 1844 2971 1937 diligenter
3020 1844 3531 1938 investigando,
3583 1844 3795 1917 talem

462 1951 844 2023 scivissent
895 1951 1282 2040 veritatem,
1337 1946 1520 2044 quod
1572 1958 1792 2022 metas
1843 1947 2302 2044 predictarum
2360 1951 2560 2020 trium
2613 1950 3164 2043 possessionum,
3233 1946 3539 2038 Lucane,
3590 1946 3793 2021 Zob—

462 2051 645 2124 cichi
699 2061 770 2123 et
818 2050 1275 2125 Welmosane
1347 2074 1432 2123 ac
1487 2051 1780 2124 confinia
1853 2050 2253 2141 earundem,
2331 2051 2517 2123 nullo
2600 2051 3103 2124 contradictore
3185 2060 3583 2146 apparente,
3662 2050 3798 2126 sed

450 2157 708 2252 pocius
763 2152 1077 2228 omnibus
1130 2154 1393 2231 Vicinis
1446 2158 1746 2251 ipsarum
1799 2157 2320 2250 possessionum
2383 2153 2912 2229 assentientibus
2964 2152 3498 2276 reambulanteS,
3566 2154 3797 2245 taliter

460 2262 899 2331 invenerunt.
1007 2257 1208 2344 Quod
1258 2267 1566 2353 protecte
1615 2261 2106 2353 possessiones
2161 2256 2246 2329 ab
2302 2260 2567 2330 oriente
2620 2261 3064 2331 terminantur
3113 2260 3180 2330 in
3246 2256 3536 2352 quadam'
3589 2250 3797 2331 Valle

455 2371 856 2456 nuncupata
906 2358 1141 2434 Mocni
1194 2361 1416 2434 dolaz.
1519 2358 1611 2433 Et
1662 2365 1766 2435 sic
1815 2382 2068 2435 versus
2120 2359 2477 2433 meridiem
2545 2361 2990 2457 procedendo
3021 2414 3382 2434 ........
3435 2363 3505 2434 in
3557 2358 3795 2456 quod-

466 2464 627 2536 dam
682 2463 863 2536 colle
917 2486 1043 2538 seu
1097 2464 1468 2536 monticulo
1521 2474 1776 2536 vocato
1828 2463 2173 2553 Nebessa,
2247 2463 2494 2537 deinde
2555 2486 2808 2537 versus
2863 2464 3296 2537 occidentem
3346 2462 3791 2560 procedendo

456 2582 596 2664 'per
648 2570 833 2640 viam
887 2589 1094 2662 super
1143 2565 1539 2641 Radosichi.
1643 2567 1732 2640 Et
1785 2571 1889 2639 sic
1941 2589 2192 2642 versus
2264 2569 2664 2659 congeriem
2731 2568 3028 2663 lapidum
3094 2568 3505 2664 appellatum
3556 2565 3794 2639 Vide·—

456 2673 640 2747 mira
712 2671 985 2764 gomila.
1090 2669 1180 2742 Et
1248 2670 1423 2742 ultra
1483 2669 1927 2765 procedendo
1999 2673 2073 2744 in
2137 2674 2257 2744 via
2328 2674 2560 2746 stricta
2631 2674 2933 2745 vocitata
3007 2670 3296 2745 Vodice.
3400 2669 3488 2743 Et
3541 2668 3796 2745 deinde

455 2774 644 2849 ultra
694 2777 767 2846 in
818 2774 979 2846 loco
1030 2773 1369 2869 appellato
1441 2773 1785 2865 Plisunza,
1866 2797 2000 2868 qne
2054 2773 2325 2871 quidem
2378 2774 2694 2848 Plisunza
2749 2784 2859 2850 est
2911 2784 3092 2848 meta
3143 2778 3324 2847 inter
3371 2778 3558 2870 ipsas
3610 2795 3796 2869 pos—

462 2881 834 2954 sessiones
890 2875 1262 2974 Symeonis
1317 2887 1388 2951 et
1436 2876 1726 2951 Nenade
1779 2879 1933 2969 ejus
1986 2877 2156 2969 fiilij,
2212 2887 2283 2950 et
2333 2880 2511 2952 inter
2559 2881 3050 2975 possessiones
3125 2878 3406 2973 Georgij
3481 2876 3793 2952 dubrau-

460 2980 630 3053 cich
684 2980 771 3052 de
824 2983 1141 3076 yazuina.
1209 2980 1380 3055 Post
1429 2980 1563 3053 hec
1613 2981 1700 3054 ab
1754 2981 2117 3055 occidente
2168 2981 2677 3077 progrediendo
2730 3005 2981 3057 versus
3036 2983 3492 3079 acquilonem,
3545 2986 3796 3058 termi-

465 3093 720 3156 nantur
766 3087 918 3180 ipse
971 3087 1462 3180 possessiones
1517 3084 1889 3181 Symeonis
1942 3096 2014 3158 et
2063 3083 2349 3158 Nenade
2403 3088 2471 3160 in
2524 3086 2739 3158 Kalaz
2794 3090 2907 3183 qui
2959 3097 3251 3161 vocatur
3299 3086 3599 3161 Karleni.
3704 3085 3796 3162 Et

467 3195 668 3260 recto
747 3190 1020 3260 tramite
1095 3187 1538 3284 procedendo
1607 3191 1678 3261 in
1747 3198 1954 3284 puteo
2035 3199 2421 3284 nuncupato
2495 3189 2894 3282 Orihovich,
2977 3200 3046 3263 et
3109 3190 3236 3265 sub
3298 3189 3669 3264 Orihouich
3725 3193 3799 3266 in

468 3288 870 3381 Torentem,
925 3295 1040 3387 qui
1081 3290 1266 3364 ducit
1301 3290 1390 3364 ad
1424 3290 1762 3387 quandam
1815 3290 2130 3366 arborem
2185 3302 2508 3366 vocatam
2561 3294 2837 3386 gelbam
2885 3296 2958 3366 in
3009 3304 3234 3390 prato,
3285 3294 3468 3390 quod
3521 3291 3797 3390 quidem

468 3392 841 3468 confinium
897 3398 1047 3468 siue
1092 3405 1274 3468 meta
1328 3404 1437 3467 est
1480 3397 1657 3469 inter
1708 3399 2122 3470 territorium
2177 3397 2478 3471 ecclesie
2534 3401 2753 3470 sancti
2805 3397 2993 3470 Luce
3047 3398 3135 3470 de
3190 3396 3428 3474 Cetina
3482 3408 3554 3472 et
3603 3401 3794 3494 ipsa·

468 3504 616 3571 tres
668 3502 1186 3594 possessiones,
1242 3497 1514 3571 demum
1565 3499 2075 3595 progrediendo
2130 3521 2172 3571 a
2209 3500 2386 3574 dicta
2445 3500 2660 3573 Gelha
2712 3504 2782 3573 in
2838 3501 3175 3597 quandam
3229 3500 3545 3576 arborem
3589 3503 3798 3594 Juxta

458 3597 748 3694 Villam,
819 3623 953 3696 que
1022 3611 1314 3676 vocatur
1377 3601 1712 3694 Margudi.
1817 3602 1907 3675 Et
1955 3602 2116 3676 inde
2185 3626 2311 3699 per
2359 3607 2547 3678 viam
2616 3604 2980 3699 publicam,
3051 3628 3186 3729 que
3257 3605 3440 3679 ducit
3507 3603 3596 3677 ad
3647 3614 3798 3681 tres

465 3702 737 3798 lapides
788 3727 1007 3801 prope
1056 3708 1439 3801 yasuinam.
1544 3706 1633 3779 Et
1686 3708 1789 3780 sic
1841 3717 2037 3780 recto
2090 3711 2358 3780 tramite
2409 3710 2481 3780 in
2534 3709 2928 3799 monticulo,
3006 3713 3119 3805 qui
3180 3720 3475 3784 vocatur
3525 3706 3800 3782 Globu-

462 3809 656 3897 cina,
711 3816 784 3879 et
834 3831 1051 3903 usque
1105 3807 1192 3880 ad
1247 3809 1537 3900 silicem,
1593 3812 1707 3905 qui
1758 3820 2184 3905 nuncupatur
2232 3811 2434 3907 Lapis
2486 3811 2898 3905 perforatus,
2962 3816 3115 3887 sive
3160 3816 3360 3905 Juxta
3417 3812 3800 3888 sclavicum

467 3908 776 4006 ydyoma
830 3921 902 3985 et
950 3915 1266 4008 proprius
1319 3912 1456 3986 Utli
1509 3913 1692 3986 kami
1743 3914 1862 3986 vel
1912 3913 2070 3986 Utla
2121 3913 2333 3987 Stina.
2438 3914 2740 3989 Posthac
2791 3925 2981 3988 recta
3036 3916 3245 4002 linea,
3296 3939 3424 4012 per
3475 3917 3799 4011 aequilo-

462 4022 633 4085 'nem
685 4034 937 4089 versus
991 4019 1327 4088 orientem
1378 4016 1821 4111 procedendo
1875 4041 2095 4114 usque
2150 4018 2236 4090 ad
2287 4019 2518 4091 locum
2571 4019 2981 4115 appellatum
3035 4018 3278 4094 Godel.
3363 4019 3453 4092 Et
3502 4019 3587 4093 ab
3638 4022 3797 4116 ipso

458 4118 543 4188 -in
600 4118 1056 4212 supradictam
1108 4120 1365 4193 vallem
1413 4120 1647 4194 Mocni
1683 4121 1906 4194 dolaz.
1940 4122 2030 4195 Et
2062 4127 2153 4194 ita
2189 4132 2392 4220 prout
2443 4122 2528 4196 ab
2580 4126 2750 4219 ipsis
2806 4124 3216 4214 audivimus,
3260 4123 3497 4198 Vestri
3539 4146 3798 4220 maye·-

466 4224 633 4295 stati
701 4243 828 4317 per
878 4231 1153 4296 nostras
1221 4224 1485 4297 litteras
1555 4224 1848 4298 fideliter
1925 4236 1996 4299 et
2057 4229 2502 4300 consentiose
2569 4230 2980 4301 intimamus.
3074 4226 3323 4300 Datum
3395 4226 3658 4321 Spaleti
3719 4231 3798 4304 ‘n

458 4332 708 4396 nostra
780 4329 1046 4399 matrici
1101 4325 1449 4415 Ecclesia,
1504 4326 1632 4401 sub
1684 4331 2140 4423 impressione
2193 4334 2410 4403 nostri
2464 4327 2870 4425 capitularis
2924 4332 3131 4425 sig-illi
3200 4334 3549 4424 autentici,
3615 4329 3803 4407 feria

464 4426 777 4500 secunda
829 4433 1140 4525 proxima
1195 4440 1355 4525 post
1404 4429 1658 4503 festum
1708 4429 1894 4504 beati
1943 4431 2410 4506 Bartholomei
2461 4432 2802 4530 Apostoli.
2903 4433 3116 4509 Anno
3187 4434 3445 4509 domini
3493 4432 3582 4509 ab
3633 4438 3800 4531 ejus

459 4533 824 4607 nativitate
877 4534 1242 4607 millesimo
1295 4537 1782 4609 trecentesimo
1837 4542 2284 4630 sexagesimo
2328 4559 2543 4629 nono,
2596 4538 2991 4613 ludiccione
3043 4560 3221 4615 vero
3274 4541 3585 4638 septima,

1972 4740 2297 4822 Aspar-90.-

783 4898 1363 4976 Excellentissimi
1415 4903 1710 5000 Principi
1763 4916 1834 4980 et
1886 4906 2162 4981 domino
2214 4932 2454 4983 eorum
2506 4908 2840 5003 Naturali,
2895 4910 3171 4986 domino
3224 4910 3607 5004 Ludovico,
3679 4912 3804 4987 dei

462 5008 689 5098 gratia
746 5004 1206 5079 Serenissimo
1258 5007 1439 5103 Regi
1489 5007 1867 5103 Hungarie,
1949 5034 2073 5106 pro
2129 5011 2481 5138 symeone
2563 5024 2634 5088 et
2684 5013 2972 5089 Nenada
3052 5017 3204 5109 ejus
3286 5015 3424 5091 filio
3477 5018 3552 5093 in
3602 5015 3797 5091 facto

466 5107 836 5183 confinium
890 5119 962 5184 et
1012 5119 1384 5185 metearum
1438 5115 1740 5209 ipsorum
1794 5118 2316 5211 possessionum
2370 5121 2440 5193 in
2486 5115 2749 5194 Celina.

462 5281 746 5361 (inginuliu
776 5286 996 5343 membr.
1026 5290 1082 5342 in
1281 5299 1484 5345 secreto
1520 5290 1766 5348 Ambivio
1806 5292 2006 5347 Viennae
1935 5296 2103 5347 ιιοιιιί.
