3950 5917
404 374 595 449 440

1957 931 2260 1017 cm.

1390 1263 1602 1338 Anno
1670 1260 1910 1335 1375.
1993 1262 2122 1337 12.
2175 1263 2474 1358 Aprili&
2531 1260 2839 1357 spatae:

442 1528 1037 1645 Comitatum
1098 1524 1855 1607 Tinniniensem
1934 1530 2024 1605 ιιι
2085 1524 2438 1632 Regno
2502 1523 2982 1605 Croatiae
3066 1524 3399 1604 fuisse
3477 1532 3790 1629 patet.

759 1823 839 1897 In
893 1823 1128 1898 christi
1179 1825 1457 1896 nomine
1522 1844 1744 1896 amen.
1852 1817 2023 1895 Cum
2093 1821 2230 1894 hoc
2284 1824 2397 1914 sit,
2460 1819 2644 1918 quod
2695 1819 2946 1894 dudum
2997 1817 3265 1893 Nobilis
3319 1822 3428 1893 vir
3480 1816 3793 1893 Gausinn

445 1930 631 2003 filius
685 1926 1026 2024 quondam
1072 1925 1320 2000 Marini
1373 1926 1461 2000 de
1517 1924 1822 2000 Gausina
1878 1926 1964 1998 de
2017 1926 2383 2019 Tragurio.,
2453 1946 2579 2020 per
2633 1946 2714 1997 se
2771 1946 3074 2019 suosque
3135 1922 3434 1998 heredes
3486 1933 3559 1995 et
3613 1945 3794 1997 suc-

449 2053 810 2121 cessores,
880 2033 1030 2103 iure
1085 2033 1362 2126 proprio
1415 2039 1488 2102 et
1537 2026 2016 2120 inrevocabili,
2095 2029 2288 2102 titulo
2369 2037 2440 2101 et
2508 2030 2788 2100 nomine
2867 2050 3064 2124 pure,
3143 2049 3363 2117 mere,
3441 2025 3664 2099 libere
3717 2034 3791 2099 et

442 2134 943 2210 inrevocabilis
983 2133 1420 2208 donatinonis
1458 2132 1813 2222 donasset,
1867 2134 2279 2223 remisisset,
2331 2130 2728 2205 tradidisset
2782 2141 2853 2204 et
2901 2129 3278 2204 refutasset
3329 2129 3797 2203 donacionem

446 2262 587 2335 que
641 2239 886 2311 dicitur
934 2239 1116 2310 inter
1164 2240 1375 2311 vivos
1428 2234 1704 2309 domine
1755 2234 2179 2327 Radoslaua,
2233 2256 2358 2310 sue
2414 2238 2676 2309 sororis
2730 2237 2995 2308 uterine
3064 2232 3204 2306 filie
3275 2233 3439 2308 dicti
3491 2230 3793 2307 condam

446 2341 726 2432 Marini,
780 2362 1023 2414 omnes
1080 2349 1150 2413 et
1187 2339 1494 2434 singulas
1544 2339 1775 2430 villas,
1826 2342 2238 2431 territorias,
2290 2341 2809 2434 possessiones,
2860 2346 3079 2433 prata,
3131 2358 3446 2429 nemora,
3497 2355 3791 2433 pascua,

448 2465 673 2542 aquas
726 2453 796 2516 et
848 2465 1176 2540 aquarum
1233 2443 1597 2531 decursus
1667 2451 1808 2514 tam
1879 2443 2098 2515 cultas
2169 2464 2370 2538 quam
2422 2443 2740 2531 incultas,
2819 2444 3083 2537 positas
3163 2449 3299 2514 tam
3350 2444 3423 2513 in
3475 2440 3791 2521 districtu

452 2549 757 2621 civitatis
791 2547 1154 2642 Tragurie‚
1207 2568 1412 2643 quam
1443 2548 1515 2619 in
1547 2544 1796 2639 Regno
1826 2541 2129 2636 Croatie,
2183 2548 2553 2618 existentia
2604 2546 3011 2640 pertinentia
3056 2554 3129 2616 et
3163 2546 3539 2640 spectantia
3594 2541 3784 2617 dicto

390 2643 401 2649 ’
450 2647 762 2724 Gausine
816 2658 886 2723 et
936 2671 1070 2745 que
1120 2649 1206 2721 ad
1260 2653 1479 2744 ipsum
1530 2652 1879 2746 pertinere
1926 2671 2057 2723 seu
2108 2657 2425 2745 spectare
2476 2657 2795 2745 poterant
2847 2668 3120 2744 quoquo
3173 2646 3403 2721 modo.
3454 2645 3545 2718 Et
3595 2649 3794 2741 ipsas

442 2755 661 2828 ‘villas
715 2759 787 2826 et
836 2756 1332 2850 possessiones
1413 2774 1572 2824 cum
1651 2774 1885 2825 earum
1965 2751 2222 2825 iuribus
2279 2762 2349 2825 et
2398 2753 2827 2850 pertinentijs
2906 2753 3341 2849 promisisset
3416 2748 3642 2824 eidem
3699 2747 3792 2825 ab

448 2860 647 2932 omni
695 2856 973 2931 homine
1019 2864 1091 2929 et
1121 2858 1571 2930 universitate
1622 2856 1928 2949 legitime
1982 2853 2382 2928 deffendere
2436 2865 2508 2927 et
2560 2856 3142 2950 excalumpniare.,
3208 2876 3364 2926 cum
3415 2852 3548 2924 hac
3601 2873 3790 2925 con-

450 2961 717 3032 ditione
756 2969 824 3031 et
858 2969 1090 3054 pacto,
1142 2959 1466 3032 uidelicet
1518 2958 1703 3055 quod
1747 2957 1926 3032 dicta
1965 2958 2239 3032 domina
2287 2958 2687 3032 Radoslaua
2740 2962 2890 3033 siue
2945 2960 3052 3032 sui
3103 2955 3401 3030 heredes
3449 2956 3566 3030 uel
3611 2978 3794 3030 suc-

452 3083 789 3136 cessores
845 3061 1178 3136 deberent
1214 3072 1286 3135 et
1317 3072 1718 3135 tenerentur
1767 3084 1971 3134 manu
2023 3072 2265 3134 tenere
2320 3072 2391 3135 et
2434 3060 2822 3156 gubernare
2876 3060 3128 3133 dictum
3166 3060 3537 3133 Gausinam
3589 3081 3792 3134 suum

457 3165 770 3256 fratrem,
822 3165 1176 3262 prebendo
1231 3169 1299 3238 ei
1350 3168 1607 3238 victum
1663 3174 1733 3237 et
1765 3169 2118 3255 vestitum,
2171 3187 2389 3262 usque
2444 3164 2532 3237 ad
2573 3167 2787 3239 vitam
2840 3164 3001 3237 dicti
3056 3162 3359 3238 Gausine
3414 3163 3538 3238 sub
3594 3172 3794 3243 certa

456 3291 638 3366 pena
694 3268 1056 3361 soluenda,
1119 3279 1272 3342 rato
1325 3277 1645 3342 manente
1693 3268 2005 3365 predicto
2058 3277 2454 3357 contractu3
2523 3278 2725 3364 prout
2773 3266 2908 3340 hec
2961 3270 3186 3340 amnia
3234 3268 3455 3341 lacius
3503 3274 3574 3338 et
3621 3265 3794 3362 ple-

456 3375 615 3446 nius
670 3375 1103 3447 continentur
1152 3375 1224 3446 in
1277 3370 1677 3468 quibusdam
1728 3373 1947 3446 literis
2003 3369 2291 3470 Capituli
2323 3371 2699 3461 Nonensis‚
2753 3369 2929 3444 datis
2984 3369 3110 3445 sub
3165 3371 3394 3462 sigillo
3444 3367 3797 3467 pendente

452 3473 628 3548 dicti
681 3471 970 3572 Capituli
1018 3480 1089 3550 in
1140 3473 1463 3550 Ecclesia
1532 3473 1779 3550 Maiori
1827 3474 2141 3549 Nonensi
2208 3475 2417 3548 Anno
2489 3477 2855 3547 natiuitatis
2910 3473 3165 3548 domini
3214 3473 3580 3549 Millesimo
3631 3481 3796 3545 tre-

447 3581 841 3652 centesimo
914 3582 1365 3672 sexagesimo
1444 3589 1721 3665 octauo„
1794 3577 2174 3652 Indictioue
2255 3581 2539 3674 septima
2613 3577 2724 3650 die
2779 3586 3034 3651 octavo
3104 3581 3364 3652 mensis
3443 3573 3796 3665 Octobris,

452 3678 904 3754 Pontificatus
986 3684 1401 3756 sanctissimi
1453 3684 1526 3754 in
1579 3678 1849 3755 Christo
1928 3684 2142 3777 patris
2195 3692 2266 3753 et
2317 3681 2572 3754 domini
2651 3680 2909 3755 domini
2986 3680 3246 3755 Urbani
3323 3703 3497 3778 pape
3575 3682 3797 3775 quinti

454 3782 670 3858 Anno
724 3786 980 3879 quinto.
1039 3782 1346 3881 Cumque
1401 3785 1606 3856 etiam
1658 3792 1819 3880 post
1869 3784 2003 3856 bec
2056 3783 2274 3859 dictus
2330 3783 2630 3858 Gausina
2686 3806 2921 3857 coram
2975 3783 3224 3858 eodem
3275 3783 3588 3859 Nonensi
3641 3780 3800 3855 Ca-

455 3886 672 3984 pitulo
726 3886 936 3961 fuerit
986 3886 1384 3976 confessus,
1438 3885 1765 3962 habuisse
1819 3897 1891 3960 et
1938 3890 2294 3984 recepisse
2349 3908 2600 3962 causas
2652 3891 2862 3961 mutui
2908 3911 2949 3961 a
2985 3886 3202 3962 Paulo
3257 3888 3550 3962 condam
3600 3885 3796 3959 Pur-

452 3989 594 4062 ehe
642 3989 732 4064 de
783 3990 1069 4063 Aurana
1122 3988 1506 4064 habitatore
1557 3989 1759 4064 Iadre
1814 4001 2112 4086 cognato
2169 4013 2296 4066 suo
2352 4001 2425 4064 et
2458 4014 2499 4064 a
2538 3991 2812 4064 domina
2862 3991 3258 4065 Radoslaua
3309 3991 3491 4064 dicta
3545 4012 3799 4073 θοι-οη

460 4116 594 4169 sua
644 4096 910 4167 uterina
965 4104 1038 4168 et
1085 4116 1310 4169 uxore
1361 4095 1668 4189 legitima
1720 4093 1882 4168 dicti
1931 4094 2127 4168 Pauli
2181 4095 2469 4169 ducatos
2522 4095 2706 4168 mille
2768 4091 2933 4168 boni
2985 4098 3134 4168 auri
3185 4104 3258 4168 et
3302 4097 3462 4169 iusti
3511 4093 3797 4191 ponde-

457 4199 589 4288 ris,
642 4197 731 4270 ad
783 4201 1139 4272 racionem
1188 4195 1515 4271 librarum
1566 4200 1769 4271 trium
1822 4207 1894 4272 et
1946 4199 2321 4273 solidorum
2375 4196 2891 4296 quatuordecim
2959 4220 3084 4294 pro
3142 4197 3446 4294 quolibet
3516 4197 3801 4289 ducato,

457 4320 589 4397 pro
643 4298 886 4397 quibus
958 4301 1179 4375 dictus
1242 4298 1511 4375 debitor
1564 4301 1760 4375 dictis
1815 4302 2269 4377 creditoribus
2332 4299 2662 4397 obligauit
2729 4304 3006 4375 nomine
3074 4304 3383 4400 pignoris
3454 4311 3670 4374 totam
3721 4310 3800 4375 et

460 4406 806 4498 integram
857 4427 1063 4478 unam
1113 4406 1349 4480 villam
1403 4426 1598 4480 suam
1667 4414 1988 4499 vocatam
2062 4405 2319 4480 dassini
2372 4404 2556 4480 dolzi
2604 4409 2676 4479 in
2731 4405 3069 4479 Comitatu
3119 4405 3364 4498 Tininij
3422 4415 3496 4479 et
3543 4404 3799 4500 Regno

460 4504 744 4580 Croatie
820 4510 1117 4605 positam
1169 4518 1240 4582 et
1293 4511 1732 4581 existentem.
1836 4506 2009 4581 Item
2089 4509 2526 4584 medietatem
2603 4511 2940 4604 integram
3018 4511 3218 4583 unius
3294 4509 3463 4584 ville
3539 4518 3804 4584 vocate

454 4613 868 4706 prapratiza.
971 4610 1146 4685 Item
1197 4609 1633 4684 medietatem
1686 4613 2024 4706 integram
2096 4613 2448 4688 cuiusdam
2507 4616 2727 4688 tercie
2776 4613 2944 4688 ville
2994 4623 3254 4688 vocate
3304 4610 3670 4703 Lubitono,
3721 4621 3804 4697 et

461 4733 603 4806 que
655 4716 727 4785 in
780 4712 1161 4788 confinibus
1239 4712 1570 4787 dictarum
1648 4717 1850 4787 trium
1928 4715 2243 4791 villarum
2316 4719 2775 4805 continentur
2843 4717 2966 4791 vel
3037 4719 3098 4791 si
3157 4716 3342 4791 forte
3411 4717 3618 4813 aliqui
3669 4714 3802 4795 fo,-

459 4823 621 4889 rent
698 4814 812 4907 alij
897 4816 1208 4892 confines
1288 4819 1721 4909 veraciores‚
1801 4827 1874 4891 et
1926 4841 2081 4892 cum
2135 4819 2450 4895 omnibus
2504 4829 2577 4894 et
2627 4820 2916 4915 singulis
2985 4817 3244 4896 iuribus
3308 4830 3381 4894 et
3430 4824 3801 4917 pertinen-

456 4919 576 4994 tiis
624 4917 1048 5011 earumdem,
1126 4919 1352 4993 taliter
1418 4930 1620 5016 pacto
1676 4930 1748 4994 et
1798 4922 2207 4998 condicione
2262 4924 2579 5014 adiectis,
2658 4923 2841 5021 quod
2910 4927 3040 5019 ipsi
3091 4924 3402 5017 locatarij
3459 4922 3804 4999 deberent

458 5019 745 5095 abicere
806 5044 934 5118 pro
986 5025 1274 5096 teratico
1329 5021 1658 5113 dictarum
1714 5026 2031 5100 villarum
2103 5026 2409 5123 quolibet
2475 5049 2656 5102 anno
2731 5025 3048 5121 ducatum
3099 5048 3306 5101 unum
3355 5031 3556 5119 wauri
3639 5050 3814 5113 cun,

460 5128 677 5202 certis
731 5125 886 5219 aliis
939 5126 1533 5211 conuentionibus,
1598 5127 2100 5205 conditionibus
2154 5141 2225 5204 et
2274 5133 2521 5242 pactis,
2599 5153 2735 5229 qne
2780 5134 2853 5205 ιιι
2904 5133 3075 5228 ipsis
3125 5131 3370 5207 litteris
3422 5133 3803 5208 continen-

461 5236 596 5301 tur.
678 5227 926 5304 Datum
978 5229 1181 5305 None
1232 5234 1301 5305 in
1358 5229 1748 5306 Cathedrali
1798 5234 2105 5308 ecclesia
2175 5233 2383 5308 Anno
2449 5183 2819 5309 natiuitatis
2889 5232 3144 5309 domini
3212 5234 3579 5310 millesimo
3638 5244 3802 5311 tre·-

458 5334 848 5410 centesimo
882 5337 1425 5433 septuagesimo,
1459 5334 1838 5413 Indictioue
1872 5346 2146 5429 octaua,
2180 5336 2295 5414 die
2328 5340 2669 5433 nigesimo
2706 5347 2911 5415 sexto
2928 5337 3189 5433 Martij3
3242 5349 3443 5438 prout
3473 5342 3549 5416 in
3575 5340 3804 5417 literis
