3950 5917
475 369 630 440 454

476 575 727 644 mentia
801 570 1052 643 Nostra
1106 570 1731 663 Caesareo-Regia
1802 570 2102 663 benigne
2172 571 2624 644 resolvimus:
2707 584 2778 644 ut
2840 571 3020 644 Urbs
3084 582 3154 645 et
3215 571 3459 644 Portus
3532 571 3800 644 Flumi-

474 677 741 759 nensis,
796 696 934 744 nec
983 695 1121 745 non
1175 673 1366 745 Bona
1439 673 1952 758 Buccariensia,
2020 677 2088 745 in
2145 684 2466 767 quantum
2519 676 2631 747 illa
2689 673 3120 747 Carlostadio
3191 675 3474 746 Flumen
3545 695 3801 747 versus

476 774 985 872 proficiscendo
1073 776 1158 848 ad
1229 776 1585 848 dexteram
1656 775 1834 848 Viae
1917 773 2280 848 Carolinae
2355 780 2483 848 sita
2557 788 2759 851 sunt:
2842 778 3158 865 Buccari‚
3238 778 3660 848 Buccarieza
3738 787 3804 847 et

481 879 689 951 Porto
729 879 860 965 Re,
916 890 1233 973 tanquam
1271 879 1355 949 ad
1390 878 1616 950 levam
1672 878 1895 951 dictae
1931 879 2107 950 Viae
2145 878 2508 952 Carolinae
2563 884 2737 965 sitis,
2793 902 2915 974 pro
2965 881 3156 951 Statu
3192 879 3461 951 Militari
3517 881 3802 952 relictis.

478 987 628 1076 ipsa
682 991 1039 1076 praeterea
1098 981 1358 1053 Civitas
1415 979 1988 1053 Carlostadiensis
2046 985 2112 1051 in
2163 979 2475 1052 Liberam
2530 982 2957 1077 Regiamque
3011 981 3370 1055 Civitatem
3436 981 3802 1054 evehenda

484 1084 1007 1157 immediate
1062 1084 1378 1176 Regno
1437 1082 1873 1155 Croatiae
1943 1089 2831 1178 reincorporentur;
2912 1108 3005 1157 ex
3059 1086 3283 1156 taliter
3333 1106 3539 1180 porro
3593 1084 3802 1156 Neo-

480 1186 1079 1281 reincorporandis
1132 1185 1444 1258 Partibus
1498 1186 1741 1258 Novus
1798 1184 2171 1258 Comitatus
2228 1190 2570 1276 erigatur,
2624 1187 2949 1282 Idemque
3002 1191 3070 1259 in
3117 1187 3428 1259 omnibus
3485 1185 3571 1258 ad
3607 1186 3802 1258 Nor-

479 1312 657 1361 mam
715 1290 998 1360 aliorum
1075 1287 1522 1360 Comitatuum
1598 1291 1747 1380 (iis,
1821 1311 1999 1384 quae
2071 1312 2234 1360 mox
2307 1289 2763 1362 declarandae
2836 1291 3210 1362 Directioni
3286 1289 3680 1361 Guberniali
3737 1294 3801 1364 in

479 1390 739 1464 Puncto
797 1391 1274 1463 Commerciali
1328 1391 1716 1464 immediate
1769 1402 2320 1480 reservarentur,
2379 1396 2731 1488 exceptis)
2810 1390 3114 1465 Consilio
3179 1392 3403 1483 Regio
3478 1391 3801 1463 Croatico

477 1494 981 1584 subordinetur‚
1031 1497 1318 1589 ejusque
1370 1494 1832 1566 Jurisdictioni
1887 1492 2121 1566 subsit.
2175 1494 2309 1565 Pro
2367 1495 2610 1567 eadem
2665 1518 2871 1600 porro
2923 1495 3436 1591 praedeclarata
3484 1493 3798 1566 Materna

480 1596 730 1670 Nostra
816 1597 1243 1669 solicitudine
1319 1607 1522 1691 atque
1592 1597 2053 1683 Providentia„
2126 1597 2444 1668 volentes
2525 1602 2864 1684 nimirum,
2944 1609 3016 1669 ut
3066 1598 3210 1669 Res
3268 1597 3683 1669 Commercii
3734 1602 3802 1670 in

480 1701 806 1771 Districtu
863 1709 931 1770 et
971 1699 1177 1772 Portu
1233 1699 1365 1771 boc
1417 1700 1861 1786 Fluminensi,
1945 1723 2037 1771 ex
2092 1703 2236 1794 ipsa
2295 1701 2598 1773 ordinata
2657 1711 2858 1795 atque
2915 1704 3356 1795 systematica
3412 1699 3803 1793 Manipula-

478 1807 668 1874 tione
724 1801 807 1873 ad
864 1803 1124 1874 Statum
1181 1801 1641 1874 florentiorem
1717 1802 2075 1888 evehatur„
2154 1803 2465 1892 Benigne
2519 1807 2744 1875 visum
2801 1814 2910 1874 est
2959 1802 3196 1875 Nobis*
3228 1803 3393 1873 Urbi
3448 1813 3517 1873 et
3569 1803 3804 1873 Portui

481 1904 640 1976 huic
693 1905 1111 1977 Fluminensi
1160 1904 1535 1998 Egregium
1583 1905 1887 1977 Fidelem
1925 1905 2246 1976 Nostrum
2299 1905 2673 2000 Josepbum
2721 1906 2998 1996 Majlath
3034 1905 3122 1977 de
3160 1904 3535 2000 Szekhely,
3593 1915 3799 1976 ante—

481 2008 614 2080 hac
688 2005 1113 2079 Cameralem
1188 2006 1663 2079 Consiliarium
1725 2009 2042 2080 Aulicum
2115 2007 2439 2079 Nostrum
2514 2019 2583 2081 et
2652 2007 3247 2096 Referendarium.,
3319 2011 3383 2079 in
3459 2007 3802 2092 Qualitate

483 2109 1001 2196 Gubernatoris,
1073 2118 1143 2181 et
1215 2133 1367 2181 cum
1438 2114 1609 2205 pari,
1689 2133 1772 2182 ac
1827 2110 2082 2182 Comes
2154 2110 2598 2183 Zinzendorff
2664 2111 2982 2202 Tergesti
3062 2109 3345 2199 obtinet„
3422 2114 3804 2197 activitatQ

476 2211 865 2307 Iisdemque
916 2212 1428 2304 Praerogativis
1482 2211 1888 2308 praeficere„
1962 2213 2296 2306 simulque
2349 2213 2523 2286 Eum
2570 2235 2698 2309 pro
2765 2213 3140 2286 Comitatus
3202 2237 3296 2285 ex
3359 2213 3804 2307 Reincorpo-

475 2314 692 2387 raudo
739 2315 873 2386 boc
925 2316 1247 2387 Districtu
1303 2315 1704 2392 efformandi
1758 2327 1829 2388 et
1880 2320 2158 2389 nomine
2213 2315 2587 2388 Comitatus
2644 2315 3131 2390 Severinensis
3187 2317 3601 2409 insigniendi
3659 2317 3805 2386 Su-

477 2440 716 2512 premo
773 2417 1036 2491 Comite
1100 2418 1475 2490 clementer
1526 2418 1992 2491 denominare.

793 2586 1263 2661 Cohaerenter
1340 2600 1567 2660 autem
1647 2588 1733 2661 ad
1813 2591 2192 2684 praemissa
2275 2590 2500 2683 quoad
2578 2594 3118 2683 resignationem
3192 2600 3262 2662 et
3333 2593 3804 2680 receptionem

476 2690 841 2767 Districtus
905 2693 1104 2782 bujus
1156 2691 1224 2763 id
1280 2713 1550 2786 quoque
1605 2691 1984 2763 clementer
2023 2693 2378 2782 jussimus.
2436 2703 2507 2764 ut
2560 2692 3025 2784 Commissarij
3090 2716 3183 2765 ex
3235 2692 3438 2763 Parte
3495 2690 3806 2763 Cancel-

477 2795 693 2866 lariae
745 2795 1583 2866 Bobemico-Austriacae
1653 2794 1947 2865 Aulicae
2006 2796 2431 2884 exmittendi,
2501 2794 2753 2867 Urbem
2811 2807 2879 2867 et
2930 2796 3204 2868 Portum
3258 2794 3802 2882 Fluminensem‚

481 2918 860 2991 omnesque
925 2896 1126 2987 hujus
1180 2896 1522 2969 Littoralis
1593 2896 2176 2991 Appertinentias‚
2247 2897 2815 2992 quemadmodum
2889 2902 3092 2970 etiam
3163 2898 3470 2992 reliquae
3525 2898 3618 2968 ad
3673 2898 3806 2970 Di-

479 3001 783 3071 strictum
837 2998 1016 3070 hunc
1069 2999 1513 3094 applicandae
1566 2998 1807 3072 Partes
1860 3022 1988 3094 per
2038 3003 2580 3095 respectivarum
2635 3000 3188 3074 Jurisdictionum
3246 2998 3806 3084 commissarios,

478 3105 547 3172 in
606 3098 1061 3173 Cohaerentia
1142 3102 1494 3194 Beniguae
1572 3101 1872 3175 Nostrae
1951 3102 2422 3176 Resolutionis
2503 3103 3053 3195 resignabuntur,
3136 3101 3654 3193 Commissarijs
3720 3125 3808 3173 ex

478 3213 675 3299 parte
728 3203 1231 3304 Jurisdictionis
1282 3205 1745 3297 Hungaricae,
1809 3208 2164 3298 signanter
2217 3216 2444 3277 autem
2501 3230 2592 3277 ex
2648 3207 2924 3277 Gremio
2982 3205 3264 3279 Consilii
3315 3205 3549 3278 Nostri
3609 3205 3811 3299 Regii

482 3303 782 3378 Croatici
834 3307 1298 3398 amittendis,
1352 3330 1437 3379 ac
1488 3312 1558 3379 in
1612 3310 1848 3403 specie
1902 3329 2028 3403 per
2078 3306 2226 3381 Nos
2280 3313 2348 3379 in
2397 3308 2722 3381 Personis
2797 3307 3081 3380 Comitis
3155 3308 3482 3402 Stephani
3536 3306 3808 3401 Niezky

482 3418 555 3481 et
603 3406 870 3501 Nicolaj
946 3410 1278 3482 Skerlecz
1352 3410 1728 3483 clementer
1796 3414 2190 3501 nominatis,
2261 3415 2330 3483 in
2387 3415 2774 3505 praesentia
2828 3414 3041 3506 ipsius
3113 3414 3318 3482 etiam
3389 3410 3808 3483 denominati

483 3510 977 3585 Gubernatoris
1054 3513 1509 3585 Fluminensis
1564 3517 1631 3585 in
1687 3516 2006 3601 termino„
2062 3535 2142 3588 se
2197 3516 2373 3585 inter
2426 3524 2496 3586 et
2552 3513 3092 3585 Gubernatorem
3146 3512 3470 3586 Nostrum
3535 3513 3806 3584 Flumi-

478 3635 796 3704 nensem,
850 3638 983 3688 nec
1033 3638 1172 3689 non
1231 3612 1601 3689 Consilium
1655 3615 1946 3709 Regium
2007 3614 2396 3688 Croaticum
2452 3617 2945 3706 concertando,
3000 3619 3456 3709 resignarent.

790 3786 905 3857 Ad
956 3786 1137 3859 hunc
1192 3809 1363 3860 vero
1436 3790 1656 3881 ipsum
1727 3783 1933 3858 finem
1991 3797 2059 3859 et
2113 3809 2426 3882 scopum,
2497 3787 3002 3861 incrementum
3053 3785 3384 3860 videlicet
3435 3791 3503 3858 iu
3559 3786 3805 3880 Regno

480 3887 877 3983 Hungariae
923 3898 994 3961 et
1028 3888 1336 3962 Partibus
1391 3887 1631 3961 Eidem
1688 3887 1980 3963 adnexis
2035 3888 2473 3980 commercii,
2527 3892 2594 3962 id
2632 3895 2885 3986 pariter
2938 3891 3317 3962 clementer
3368 3889 3806 3962 decrevimus

482 4000 686 4087 atque
738 3991 1193 4065 resolvimus:
1249 4001 1323 4063 ut
1374 3991 1619 4065 Portus
1672 3991 2128 4066 Fluminensis
2182 3997 2355 4088 pari,
2412 4015 2543 4088 qua
2588 3994 3101 4086 Tergestiensis
3155 3996 3422 4064 ratione
3476 4001 3546 4064 et
3602 3993 3805 4065 modo

480 4103 809 4167 tractetur
890 4117 1015 4168 seu
1068 4095 1412 4166 Favorem
1483 4092 1775 4166 eundem
1849 4095 2177 4183 obtineat,
2277 4105 2347 4168 et
2400 4099 2673 4169 evectio
2748 4097 2926 4171 illius
2999 4095 3223 4168 Sortis
3294 4094 3805 4190 productorum,

483 4195 723 4292 quibus
796 4196 1111 4290 Regnum
1180 4197 1506 4271 Nostrum
1578 4196 1971 4288 Hungariae
2044 4197 2444 4287 abundaret,
2517 4220 2895 4293 quorumve
2968 4198 3336 4271 Distractio
3394 4207 3463 4270 et
3514 4196 3803 4291 Expor—

480 4304 647 4373 tatio
700 4304 768 4373 in
822 4299 1120 4373 Exteras
1186 4299 1501 4373 Ditiones
1573 4303 1868 4372 caeteris
1940 4299 2212 4374 Nostris
2281 4300 2668 4374 Provinciis
2739 4300 3232 4375 Haereditariis
3302 4304 3560 4374 nociva
3635 4300 3802 4372 baud

482 4413 701 4494 esset,
779 4425 988 4498 porro
1070 4425 1342 4499 quoque
1420 4402 1875 4496 indulgeatur,
1962 4415 2169 4497 atque
2239 4403 2374 4475 hoc
2447 4427 2657 4477 sensu
2710 4403 3203 4476 Productorum
3259 4403 3800 4495 Hungaricorum

478 4507 674 4580 Mare
721 4529 999 4594 versus,
1071 4515 1207 4578 tam
1260 4527 1387 4602 per
1438 4505 1713 4579 Portum
1767 4505 2358 4601 Tergestiensem„
2433 4528 2633 4601 quam
2685 4507 3193 4579 Fluminensem
3264 4505 3563 4579 Evectio
3633 4506 3799 4578 ultro

480 4614 689 4682 etiam
742 4609 1165 4698 admittatur3
1217 4609 1294 4681 In
1350 4613 1585 4702 specie
1640 4619 1863 4680 autem
1928 4633 1965 4680 a
2013 4608 2224 4698 Lana,
2284 4608 2818 4703 Clavellatisque
2874 4608 3259 4697 Cineribus,
3312 4610 3506 4680 velut
3560 4619 3800 4681 caete-

480 4716 722 4809 roquin
777 4713 1102 4806 vectigali
1156 4709 1475 4785 obnoxiis
1525 4710 1896 4802 Mercibus,
1966 4711 2162 4784 Taxa
2216 4715 2490 4785 nonnisi
2543 4712 2769 4784 Trium
2827 4723 2896 4784 et
2931 4715 3325 4807 respective
3377 4714 3580 4785 unius
3634 4711 3800 4784 Flo-

482 4819 636 4890 reni
685 4819 1059 4890 occasione
1105 4814 1523 4889 Invectionis
1576 4814 1886 4887 Flumine
1942 4814 2386 4910 dependatur„
2439 4818 2571 4889 nisi
2610 4819 2758 4909 quis
2797 4837 3004 4910 super
3040 4815 3377 4908 ejusmodi
3422 4818 3569 4905 Jam
3625 4814 3798 4885 facta

480 4920 927 5016 Depensione
980 4940 1105 5013 per
1155 4916 1388 4992 Essito
1432 4917 1961 5014 Expeditionem
2018 4929 2243 4992 semet
2294 4916 2708 5013 Legitimare
2778 4919 3090 4991 valuerit.
3198 4918 3354 4990 Non
3409 4915 3800 4992 absimiliter

795 5088 1198 5164 Inhibitione
1284 5091 1687 5165 Evectionis
1786 5088 2130 5164 Gallarum
2220 5093 2694 5184 quercinarum
2788 5100 2859 5162 et
2945 5089 3230 5162 Pellium
3316 5089 3793 5185 Leporinarum

484 5195 736 5270 amodo
788 5198 1228 5290 imposterum
1284 5193 1574 5282 sublata,
1645 5193 1939 5268 Evectio
2014 5193 2384 5267 earundem
2456 5216 2580 5290 per
2628 5193 2887 5267 Passus
2940 5193 3447 5266 Fluminensem
3501 5203 3572 5265 et
3620 5191 3796 5261 Ter-

484 5304 913 5393 gestiensem
988 5319 1156 5393 erga
1228 5298 1738 5395 Depensionem
1810 5297 2045 5374 Essito
2099 5297 2478 5391 Vectigalis
2559 5299 2627 5368 in
2680 5296 2776 5370 12
2830 5293 2954 5380 ³2¹2
3008 5319 3047 5369 a
3100 5294 3391 5370 Metreta
3464 5295 3791 5369 Gallamm
