3950 5917
1568 871 2013 953 xxm.

1537 1159 1745 1232 Anno
1819 1159 2055 1231 1124.

126 1420 745 1526 Stephanus,
834 1419 1328 1501 Golomani
1391 1419 1693 1526 Regis
1758 1421 2067 1526 filius,
2141 1420 2714 1528 Tragurinis
2780 1434 2873 1500 et
2932 1422 3456 1527 Spalaten-

130 1562 449 1666 sibus,
540 1561 876 1642 eadem
958 1585 1197 1664 quae
1280 1559 1569 1639 Pater
1649 1562 1859 1665 ejus
1923 1558 2536 1664 GolomanuS‚
2607 1562 3161 1665 juramento
3222 1588 3446 1666 pro.-

1651 1703 1961 1776 mittit.

446 1971 609 2064 Ego
664 1971 1049 2067 Stephanus
1103 1969 1455 2044 Colomani
1512 1971 1714 2060 filius
1766 1971 1924 2042 Rex
1973 1970 2390 2062 Hungariae,
2446 1968 2763 2043 Croatiae
2819 1980 3019 2064 atque
3071 1972 3451 2050 Dalmatiae

138 2099 309 2150 anno
368 2076 785 2148 Dominicae
841 2075 1333 2149 Incarnationis
1391 2074 1616 2165 1124
1670 2074 2047 2146 Indictione
2103 2073 2429 2162 secunda
2483 2096 2723 2146 mense
2775 2072 2983 2164 Julio.,
3036 2097 3220 2148 nono
3276 2100 3455 2151 anno

142 2180 363 2273 Regni
418 2184 592 2270 mei
652 2179 944 2252 eandem
995 2178 1377 2252 libertatem
1432 2189 1500 2251 et
1550 2201 1792 2274 pacem
1845 2201 1884 2248 a
1920 2187 2111 2273 patre
2160 2199 2317 2250 meo
2369 2175 2569 2250 vobis
2622 2177 3019 2271 Tragurinis
3074 2188 3144 2250 et
3197 2179 3454 2275 Spala-

142 2288 284 2358 tin'ss
346 2282 629 2357 ciuibus
680 2282 1069 2374 stabilitam,
1123 2306 1279 2355 cum
1327 2281 1674 2378 Episcopo
1731 2291 1801 2354 et
1852 2278 2222 2354 Comitibus
2273 2285 2337 2352 dc
2390 2281 2699 2354 omnibus
2748 2281 2974 2376 Regni
3041 2286 3179 2354 mei
3246 2283 3455 2356 Prin—

148 2388 429 2484 cipibus,
510 2385 642 2460 suh
711 2386 1023 2460 eiusdem
1065 2386 1494 2459 sacramenti
1563 2385 1978 2479 obligatione
2049 2384 2380 2457 confirmo
2433 2389 2498 2458 dc
2549 2384 2949 2459 corroboro.
3053 2384 3206 2481 Ego
3259 2386 3457 2460 Mar-

150 2493 348 2566 cellus
404 2491 916 2586 strigoniensis
968 2490 1551 2587 Archiepiseopus
1603 2489 1804 2562 laudo
1860 2494 1924 2561 dc
1978 2488 2329 2562 confirmo.
2435 2489 2591 2583 Ego
2648 2487 3024 2583 Gregorius
3080 2489 3458 2566 Baacensis

150 2597 736 2695 Archiepiscopus
817 2595 1019 2668 lando
1100 2598 1165 2667 dc
1236 2595 1584 2667 confirmo.
1690 2594 1842 2686 Ego
1923 2591 2164 2666 Simon
2243 2592 2996 2688 Quinque-Ecclesiae
3071 2592 3456 2694 Episcopus

148 2700 336 2774 laudo
393 2706 464 2774 ά
520 2699 884 2773 confirmo.
991 2698 1143 2792 Ego
1196 2695 1516 2772 Cledinus
1582 2694 1831 2771 Comes
1884 2697 2088 2770 laudo
2144 2701 2209 2770 dc
2262 2696 2612 2771 confirmo.
2716 2697 2871 2792 Ego
2925 2696 3200 2774 Marcus
3252 2700 3457 2774 laudo

148 2807 205 2875 de
269 2804 636 2878 confirmo.
744 2803 901 2896 Ego
970 2801 1369 2875 Lambertus
1450 2797 1703 2876 Comes
1792 2801 1994 2874 laudo
2063 2805 2127 2872 dc
2197 2799 2548 2875 confirmo.
2652 2800 2807 2896 Ego
2878 2801 3112 2875 Buzco
3204 2799 3457 2879 Comes

148 2907 339 2981 laudo
389 2915 458 2982 ἀ
505 2906 873 2982 confirmo.
977 2905 1129 3001 Ego
1183 2906 1507 2979 Nicolaus
1560 2905 1762 2978 laudo
1816 2909 1880 2976 dc
1932 2905 2283 2977 confirmo.
2387 2904 2540 3001 Ego
2590 2904 2893 2981 Jacobus
2949 2904 3202 2983 Comes
3247 2907 3456 2982 laudo

147 3016 207 3083 ά·
252 3014 620 3087 confirmo.
730 3011 887 3105 Ego
943 3010 1226 3105 Sergius
1282 3008 1534 3085 Comes
1584 3010 1788 3083 laudo
1844 3013 1925 3081 ἄε-
1962 3008 2313 3082 confirmo.

148 3217 311 3270 ιιι·-
344 3220 415 3272 de
456 3218 654 3287 Regno
692 3215 860 3269 Dalm.
900 3223 951 3267 et
987 3212 1154 3268 Croat.
1192 3214 1300 3266 Lib.
1336 3212 1416 3264 m.
1454 3211 1577 3281 Cap.
1612 3212 1693 3265 lv,

1603 3799 2016 3885 xm.

1056 4092 1261 4164 Anno
1319 4089 1550 4161 1143.
1648 4090 1762 4162 die
1823 4088 1895 4161 3.
1957 4091 2165 4181 Maji.
2262 4088 2562 4184 Spatana

146 4355 1162 4461 Geisa,1{ungariae,
1229 4351 1689 4433 Croatiae
1753 4362 1845 4430 et
1904 4351 2446 4431 Dalmatiae
2507 4349 2745 4454 Rex,
2810 4356 3457 4433 iuramentum

148 4495 671 4576 Golomani
736 4491 1081 4596 RegiS,
1157 4491 1736 4571 civitatibus
1802 4488 2274 4570 Croatiae
2340 4490 2411 4568 61
2471 4489 3005 4569 Dalmatiae
3069 4490 3460 4648 factum3

1598 4640 2037 4708 renovat.

465 4906 677 4978 Anno
709 4903 1111 4976 Dominicae
1136 4902 1628 4977 Incarnationis
1684 4899 1885 4973 1143
1937 4900 2312 4973 Indicticne
2366 4901 2437 4973 5.
2464 4898 2724 4994 Epacta
2778 4899 2900 4973 22.
2930 4902 3352 4976 currentibus
3407 4900 3458 4975 3

158 5013 420 5084 nensis
449 5008 638 5100 maii,
693 5028 875 5080 anno
931 5006 1233 5080 secundo
1259 5005 1485 5101 Regni
1519 5007 1676 5077 mei.
1753 5004 1908 5097 Ego
1940 5002 2171 5100 Geysa
2201 5003 2358 5075 Rex
2383 5001 2798 5098 Hungariae‚
2856 5002 3217 5081 Chroatiae
3255 5015 3458 5100 atque

154 5113 537 5188 Dalmatiae
581 5114 745 5205 juro
800 5133 1007 5208 snper
1057 5121 1361 5186 sanctam
1401 5108 1691 5182 Crucem
1714 5112 1721 5119 ’
1743 5109 1930 5182 urhis
1967 5107 2394 5204 spalatensis
2428 5106 2849 5205 Principibus
2901 5109 3161 5185 firmam
3213 5131 3458 5205 pacem

158 5227 225 5288 et
254 5218 682 5304 libertatem3
730 5214 896 5287 mihi
945 5238 1214 5311 quoque
1250 5223 1319 5288 et
1354 5213 1874 5289 successoribus
1906 5217 2084 5285 meis
2135 5210 2490 5303 tributarii,
2544 5223 2659 5286 aut
2710 5217 3075 5306 angariarii
3125 5235 3216 5285 ne
3261 5216 3454 5304 sitis3

160 5320 572 5419 Episcopum
652 5341 830 5392 vero
885 5329 1000 5393 aut
1051 5317 1408 5408 Comitem,
1483 5340 1683 5414 quem
1754 5312 1995 5390 Clerus
2048 5326 2163 5390 ant
2235 5317 2523 5412 populus
2593 5318 2907 5412 elegerit,
2986 5314 3456 5408 confirmabo;

166 5435 231 5496 et
274 5427 436 5522 lege
491 5427 865 5522 antiquitus
915 5426 1276 5499 constituta
1330 5444 1483 5496 cum
1535 5430 1774 5498 vestro
1825 5419 2069 5495 Judice
2119 5423 2219 5495 nti
2270 5425 2624 5518 permitam
2691 5441 2865 5496 vos:
2944 5420 3230 5495 Praeter
3271 5422 3464 5519 quod.
