3950 5917
530 449 630 522 28

537 659 728 751 scopi
777 665 847 726 et
874 653 1231 727 Generalis
1281 653 1555 726 Domini
1604 650 1820 747 Regis
1849 649 2072 726 Gurie.
2142 653 2228 724 Et
2278 662 2353 725 ut
2402 653 2536 725 hoc
2586 653 3009 749 priuilegium
3089 663 3407 726 statutum
3459 663 3529 727 et
3581 653 3810 728 stabile

534 767 865 857 perpetuo
919 767 1192 830 maneat
1241 767 1480 830 nostro
1533 755 1840 831 iubemus
1896 758 2120 851 sigillo
2171 760 2457 853 imprimi
2511 765 2711 852 atque
2763 756 3093 830 roborari.

526 935 674 1002 Ruic,
711 952 777 990 ex
810 936 1111 989 sanctuario
1145 933 1391 988 Arbensis
1425 934 1709 1001 Ecclesiae,
1743 936 1797 986 in
1831 951 1926 987 suo
1963 947 2154 1003 opere:
2192 932 2478 987 Riflessioni
2510 933 2733 987 storiche
2768 950 2919 1003 sopra
2955 933 3006 988 la
3024 935 3145 987 ciui
3168 942 3222 987 et
3252 933 3382 988 isola
3403 933 3455 985 di
3485 933 3644 1005 Pago.
3681 933 3812 989 MSG.

837 1027 882 1074 α’.
916 1022 1099 1075 Lucius
1135 1021 1201 1074 de
1237 1021 1421 1091 Regno
1455 1021 1621 1075 Dalm.
1669 1025 1714 1073 ec
1751 1019 1921 1073 Croat.
1956 1020 2063 1071 Lib.
2098 1019 2181 1072 m.
2218 1037 2330 1089 cap.
2366 1020 2448 1073 lv,

1986 1581 2374 1665 xxn.

1891 1872 2097 1943 Anno
2165 1869 2402 1944 1118.

521 2135 1048 2215 Ordelafus
1110 2133 1625 2238 FaledruS,
1685 2132 2303 2213 venetiarum
2365 2132 2603 2238 Dux,
2666 2159 2768 2213 se
2832 2133 3328 2214 Arbenses
3393 2138 3596 2213 suis
3666 2159 3817 2213 an-

520 2273 821 2379 ti'quis
886 2272 1517 2351 libertatibus
1580 2298 1685 2350 ac
1748 2271 2661 2377 consvetudinibuS,
2725 2285 3005 2377 prout
3064 2277 3183 2351 iis
3230 2272 3817 2352 Colomanus

998 2408 1195 2489 Rex
1257 2410 1957 2514 spoponderat,
2023 2421 2506 2488 recturum
2569 2434 2789 2491 esse
2854 2415 3346 2517 promittit.

828 2683 1035 2756 Anno
1074 2682 1413 2755 dominice
1446 2684 1930 2754 incarnationis
1964 2680 2332 2754 Millesimo
2387 2686 2765 2756 centesimo
2800 2682 3067 2756 decimo
3104 2692 3375 2757 octauo.
3445 2682 3817 2756 Indictione

514 2785 905 2876 undecima,
961 2795 1201 2882 epacta
1226 2786 1456 2858 XXVI
1484 2796 1788 2859 curente.
1839 2785 1986 2860 Nos
2019 2808 2313 2881 namque
2366 2784 2676 2860 arbensis
2729 2786 3003 2874 PauluS„
3059 2790 3424 2883 episcopus
3462 2798 3532 2860 et
3574 2787 3820 2860 Oriens

522 2912 787 2980 comes,
840 2913 923 2962 ac
976 2900 1117 2962 tota
1172 2893 1575 2980 comunitas„
1648 2889 2190 2963 recordationem
2246 2893 2550 2964 ueritatis
2605 2901 2674 2963 et
2726 2893 3140 2964 certitudinis
3213 2892 3516 2966 facimus.
3568 2894 3825 2965 nostris

523 2992 1045 3072 successorihus
1115 2993 1481 3066 heredibus
1553 2994 2057 3066 dimittendam:
2166 2993 2470 3080 Qualiter
2539 2995 2899 3069 Ordilaffus
2962 2995 3290 3068 Faledrus
3361 2996 3520 3067 Dux
3571 2995 3825 3068 Vene-

510 3101 762 3171 ‘tiarum
850 3095 1047 3170 nobis
1136 3101 1381 3170 iurauit
1467 3100 1610 3170 suis
1700 3121 1853 3169 cum
1922 3096 2260 3170 nobilibus
2337 3099 2604 3170 Joanne
2674 3099 2913 3194 Tyano
3003 3101 3369 3194 caprulano
3463 3103 3823 3195 episcopo,

515 3202 879 3276 Dominico
927 3202 1202 3298 pulano‚
1257 3203 1619 3274 Dominico
1672 3201 2034 3290 Michaele„
2105 3202 2463 3275 Dominico
2534 3201 2980 3292 Mauroceno‚
3061 3204 3409 3298 Raynerio
3481 3202 3825 3275 Michaele

517 3316 603 3379 et·
639 3303 904 3378 Marino
973 3305 1447 3399 Longoferaro
1512 3314 1581 3378 et
1654 3327 1809 3377 cum
1860 3305 2156 3400 pluribus
2212 3306 2385 3378 aliis.
2455 3306 2818 3380 Predictus‘
2875 3307 3034 3378 Dux
3104 3329 3229 3380 suo
3303 3330 3455 3379 cum
3510 3309 3831 3379 exercitu

510 3408 657 3481 ibat
704 3409 1007 3500 satiram„
1063 3420 1135 3481 et
1182 3432 1325 3482 nos·
1368 3413 1670 3482 misimus
1722 3409 2014 3481 Vitazan
2067 3420 2135 3481 et
2185 3408 2480 3481 Madium
2505 3409 2703 3504 Rege
2757 3410 2987 3500 filium„
3042 3409 3396 3503 diacones,
3451 3410 3538 3483 ad
3591 3410 3828 3484 domi-

514 3535 677 3586 num
729 3511 991 3585 Ducem
1045 3523 1116 3585 et
1168 3513 1253 3585 ad
1309 3517 1687 3586 exercitum
1742 3515 1890 3585 eius
1945 3512 2282 3586 dicentes:
2361 3515 2677 3587 volumus
2733 3513 3028 3587 dominio
3101 3525 3341 3589 vestro
3411 3514 3710 3589 subesse
3765 3523 3832 3585 et

518 3621 578 3693 si
631 3616 1019 3690 Jadrenses·
1060 3618 1401 3689 noluerint
1451 3617 1564 3690 vel
1620 3638 1760 3687 non
1810 3619 2175 3712 potuerint,
2250 3620 2310 3688 si
2362 3618 2729 3690 uoluntatis
2798 3628 3032 3690 uestre
3104 3630 3235 3708 est‚
3307 3641 3437 3692 nos
3496 3628 3832 3715 perpetuo

508 3723 815 3793 retinere
851 3724 919 3793 in
959 3720 1478 3807 consuetudine,
1534 3729 1710 3793 statu
1747 3729 1819 3792 et
1851 3718 2163 3791 libertate
2215 3728 2401 3792 terre
2441 3731 2701 3811 nostre,
2757 3732 2826 3794 et
2859 3725 3166 3818 promisit
3219 3726 3332 3794 eis,
3375 3722 3514 3796 dux
3565 3733 3836 3795 tenere.

504 3825 602 3896 ‘Et
651 3827 895 3897 iterum
962 3834 1298 3896 uenerunt
1362 3822 1653 3914 Album,
1725 3831 1805 3894 et.
1848 3825 1996 3919 ipse
2052 3822 2190 3895 dux
2245 3845 2401 3896 cum
2471 3829 2946 3922 suprascriptis
3019 3825 3352 3899 nobilibus
3408 3827 3545 3899 hoc
3613 3824 3832 3900 modo

508 3932 802 4001 iurauit:
881 3919 1195 4002 Juramus
1263 3927 1464 4001 uobis
1534 3926 1936 4001 arbensibus
2007 3937 2078 4000 et
2135 3930 2385 4002 uestris
2453 3929 2818 4005 heredibus
2891 3930 3409 4006 successoribus
3479 3941 3822 4027 perpetuo

500 4042 814 4106 'uestram
869 4031 1429 4106 consuetudinem
1482 4042 1555 4104 et
1596 4041 1842 4105 statum
1893 4041 2221 4122 uestrum,
2276 4041 2347 4105 et
2378 4031 2758 4107 libertatem
2810 4044 2994 4107 terre
3046 4044 3303 4124 nostre„
3357 4044 3832 4131 potestatem-

500 4159 681 4231 que,
753 4139 951 4231 q‘uam
1015 4139 1374 4231 antiquitus
1441 4136 1660 4209 dicitis
1713 4134 2037 4211 babuisse
2107 4135 2229 4209 sub
2300 4136 2718 4234 Imperatore
2789 4140 3517 4235 constantinopolitano
3572 4149 3650 4212 et
3708 4139 3838 4214 sub

516 4239 717 4334 Rege
788 4239 1248 4334 Vngarorum‚
1327 4241 1674 4336 presulem
1742 4239 1941 4314 uobis
2015 4240 2337 4335 elligendi
2405 4252 2476 4313 et
2542 4245 2886 4334 comitem,
2968 4242 3480 4316 confirmatione
3553 4246 3842 4316 comitis

514 4343 717 4418 nobis
754 4354 1136 4434 reservata,
1192 4352 1563 4439 nostreque
1600 4346 1815 4436 curie7
1867 4343 2096 4417 taliter
2145 4349 2423 4441 insuper
2464 4367 2598 4419 vos
2649 4369 2950 4442 reggere
3000 4356 3071 4419 et
3102 4356 3574 4439 manutenere,
3631 4350 3843 4422 sicuti

516 4469 721 4518 unam
783 4469 885 4520 ex
927 4451 1181 4522 nostris
1235 4450 1376 4529 oris
1437 4448 1732 4537 riuoalti,
1805 4456 1873 4520 et
1918 4450 2117 4521 sicuti
2159 4449 2360 4523 uobis
2401 4449 2798 4526 Dalmatinis
2845 4447 3256 4525 Golomanus
3307 4451 3466 4525 Rex
3517 4451 3845 4546 Vngui-ie

514 4545 766 4625 iuravit
817 4553 959 4625 suis
1013 4574 1165 4625 cum
1220 4552 1780 4648 archiepiscopis,
1850 4553 2193 4648 episcopis
2247 4561 2318 4624 et
2363 4553 2743 4646 comitibus,
2822 4565 2897 4627 ut
2943 4558 3017 4629 in
3065 4554 3405 4628 breuiario
3459 4555 3577 4628 illo
3637 4578 3837 4630 con-

517 4656 789 4725 tinetur.
842 4653 1095 4729 Actum
1146 4665 1255 4730 est
1304 4657 1439 4730 hoc
1489 4659 1559 4727 in
1609 4653 1919 4729 arbensis
1991 4655 2293 4731 ecclesie
2366 4661 2536 4732 atrio
2590 4660 2662 4732 in
2714 4669 3022 4756 tempore
3091 4659 3337 4757 prefati
3409 4659 3717 4756 presulis
3777 4672 3850 4733 et

520 4759 790 4831 comitis
840 4761 983 4832 vita
1034 4758 1240 4832 felici.

517 4934 933 5005 Trai-asumptum
964 4937 1019 4988 in
1055 4935 1354 4991 membrana
1386 4938 1440 4990 in
1474 4936 1721 4992 Arcbivio
1758 4935 2145 4992 communitatis
2177 4937 2440 5007 Athenas,
2480 4951 2533 4995 et
2570 4943 2624 4994 in
2661 4941 2802 4995 libris
2839 4941 3104 4996 Paetorum
3141 4942 3475 5014 Reipublicae
3493 4943 3853 4999 Venetiam-1

836 5028 1169 5075 asservatum.
