3950 5917
468 425 589 510 G}

468 640 785 715 strictum
839 632 1149 732 Chetyne
1228 658 1384 709 cum
1461 632 1774 710 omuibus
1855 637 1998 709 suis
2077 637 2472 733 pertinecijs
2525 658 2568 708 a
2637 645 2872 710 nostra
2947 636 3172 731 Regia
3250 636 3635 711 collacione
3715 645 3804 712 et

466 748 715 815 nostre
767 742 1180 836 prouisionis
1233 738 1417 813 dono
1485 738 1996 813 racionabiliter
2063 749 2557 815 conseruasset
2609 749 2682 812 et
2723 763 2906 814 nunc
2985 748 3458 832 conseruaret,
3537 744 3794 835 vigore

473 844 922 942 priuilegialis
969 844 1194 917 littere
1240 852 1481 916 nostre
1535 843 1902 933 mediante,
1984 852 2054 918 et
2103 842 2198 918 ad
2248 865 2334 920 ea
2386 842 2966 920 corroborandum
3017 854 3097 918 vt
3173 844 3392 919 dictus
3445 844 3794 921 districtus

474 946 793 1044 Chetyne
848 969 1128 1045 semper
1179 945 1266 1019 de
1311 948 1469 1039 jure
1523 956 1593 1020 et
1642 947 1973 1042 legittime
2026 946 2248 1041 Regie
2301 948 2666 1021 collacioni
2742 952 3164 1043 pertinuerit,
3244 970 3510 1043 uosque
3561 953 3794 1046 ipsum

466 1060 817 1148 tamquam
867 1061 1107 1126 nostre
1161 1050 1508 1124 collationi
1583 1054 2034 1147 pertinentem
2105 1061 2177 1124 et
2229 1052 2394 1124 nulli
2472 1052 2665 1125 alteri
2742 1050 3132 1142 debentem,
3199 1051 3328 1127 sibi
3390 1057 3572 1127 iusto
3612 1056 3798 1146 juris

464 1157 667 1229 titulo
723 1153 1046 1229 conferre
1099 1154 1604 1228 valluissemus.
1683 1152 1942 1227 Ibidem
1997 1163 2067 1229 et
2112 1159 2387 1230 instanti
2441 1154 2778 1251 quoddam
2828 1157 3252 1252 priuilegium
3308 1157 3466 1229 olim
3519 1155 3799 1230 Excel-

468 1261 680 1334 lentis
732 1262 1054 1356 principis
1107 1258 1361 1331 domini
1412 1258 1719 1332 Andre
1740 1281 1782 1331 e
1834 1257 2053 1352 Regis
2103 1259 2454 1353 Hungarie
2474 1312 2498 1351 ,
2570 1258 2823 1333 atthaui
2878 1263 3096 1333 nostri
3169 1258 3513 1334 karissimi
3563 1259 3798 1334 felicis

468 1362 1033 1456 recordacionis,
1110 1362 1243 1446 de·
1297 1385 1528 1436 anno
1580 1359 1715 1436 M0.
1770 1357 1944 1438 (30⁰.
1997 1358 2126 1434 ΧΨ.
2182 1362 2404 1458 conf
2415 1373 2726 1456 ectum·
2762 1372 2834 1438 et
2886 1373 3267 1462 emanatum
3346 1363 3797 1442 exhibuisset.

466 1466 551 1540 In
606 1489 740 1563 quo
794 1471 972 1550 inter
1022 1466 1154 1539 alia
1236 1488 1572 1563 expresse
1651 1472 2073 1562 reperissent
2149 1470 2526 1558 contineri3
2605 1466 2786 1562 quod
2838 1465 3021 1542 idem
3101 1466 3412 1548 dominus
3464 1467 3794 1543 Andreas

468 1571 632 1644 Rex
682 1593 808 1669 pro
863 1569 1320 1667 multiplicium
1376 1581 1445 1643 et
1498 1571 1920 1645 diuersorum
2004 1574 2452 1645 seruiciorum
2503 1572 2831 1667 preclaris
2905 1565 3162 1645 meritis
3216 1570 3555 1667 quondam
3606 1572 3668 1645 D
3691 1595 3792 1645 o-

467 1669 785 1773 maldy'
831 1674 1217 1748 Comitis
1272 1674 1374 1747 de
1427 1667 1854 1748 Scibin'ik
1894 1675 2054 1767 'fillij
2105 1669 2508 1766 Saracheni,
2561 1673 2898 1770 quandam
2949 1685 3204 1747 terram
3253 1679 3532 1748 nomine
3567 1673 3802 1749 Che-

464 1788 694 1876 tyna
778 1788 847 1852 et
916 1780 1158 1876 Tryl,
1239 1801 1394 1851 cum
1448 1778 1759 1853 omnibus
1816 1784 1956 1854 suis
2011 1781 2480 1874 pertinencijs,
2533 1778 2757 1854 cidem
2827 1782 3057 1852 comiti
3107 1778 3446 1852 Domaldo
3524 1788 3595 1851 et
3645 1782 3797 1853 suis

476 1881 849 1958 heredibus
901 1893 1234 1979 perpetuo
1315 1882 1623 1956 dedisset
1674 1894 1747 1955 et
1797 1883 2152 1974 donasset,
2233 1892 2305 1955 et
2355 1881 2649 1955 eundem
2718 1886 2788 1955 in
2838 1886 3051 1979 ipsius
3104 1892 3289 1956 terre
3339 1886 3802 1980 possessione

476 2009 610 2063 seu
666 1987 1032 2061 dominium
1112 2009 1240 2083 per
1289 1985 1700 2059 Vlricum
1753 1987 2357 2061 Teutonicum
2424 1996 2494 2057 et
2547 1985 3135 2081 Sclouignam
3203 1986 3571 2083 pristaldos
3624 2008 3802 2063 suos

469 2090 765 2165 fecisset
839 2090 1197 2164 introduci.
1275 2088 1353 2162 In
1433 2113 1718 2186 quorum
1800 2094 2213 2165 contrarium
2288 2088 2600 2186 prelibati
2661 2090 2881 2183 Iwan,
2960 2089 3313 2165 Lacbkow
3386 2100 3458 2163 et
3515 2090 3799 2165 Tuerko

471 2195 938 2289 allegassent:
1042 2193 1223 2290 quod
1290 2216 1400 2290 pp.
1457 2195 1576 2287 (?)
1648 2198 1779 2290 ipsi
1848 2197 1982 2268 alia
2051 2194 2405 2294 priuilegia
2475 2202 2547 2266 et
2595 2195 2856 2267 h‘tteras
2936 2194 3244 2267 eiusdem
3324 2194 3578 2267 domini
3627 2195 3803 2269 An-

470 2298 647 2372 dree
714 2299 932 2393 Regis
1010 2302 1080 2370 in
1154 2297 1340 2371 facto
1421 2298 1604 2370 dicte
1685 2295 2094 2371 Chetene
2176 2300 2388 2389 (sic),
2441 2298 2616 2371 tales
2697 2320 2830 2395 que
2906 2308 3282 2394 pretactum
3358 2299 3799 2395 priuilegium

466 2424 602 2500 per
652 2406 871 2498 ipsum
929 2406 1253 2475 comitem
1300 2401 1494 2474 Iwan
1548 2400 1944 2493 exhibitum,
2001 2410 2454 2476 reuocassent
2507 2411 2605 2475 et·
2627 2400 3144 2500 inualidassent,
3197 2401 3572 2474 habuerint.
3638 2403 3800 2474 Ta-

473 2529 637 2579 men
688 2506 870 2579 idem
925 2503 1179 2578 Comes
1227 2506 1418 2578 lwan
1475 2527 1601 2579 eos
1672 2506 2080 2602 captiuando
2155 2508 2303 2601 ipsa
2381 2506 2737 2600 priuilegia
2810 2515 2881 2578 et
2930 2505 3191 2579 litteras
3243 2527 3448 2578 mauu
3498 2506 3794 2580 violenti

472 2609 566 2682 ab
622 2610 884 2683 eisdem
938 2609 1354 2698 abstulisset,
1420 2619 1490 2681 et
1541 2609 1674 2681 boc
1728 2612 2255 2683 conscienciose
2309 2612 2723 2683 attestationi
2764 2609 3191 2684 sulummodo
3232 2631 3364 2684 sex
3407 2613 3797 2702 juratorum

472 2736 604 2811 per
680 2718 869 2811 ipsos
948 2712 1511 2786 nominandorum
1591 2711 2035 2788 submiterent
2110 2715 2628 2805 incunctanter3
2706 2714 2793 2786 ad
2847 2738 2979 2809 que
3031 2714 3214 2787 idem
3264 2714 3515 2788 Comes
3592 2715 3796 2787 Iwan

464 2822 552 2892 in
606 2820 1022 2890 contrarium
1070 2815 1469 2908 obiecisset,
1550 2819 1733 2913 quod
1785 2821 1947 2892 licet
2014 2820 2165 2915 ipse
2215 2818 2521 2913 prefatos
2598 2818 2818 2909 Iwan,
2872 2817 3178 2892 Lackow
3232 2828 3302 2891 et
3348 2819 3616 2893 Tuerco
3669 2840 3806 2915 pro

476 2925 789 3019 ipsorum
847 2945 1098 2997 census
1151 2945 1290 3006 non
1345 2924 1704 2996 solucione
1785 2931 1856 2995 et
1904 2926 2183 3015 servicij
2241 2921 2663 2997 obmissione
2736 2922 2986 2998 dudum
3035 2924 3395 2996 detinuerit
3450 2933 3521 2996 et
3571 2926 3808 3018 capti·-

478 3029 791 3115 uauerit,
868 3037 1095 3099 tamen
1176 3027 1357 3099 nulla
1438 3030 1881 3099 instrumenta
1963 3036 2035 3098 et
2110 3027 2467 3122 priuilegia
2541 3026 2623 3099 ab
2694 3030 2862 3123 ipsis
2933 3025 3329 3101 abstulisset
3389 3049 3521 3099 nec
3575 3027 3808 3122 aliqua

480 3131 815 3202 litteraria
869 3134 1280 3202 munimenta
1336 3133 1526 3225 ipsos
1579 3129 1902 3204 habuisse
1958 3133 2303 3220 sciuisset,
2356 3130 2473 3202 uel
2523 3129 2921 3222 audiuisset,
2976 3134 3212 3225 sicque
3264 3134 3334 3202 in
3384 3131 3580 3203 totali
3625 3153 3809 3227 pre-

476 3238 695 3308 missa
752 3236 1038 3307 accione
1094 3232 1490 3307 eorumdem
1538 3238 1873 3308 innocens
1928 3244 2120 3308 esset
2169 3238 2438 3331 penitus
2493 3243 2564 3305 et
2613 3238 2949 3308 immunis.
3011 3234 3100 3306 Et
3151 3257 3305 3306 cum
3358 3233 3600 3306 eadem
3654 3257 3806 3328 ge-

475 3342 693 3410 nitrix
744 3348 982 3412 nostra
1038 3361 1121 3411 ac
1175 3340 1335 3411 dicti
1413 3339 1656 3435 prelati
1713 3348 1783 3411 et
1832 3339 2145 3411 Barones
2215 3341 2433 3413 nostri
2509 3342 2797 3433 partium
2875 3338 3332 3433 predictarum
3411 3338 3808 3412 huiusmodi

476 3441 1080 3538 proposicionibus
1136 3450 1206 3516 et
1258 3442 1615 3516 obiectiuis
1698 3442 2237 3536 allegacionihus
2314 3445 2658 3538 perceptis
2730 3450 2801 3513 et
2851 3441 3094 3516 auditis
3146 3445 3494 3536 viginti
3571 3442 3806 3516 duos

466 3549 850 3638 juratos
906 3568 1029 3642 pro
1086 3547 1510 3642 exequendis
1556 3545 1823 3639 juribus
1877 3550 2133 3619 nostris
2202 3544 2551 3639 regalibus
2604 3548 2674 3617 in
2742 3545 2989 3637 Regno
3046 3545 3439 3618 Croacie
3489 3568 3615 3643 per
3665 3567 3807 3619 nos

476 3649 869 3747 deputatos,
924 3673 1208 3745 quorum
1254 3649 1763 3725 assercionibus
1806 3650 2050 3722 eedem
2102 3660 2333 3746 partes
2389 3672 2467 3723 se
2523 3649 2814 3721 finaliter
2842 3659 3217 3744 spontanea
3274 3672 3507 3723 eorum
3566 3649 3807 3721 obmi—

478 3763 719 3828 seraut
769 3754 1147 3839 voluntate,
1202 3757 1270 3826 in
1325 3777 1456 3842 eo,
1533 3763 1613 3828 vt
1664 3747 1880 3848 qualis
1932 3756 2101 3848 ipsis
2155 3754 2241 3825 de
2296 3751 2606 3826 omnibus
2682 3757 3037 3848 premissis
3094 3764 3164 3826 et
3216 3777 3454 3827 eorum
3507 3753 3802 3847 singulis

466 3862 794 3932 ‘veritatis
867 3867 1214 3930 constaret
1268 3855 1628 3948 certitudo,
1700 3880 1854 3929 eam
1909 3860 2435 3930 conscienciose
2490 3855 2614 3929 sub
2667 3860 2930 3953 prestiti
2959 3861 3326 3949 juramenti
3371 3857 3590 3931 forma
3625 3861 3806 3953 ipsis
3947 3855 3950 3862 ⁴

480 3961 920 4056 indagarent,
974 3964 1341 4057 requisitos
1393 3958 1815 4052 habuissent,
1887 3960 2096 4053 ijdem
2148 3964 2390 4055 viginti
2444 3959 2578 4034 duo
2641 3964 2873 4052 jurati,
2945 3962 3172 4035 habito
3224 3966 3411 4058 prius
3488 3966 3668 4035 inter
3723 3984 3812 4035 se
3947 4029 3950 4072 ἱ

478 4066 795 4160 diligenti
876 4069 1201 4140 scrutinio
1285 4074 1355 4138 et
1422 4075 1747 4157 tractato,
1838 4066 2034 4159 parili
2112 4074 2280 4139 voto
2361 4075 2432 4137 et
2506 4088 2689 4138 voce
2760 4088 3067 4139 consona
3147 4070 3448 4162 ipsorum
3525 4069 3812 4138 nemine

472 4170 920 4266 discrepante
976 4169 1060 4243 ad
1115 4191 1351 4242 eorum
1406 4167 1609 4241 fidem
1665 4169 1798 4243 deo
1854 4169 2152 4242 debitam
2205 4181 2276 4242 et
2328 4169 2721 4242 fidelitatem
2785 4192 2986 4244 sacre
3041 4192 3300 4242 corone
3354 4179 3590 4243 nostre
3641 4168 3836 4241 lte--

484 4279 603 4368 gie
660 4298 745 4345 ac
815 4271 1012 4348 nobis
1096 4271 1624 4365 obseruandam,
1705 4277 2094 4347 extitissent
2168 4277 2502 4346 attestati:
2585 4272 2785 4360 Quod
2865 4272 3043 4345 idem
3097 4274 3317 4364 Iwan,
3396 4270 3675 4346 Lachko
3731 4284 3814 4346 et
3947 4349 3950 4370 Α

476 4376 761 4450 Tuerko
791 4401 873 4449 ac
904 4400 1141 4452 eorum
1169 4377 1736 4473 predecessoreS,
1760 4377 1855 4449 ‘de
1883 4377 2222 4450 nobilibus
2260 4376 2300 4448 d
2322 4400 2365 4448 u
2385 4398 2427 4448 o
2449 4377 2490 4447 d
2512 4399 2553 4448 e
2573 4401 2612 4449 c
2631 4381 2739 4449 im
2775 4399 2823 4471 g
2842 4400 2882 4450 e
2900 4401 2947 4451 n
2967 4401 3008 4450 e
3025 4401 3063 4449 r
3081 4381 3267 4450 atio
3287 4400 3333 4451 n
3350 4402 3394 4450 u
3414 4399 3480 4448 m
3533 4400 3570 4449 r
3589 4401 3629 4450 e
3649 4398 3700 4470 g
3717 4399 3764 4448 n
3786 4381 3816 4451 i

478 4479 883 4554 croacie
965 4492 1181 4555 ortum
1240 4492 1309 4553 et
1388 4484 1724 4574 originem
1777 4501 1916 4552 non
1999 4480 2424 4570 habuissent,
2502 4502 2637 4553 nec
2690 4480 3046 4573 baberent,
3126 4483 3250 4556 sed
3327 4481 3507 4554 bene
3557 4503 3818 4555 verum
3947 4563 3950 4596 4

488 4583 705 4674 foret,
759 4594 837 4658 vt
889 4588 1017 4680 ipsi
1070 4595 1141 4657 et
1191 4590 1605 4659 vniuersitas
1657 4582 1983 4657 nobilium
2033 4584 2260 4677 Regni
2314 4581 2605 4657 Croacie
2659 4585 3010 4681 sepefatos
3054 4586 3274 4677 lwan,
3328 4585 3557 4657 Lacko
3613 4587 3814 4678 (sic)
3947 4667 3950 4680 A

474 4697 559 4758 et
610 4688 667 4758 T
670 4687 913 4779 uerko,
965 4692 1034 4761 in
1089 4711 1176 4760 eo
1230 4691 1416 4778 loco,
1471 4710 1603 4782 quo
1658 4686 2114 4760 residenciam
2169 4688 2502 4762 fecissent
2551 4691 3013 4783 personalem,
3068 4711 3342 4784 semper
3392 4711 3681 4762 numero
3737 4699 3822 4762 et

480 4794 768 4865 nomine
822 4791 1144 4863 nobilium
1201 4801 1738 4865 conseruassent
1789 4801 1860 4863 et
1910 4802 2363 4888 reputassent.
2471 4790 2612 4867 Sed
2668 4794 2849 4888 quod
2902 4793 3106 4865 iidem
3172 4795 3391 4888 aliqua
3447 4794 3820 4888 priuilegia

484 4905 564 4967 et
614 4898 1059 4968 instrumenta
1114 4900 1183 4968 in
1237 4895 1422 4969 facto
1479 4896 1659 4968 dicte
1716 4894 2027 4993 Chetyne
2079 4896 2460 4987 habuerint,
2513 4897 2632 4970 vel
2686 4897 2864 4993 quod
2917 4902 3067 4992 ipse
3124 4895 3375 4970 Comes
3427 4898 3621 4969 lwan
3676 4917 3816 4992 pro

483 5004 660 5096 ipsis
711 5000 1181 5072 Instrumentis
1238 5003 1427 5096 ipsos
1502 5003 1950 5096 captiuaverit
2031 5010 2099 5072 et
2153 5000 2237 5072 ab
2294 5001 2552 5074 eisdem
2607 5005 2752 5096 ipsa
2809 5001 3185 5092 abstulerit,
3265 5023 3605 5097 nunquam
3663 5023 3818 5073 au·-

478 5103 825 5177 diuissent
877 5113 948 5175 et
1026 5105 1414 5193 sciuissent,
1468 5128 1695 5202 neque
1750 5108 2116 5179 sciuerunt.
2199 5102 2366 5177 Cum
2417 5108 2643 5201 itaque
2713 5104 2893 5179 dicta
2950 5127 3158 5178 causa
3209 5116 3487 5201 propter
3536 5126 3823 5200 repen-

478 5211 699 5281 tinum
753 5212 965 5305 ipsius
1046 5207 1318 5282 domine
1368 5209 1639 5304 Regine
1719 5213 1952 5284 matris
2032 5219 2268 5283 nostre
2345 5230 2703 5283 recessum
2780 5208 2869 5282 de
2939 5208 3146 5282 Jadra
3200 5209 3480 5300 factum,
3557 5219 3824 5286 nostre

474 5310 964 5386 deliberationi
1043 5324 1113 5386 et
1191 5313 1601 5389 discussioni
1677 5312 1924 5389 fuisset
1999 5313 2393 5410 procelata,
2470 5312 2617 5388 Nos
2687 5311 2992 5406 demum,
3063 5313 3523 5408 Zagrabie
3601 5313 3824 5388 nobis

474 5420 945 5512 personaliter
1006 5418 1482 5515 existentibus,
1559 5419 1733 5493 ultra
1785 5422 2191 5516 premissam
2270 5416 2603 5493 dictorum
2668 5416 3058 5493 Juratorum
3109 5421 3640 5512 attestationem,
3715 5440 3832 5494 ex
