3950 5917
438 366 555 445 ω

447 578 579 649 iuri
636 594 887 670 parere
954 570 1369 669 negligeret,
1435 592 1684 670 penem
1730 571 2064 655 :eiusdem
2122 571 2806 659 anemis-Cone·
2873 572 3114 657 iudicis
3183 578 3402 659 nostri
3467 577 3762 674 preme

448 679 763 774 recipere
820 687 1198 765 teneretur,
1270 688 1342 751 et
1392 686 1741 774 receptam
1807 680 1938 775 ipsi
1992 675 2238 755 Comiti
2305 687 2545 755 nostro
2616 683 3017 772 assignare3
3083 701 3219 757 uec
3287 681 3532 776 aliquis
3575 685 3764 763 inter

448 787 639 879 ipsos
709 783 1059 857 terrestris
1131 779 1387 855 Comes
1455 804 1621 857 esse
1688 791 1955 877 posset,
2029 784 2162 857 nisi
2223 780 2311 859 de
2363 786 2705 857 communi
2771 804 3119 861 consensu
3183 784 3606 877 eorundem3
3681 795 3768 863 et

450 887 728 961 euoluto
779 888 1072 959 termino
1125 888 1287 959 anni
1337 894 1731 960 terrestrem
1788 883 2192 969 comitatum
2243 884 2621 963 renouaudi
2666 884 2999 969 baberent
3049 885 3461 967 facultatem.
3555 886 3766 967 Sub-

446 994 815 1065 iunxernnt
865 993 1096 1081 etiam„
1151 987 1334 1086 quod
1384 990 1607 1067 nullus
1660 988 2103 1064 collectorum
2136 987 2603 1084 Jobbagiones
2654 993 2724 1069 in
2760 1012 2925 1064 cura
2975 1012 3216 1069 eorum
3248 990 3758 1089 Johbagionuu

451 1091 673 1169 Castri
725 1097 1109 1169 existentes
1161 1093 1432 1167 dicandi
1480 1092 1765 1167 baberet
1816 1097 2204 1190 optionem3
2255 1116 2389 1167 nec
2423 1097 2688 1166 ratione
2724 1094 3123 1175 iudiciorum
3168 1099 3517 1173 exercitus
3556 1100 3764 1193 ipsos

447 1219 815 1294 possemus
861 1219 1276 1293 aggrauare.,
1344 1198 1480 1271 nisi
1546 1197 1790 1272 eadem
1860 1197 2152 1270 collecta
2224 1208 2694 1293 emergeretur
2759 1220 2887 1294 per
2934 1221 3218 1293 regnum
3272 1200 3764 1297 supradictum-

451 1298 741 1377 Curialis
793 1323 963 1376 uero
1002 1298 1255 1381 Comes
1290 1298 1776 1396 Zagrabiensis
1826 1300 2170 1397 predictus
2221 1302 2406 1375 nullo
2443 1323 2738 1396 unquam
2789 1308 3100 1399 tempore
3150 1314 3391 1400 posset
3439 1304 3766 1378 descen-

447 1427 599 1478 sum
652 1405 890 1480 facere
940 1408 1120 1479 inter
1170 1408 1384 1501 ipsos.
1488 1403 1635 1479 Nos
1688 1408 1916 1501 itaque
1968 1407 2238 1495 auditis,
2292 1416 2364 1479 et
2412 1405 2776 1480 intellectis
2826 1404 3248 1482 libertatibus
3317 1407 3758 1504 supradictis,

443 1511 765 1585 volentes
817 1510 1085 1607 plenius
1140 1507 1501 1583 certificari
1554 1510 1642 1583 de
1695 1510 1985 1602 eisdem,
2045 1512 2411 1583 vniuersos
2464 1507 2732 1584 nobiles
2783 1513 3005 1605 regni,
3059 1532 3339 1608 quorum
3395 1511 3756 1587 multitudo

447 1614 686 1687 aderat
738 1617 1048 1710 copiosa,
1100 1616 1606 1709 requisiuimus‚
1677 1618 1792 1710 qui
1841 1617 2252 1687 vuanimiter
2320 1615 2717 1695 retulerunt.
2788 1613 2969 1710 quod
3020 1615 3225 1688 iidem
3278 1613 3760 1711 Jobbagiones

447 1721 682 1811 castri,
734 1740 774 1788 a
828 1728 1166 1815 tempore,
1221 1720 1415 1790 cuius
1466 1740 1606 1791 non
1660 1727 1889 1791 exstat
1937 1720 2297 1809 memoria,
2349 1720 2418 1790 in
2469 1714 2888 1792 libertatibus
2943 1718 3264 1815 predictis
3314 1723 3764 1816 permansis-

445 1832 621 1896 sent.
725 1820 925 1895 Vnde
975 1843 1108 1895 nos
1160 1843 1287 1918 per
1335 1818 1619 1896 Nobiles
1670 1826 1869 1917 regui
1921 1821 2282 1898 certificati
2328 1820 2417 1894 de
2467 1820 2886 1896 libertatibus
2939 1823 3372 1919 supradictis,
3437 1823 3758 1917 easdem,

442 1948 535 1999 ne
584 1929 657 1999 in
708 1924 1003 1998 futurum
1057 1947 1182 2022 per
1233 1928 1615 2020 quempiam
1666 1930 1936 2023 possint
1985 1928 2255 2014 irritari,
2307 1923 2738 2021 presentibus
2791 1924 3106 2001 duximus
3162 1925 3608 2004 roborandas.
3669 1927 3756 2002 lu

442 2028 607 2102 facti
658 2033 1085 2121 memoriam,
1142 2040 1211 2125 et
1264 2030 1599 2102 cautelam
1671 2031 2094 2127 ampliorem,
2172 2039 2533 2126 presentes
2603 2030 3007 2103 contulimus
3061 2031 3266 2125 sigilli
3313 2035 3533 2105 nostri
3585 2054 3764 2104 mu-

447 2137 700 2207 nimine
770 2132 1155 2207 roboratas.
1241 2133 1488 2206 Datum
1542 2132 1882 2228 Zagrabie
1931 2136 2000 2208 in
2056 2136 2468 2206 ascensione
2518 2133 2812 2207 Domini.
2882 2132 3088 2208 Anno
3142 2133 3227 2207 ab
3279 2137 3768 2210 incarnatione

444 2237 751 2311 eiusdem
804 2234 1357 2310 Mchxxvln.
1460 2236 1672 2330 Igitur
1722 2259 1852 2311 nos
1906 2240 2101 2313 iustis
2155 2248 2226 2310 et
2276 2236 2593 2332 legitimis
2644 2235 3079 2334 petitionibus
3121 2236 3433 2311 eiusdem
3463 2237 3762 2313 Comitis

443 2341 742 2416 Ladislai
794 2340 1263 2414 fauorabiliter
1311 2342 1639 2429 inclinati,
1700 2345 1918 2438 ipsum
1970 2341 2394 2437 priuilegium
2450 2351 2663 2414 ratum
2719 2340 3049 2415 babentes
3105 2350 3173 2413 et
3226 2351 3605 2439 acceptum,
3658 2342 3764 2418 de

442 2444 661 2521 verbo
710 2445 797 2520 ad
848 2441 1139 2519 verbum
1206 2445 1638 2540 presentibus
1707 2448 1920 2519 inseri
1992 2444 2354 2532 facientes,
2424 2443 2757 2541 dupplicis
2829 2446 3034 2540 sigilli
3095 2450 3313 2520 nostri
3364 2450 3762 2542 patrocinio

443 2548 756 2623 duximus
809 2547 1292 2629 roborandum.
1395 2548 1643 2623 Datum
1695 2570 1822 2646 per
1874 2571 2112 2624 manus
2166 2548 2446 2624 discreti
2495 2552 2638 2622 viri
2680 2547 2990 2644 Magistri
3042 2547 3340 2639 Nicolai,
3393 2550 3547 2624 aule
3599 2573 3766 2624 no·—

441 2664 584 2727 stre
634 2650 1299 2744 Vico-Cancellarii‚
1372 2652 1602 2725 dilecti
1657 2664 1727 2726 et
1779 2651 2001 2727 fidelis
2051 2656 2289 2727 nostri.
2396 2653 2603 2726 Anno
2655 2652 2929 2727 Domini
2979 2649 3476 2747 Mchxxm
3541 2660 3760 2749 regni

444 2767 670 2832 autem
723 2761 943 2832 nostri
996 2779 1177 2831 anno
1232 2759 1545 2854 septimo.

436 2953 801 3021 Tnnsumptse
834 2969 898 3004 ac
932 2951 1265 3005 confirmatae
1299 2966 1331 3005 n
1365 2951 1694 3022 sigismundo
1729 2951 1875 3022 Rege
1910 2968 1959 3004 a.
1981 2951 2132 3005 1436.
2168 2960 2224 3005 et
2256 2967 2288 3006 n
2305 2950 2562 3005 Vladislao
2597 2967 2644 3006 n.
2667 2953 2822 3006 1514.
2855 2950 2936 3005 Ex
2968 2952 3149 3007 barum
3184 2954 3296 3023 pari
3327 2953 3576 3013 vidimato
3611 2952 3760 3007 libe—

744 3037 947 3092 ralitate
979 3037 1056 3091 111.
1090 3036 1156 3091 D.
1191 3037 1405 3092 Batonis
1440 3037 1756 3103 Bedekovic,
1793 3038 2013 3092 obtinuit
2046 3053 2136 3092 ess
2172 3037 2425 3108 Georgius
2457 3038 2610 3106 Fejer
2642 3048 2697 3092 et
2728 3039 2961 3092 exhibuit
2992 3041 3048 3093 in
3084 3038 3278 3094 Codice
3314 3039 3650 3110 diplomatico
3683 3040 3758 3095 R.

746 3124 1058 3196 Hungariae.
1093 3124 1236 3178 Tom.
1276 3124 1336 3178 V.
1371 3124 1484 3178 Vol.
1519 3123 1581 3177 11.
1618 3141 1671 3195 p.
1707 3125 1829 3179 498.

1856 3661 2332 3746 Lxxn.

1833 3957 2043 4026 Anno
2105 3952 2338 4025 1279.

496 4216 1082 4299 Comitatum
1175 4213 1602 4297 Wolkov
1684 4213 2533 4320 (valkoviensem)
2586 4218 3291 4323 jurisdictioni
3372 4216 3696 4300 Ducis

934 4359 1252 4436 totius
1317 4354 1864 4436 Slavoniae
1925 4353 2484 4459 sthectum
2548 4354 2871 4436 fuisse
2932 4368 3229 4462 patet.

744 4625 1120 4726 Capitulum
1171 4627 1494 4703 Ecclesie
1542 4626 1739 4700 Beati
1789 4626 1972 4701 Petri
2025 4626 2113 4700 de
2164 4626 2468 4724 Posaga‚
2536 4626 2850 4705 omnibus
2904 4626 3153 4707 Christi
3205 4628 3545 4722 fidelibus,
3597 4641 3766 4707 tan

431 4730 889 4830 presentibus,
944 4756 1142 4830 quam
1195 4731 1466 4819 futuris,
1519 4730 1806 4805 salutem
1857 4734 1928 4804 in
1983 4730 2275 4805 Domino
2330 4736 2832 4830 sempiternam.
2893 4733 3007 4807 Ad
3059 4737 3538 4812 vainei-sorum
3589 4758 3766 4810 uo—

432 4839 662 4913 ticiam
715 4835 951 4909 barum
1006 4840 1192 4911 serie
1243 4837 1560 4911 volumus
1610 4838 2014 4932 peruenire:
2086 4838 2266 4931 quod
2317 4834 2704 4929 Ladislaus,
2773 4835 2951 4914 filius
3013 4836 3295 4913 Comitis
3346 4839 3594 4932 Pasce,
3669 4851 3762 4917 et

432 4942 787 5032 Nicolaus.,
840 4938 1018 5013 filius
1070 4938 1403 5028 Emcbud,
1473 4936 1561 5013 ab
1608 4962 1747 5014 vna
1798 4951 2038 5037 partea
2104 4938 2440 5035 Magister
2486 4940 2862 5035 Dacianus,
2932 4950 3002 5017 et
3055 4940 3547 5034 christoforus,
3615 4942 3758 5020 mii

432 5047 791 5138 Jobannis‚
855 5041 1252 5120 consobrini
1305 5039 1588 5119 Comitis
1639 5045 1888 5137 Pasca‚
1939 5042 2028 5119 ab
2079 5045 2323 5132 altera,
2393 5066 2624 5120 coram
2678 5044 2880 5121 uobis
2931 5047 3387 5143 personaliter
3438 5069 3762 5144 compa-

428 5162 697 5245 rentes,
745 5148 956 5249 ydem
1006 5146 1362 5223 Ladislaus
1413 5158 1487 5222 et
1531 5146 1859 5223 Nicotaus
1912 5147 2222 5224 confessi
2274 5160 2433 5225 suut
2480 5152 2641 5226 viua
2675 5172 2887 5241 voce,
2941 5149 3123 5247 quod
3175 5160 3428 5227 terram
3460 5150 3764 5229 Borsod

432 5264 781 5346 vocatam,
831 5257 901 5329 in
946 5250 1285 5328 Comitatu
1337 5251 1425 5326 de
1458 5250 1765 5329 Wolkou
1818 5254 2258 5346 existentem,
2308 5274 2508 5350 quam
2561 5275 2695 5331 rex
2741 5252 2909 5328 Bela
2961 5253 3187 5330 felicis
3237 5253 3770 5337 mantuanum

430 5357 656 5433 adbuc
705 5369 1019 5458 tempore
1070 5360 1182 5437 sui
1211 5355 1519 5434 Ducatus
1571 5354 1818 5435 Comiti
1868 5354 2116 5451 Pasce,
2165 5361 2341 5455 patri
2367 5355 2701 5437 eiusdem
2733 5354 3036 5459 Ladislai
3083 5359 3492 5454 contulerat,
3543 5363 3772 5441 caius
