3950 5917
15 1992 73 2061 ea

94 835 109 944 i

3365 433 3518 506 39⁴?

169 626 455 713 quarto,
508 617 907 715 Regnorum
960 630 1350 698 nostrorum
1404 625 1700 704 Romani
1750 628 2022 710 decimo
2076 634 2309 723 tertio,
2360 627 2834 732 Hispaniarum
2878 638 3226 734 vigesimo
3269 641 3518 736 primo,

172 719 555 817 Hungarici
611 733 682 797 et
732 723 1086 799 Bobemici
1140 730 1346 800 etiam
1406 729 1677 804 decimo
1730 736 1954 807 tertio.
2313 786 2318 790 ·

432 967 437 974 ἢ
499 875 842 956 Carolus
889 902 978 952 m.
1029 904 1093 978 p.

501 1030 856 1127 Eugenius
912 1057 950 1106 a
1006 1035 1349 1110 Sabaudia
1405 1061 1492 1111 m.
1546 1062 1609 1136 p.

1322 1238 1329 1244 ’
1367 1240 1451 1293 Ad
1488 1240 1782 1296 laudatum
1819 1242 1962 1297 Sacr.
2001 1241 2152 1298 Gneo.
2189 1246 2494 1316 Regiacquc
2531 1244 2832 1303 Catholicae
2864 1248 3144 1318 ligium&
3179 1253 3447 1326 proprium
3466 1272 3482 1303 z

1846 1361 1908 1433 J.
1953 1360 2072 1433 W.
2126 1382 2270 1435 von
2304 1361 2799 1440 Brockbausen
2851 1388 2940 1439 m.
2979 1388 3042 1462 p.

1688 1561 1742 1623 A
1789 1570 1964 1641 ter-90
1990 1585 2006 1624 :

491 1693 951 1787 Reverendis,
1007 1697 1560 1790 Honorabilibus,
1616 1699 2119 1798 spectabilibus
2174 1725 2260 1776 ac
2309 1701 2721 1800 Magnificis,
2794 1728 2929 1779 nec
2983 1728 3122 1780 non
3175 1706 3507 1805 Egregiis

166 1806 252 1870 et
303 1793 657 1871 Nobilibus
710 1797 794 1870 N.
847 1798 931 1872 N.
994 1799 1354 1876 Universis
1406 1801 1705 1878 Statibus
1761 1814 1833 1878 et
1883 1803 2247 1880 Ordinibus
2320 1806 2726 1899 Dalmatiae,
2801 1807 3121 1884 Groatiae
3173 1821 3241 1885 et
3295 1811 3508 1886 Scla-

165 1903 433 1973 voniae
487 1900 884 1995 Regnorum
939 1902 1371 1994 Nostrorum,
1427 1905 1741 1981 fidelibus
1795 1908 2013 1982 Nobis
2068 1908 2375 1984 Dilectis.
3487 1963 3490 1970 -

1640 2087 1752 2180 (L.
1826 2087 1942 2180 S.)

15 2305 53 2375 {¹¹¹}
166 2281 321 2349 Orig-
355 2283 411 2334 in
448 2282 674 2336 Arcbivo
709 2284 878 2355 Regni
913 2283 1169 2340 Croniae.
1208 2286 1333 2340 Acta
1372 2287 1539 2358 Regni
1576 2289 1772 2359 Gongr.
1806 2308 1854 2343 a.
1895 2292 2048 2347 1724.
2088 2292 2172 2344 Nr.
2210 2293 2260 2345 5.

1610 2738 2080 2822 ccxlst.

830 3000 1034 3058 Auno
1106 2989 1332 3060 1725.
1393 2993 1505 3061 die
1569 2993 1630 3061 7.
1689 2995 1900 3066 ,lem-ii.
1987 2995 2065 3063 ln
2122 3004 2360 3066 castro
2421 2997 2862 3093 Laoeenburq.

122 3220 600 3303 ·Garolus
664 3223 786 3303 111.
883 3223 1076 3304 Rex
1137 3225 1587 3305 Tabulam
1652 3227 2307 3306 Judiciariam
2399 3256 2565 3333 pro
2630 3230 2975 3334 Regno
3042 3233 3505 3312 Oroatiae

1251 3375 1343 3442 et
1406 3364 1945 3443 Slavouiae
2009 3367 2434 3469 regulet.

16 3571 39 3706 ἔ
169 3607 593 3681 GAROLUS
650 3609 764 3680 VI.
820 3608 972 3681 DEI
1026 3613 1243 3704 gratia
1327 3611 1589 3684 electus
1644 3610 2109 3684 Romanorum
2180 3610 2555 3706 Imperator
2627 3634 2902 3707 semper
2953 3613 3335 3705 Augustus,
3418 3638 3505 3686 ac

559 3711 997 3801 Germaniae,
1080 3713 1581 3810 Hispaniarum,
1662 3712 2083 3808 Hungariae,
2164 3713 2674 3809 Bohemiaeque
2728 3717 2853 3788 dcc.
2910 3715 3118 3788 REX.

489 3920 917 4010 Reuerendi,
997 3920 1480 4008 Honorabiles,
1537 3919 1967 4016 spectabiles
2024 3944 2108 3993 ac
2160 3921 2535 4016 Magnifici,
2603 3920 2951 4017 Magnifici
3003 3927 3162 3995 item
3217 3923 3502 4020 Egregij

16 4083 25 4126 3
168 4028 239 4094 dc
296 4022 608 4114 Nobiles,
663 4024 939 4098 Fideles
994 4023 1208 4097 Nobis
1264 4025 1513 4097 dilecti.
1622 4024 1942 4098 Demisse
2016 4025 2230 4096 relata
2307 4035 2413 4097 est
2466 4024 2680 4099 Nobis
2753 4027 2864 4099 illa
2930 4027 3498 4101 celebrandorum

16 4188 19 4204 .
168 4125 583 4199 iudiciorum
641 4126 1029 4218 Modalitas,
1113 4152 1313 4224 quam
1367 4128 1765 4201 Fidelitates
1839 4127 2137 4201 Vestrae
2209 4132 2276 4200 in
2331 4129 2556 4201 locum
2632 4129 3239 4204 Prothonotarialis
3309 4131 3504 4204 Iudi-

168 4240 397 4321 catus,
453 4232 745 4304 antehac
799 4236 865 4305 in
922 4230 1232 4305 Partibus
1287 4236 1601 4318 exerciti,
1655 4242 1811 4327 post
1865 4232 2176 4323 ejusdem
2233 4231 2358 4302 sub
2413 4236 2793 4306 novissime
2845 4238 3202 4306 terminata
3258 4234 3502 4308 Diaeta

166 4338 630 4407 interventam
689 4334 1231 4428 abrogationem,
1290 4341 1353 4409 in
1414 4336 1734 4409 Generali
1802 4334 2360 4430 congregatione
2418 4359 2569 4426 sua,
2651 4359 2892 4410 mense
2945 4338 3263 4432 Augusto
3318 4339 3503 4412 Anni

174 4434 380 4510 1723
461 4438 847 4534 Zagrabiae
930 4437 1301 4529 celebrata,
1377 4439 1459 4512 ad
1515 4440 1881 4533 benignam
1935 4438 2453 4512 ratificationem
2527 4449 2643 4512 aut
2707 4438 3286 4514 modificationem
3358 4464 3499 4515 no-

164 4549 385 4613 stram
442 4541 880 4616 elaborarunt
933 4547 997 4613 dc
1046 4541 1392 4635 Majestati
1444 4553 1726 4617 nostrae
1778 4541 2147 4615 humillime
2186 4541 2498 4615 exbiberi
2541 4542 2872 4616 fecerunt.
2985 4544 3136 4631 Quo
3182 4549 3250 4618 in
3288 4567 3499 4640 passu

168 4643 471 4738 benigne
527 4650 750 4719 visum
805 4645 929 4718 fuit
983 4644 1196 4719 Nobis
1255 4658 1655 4741 sequentem
1701 4647 2197 4722 resolutionem
2234 4649 2600 4742 Rupertiri:
2658 4657 2730 4719 ut
2782 4648 3102 4720 videlicet
3156 4672 3280 4744 pro
3337 4671 3499 4721 mo-

162 4746 390 4821 derno
443 4750 938 4823 Iurisdictionis
990 4750 1266 4822 Banalis
1322 4750 1552 4840 Statu,
1604 4773 1736 4823 una
1794 4751 2125 4823 duntaxat
2179 4749 2536 4822 Iudiciaria
2591 4750 2876 4841 Tabula,
2933 4775 3025 4824 ex
3079 4775 3216 4825 uno
3274 4752 3500 4826 Prae-

164 4850 347 4941 eide,
413 4875 496 4925 ac
550 4863 838 4950 quatuor
890 4853 1419 4939 Assessoribus,
1471 4876 1609 4927 uno
1662 4858 1825 4928 item
1878 4854 2116 4927 Jurato
2170 4853 2486 4945 Notario,
2537 4852 2837 4949 benigne
2891 4876 3014 4952 per
3065 4855 3499 4950 majestatem

162 4965 476 5030 nostram
561 4980 727 5053 erga
782 4961 1135 5054 praeviam
1190 4958 1559 5031 demissam
1615 4957 2044 5030 Fidelitatum
2073 4956 2500 5031 -Vestrarum
2551 4958 3096 5054 Propositionem
3155 4962 3498 5035 constitu-

168 5059 370 5133 endis
408 5064 474 5132 &
512 5059 1058 5150 denominandis,
1104 5062 1451 5135 ordinario
1499 5059 1823 5157 Legeque
1860 5060 2157 5134 stabilito
2194 5060 2496 5135 Indicum
2541 5062 2929 5136 loramento
2965 5062 3497 5159 adstringendis,

162 5183 253 5232 ac
310 5163 575 5237 Salaria
632 5169 1085 5260 competentia
1141 5187 1235 5237 ex
1287 5162 1566 5237 Publico
1623 5164 1846 5259 Regni
1899 5163 2112 5236 fundo
2168 5163 2521 5252 habituris,
2597 5175 2925 5239 constans
2980 5169 3306 5261 erigatur,
3362 5189 3496 5239 ea-

164 5264 469 5363 demque
522 5290 646 5342 seu
703 5269 788 5341 ad
837 5269 1019 5342 illam
1072 5267 1551 5362 denominandi
1605 5267 1931 5359 Praeses,
1986 5267 2421 5342 Assessores
2474 5273 2539 5341 dc
2585 5267 2908 5343 Notarius
2961 5274 3030 5342 in
3085 5269 3397 5344 Liberam
3429 5281 3498 5342 et

164 5366 461 5463 Regiam
500 5369 857 5446 ciuitatem
899 5383 1198 5445 nostram
1232 5370 1768 5470 Zagrabiensem
1807 5373 2171 5467 quotannis
2206 5392 2330 5468 pro
2367 5369 2723 5450 Dominica
2762 5376 2975 5471 prima
3016 5373 3496 5469 Quadi-agesi-
