3950 5917
3284 407 3439 486 333

158 626 475 715 ponentes
529 631 921 711 uxoresque
991 625 1063 690 et
1127 615 1376 691 fratres
1445 612 2149 710 Gongeneralionales
2221 625 2292 688 et
2353 612 2972 690 condivisionnlos.
3019 617 3314 711 ipsorum
3369 619 3442 690 in

158 722 525 795 Domitium
576 719 947 794 earundem
1002 723 1166 816 (pro
1219 729 1365 792 rata
1416 723 1730 816 portione
1783 717 2199 809 eorundem)
2253 718 2547 814 dictique
2591 717 2782 794 Juris
2811 718 3015 813 Regii
3067 722 3148 791 in³
3175 718 3440 794 eisdem

159 822 373 911 habiti,
443 833 827 919 statuatque
870 823 1185 914 eosdem,
1255 833 1326 898 et
1392 823 1573 897 idem
1642 820 1905 898 eisdem
1980 824 2282 917 ipsorum
2352 821 2764 898 haeredibus
2817 833 2890 897 et
2937 821 3443 922 posteritatibus

160 930 489 1023 utriusque
561 949 776 1002 sexus
843 930 1187 1002 universis
1257 928 1455 1001 simul
1525 947 1682 999 cnm
1734 927 2000 1000 cunctis
2051 928 2195 1000 suis
2245 925 2634 1002 utilitatibus
2686 937 2756 999 et
2805 929 3238 1022 pertinentiis
3280 930 3443 1021 qui-

160 1030 431 1104 buslibet
499 1034 922 1125 praemissae
992 1052 1221 1104 novae
1290 1031 1695 1106 Donationis
1765 1051 1851 1101 ac
1923 1028 2109 1102 Juris
2184 1027 2387 1124 Regii
2456 1030 2665 1102 titulis
2742 1034 2910 1128 ipsis
2965 1028 3441 1104 incumbenti-

162 1133 300 1220 bus,
348 1144 681 1229 perpetuo
730 1133 1187 1230 possidendas
1238 1137 1299 1208 si
1333 1155 1473 1207 non
1507 1134 1712 1207 fuerit
1762 1133 2277 1221 contradictum,
2329 1133 2870 1209 contradictores
2907 1137 2965 1207 si
3002 1137 3115 1229 qui
3143 1132 3444 1224 'fuel-int,

160 1247 399 1312 evocet
466 1236 753 1311 eosdem
823 1248 1060 1311 contra
1139 1247 1495 1312 annotatas
1564 1259 1928 1335 personas,
1999 1240 2065 1312 in
2136 1237 2374 1309 sedem
2444 1247 2747 1310 nostram
2798 1238 3149 1329 Banalem,
3228 1242 3446 1312 nostri

158 1342 408 1424 scilicet
474 1344 547 1414 in
617 1345 1100 1438 praesentiam,
1171 1341 1256 1414 ad
1310 1341 1647 1415 decimum
1701 1344 1998 1436 quintum
2053 1340 2259 1429 diem,
2330 1340 2466 1415 diei
2533 1340 2917 1435 hujusmodi
2970 1342 3442 1428 Evocationis,

54 1503 55 1518 ,
162 1447 473 1522 ran'onem
532 1444 1103 1520 Contradictionis
1156 1446 1527 1519 eorundem
1581 1444 1963 1519 reddituras
2016 1443 2395 1517 efficacem.
2489 1443 2576 1516 Et
2629 1457 2786 1541 post
2836 1447 3011 1520 haec
3061 1445 3446 1542 huiusmodi

161 1546 667 1626 hoeodnctionis
722 1560 792 1621 et
825 1547 1221 1626 statutionis
1285 1553 1534 1623 seriem
1590 1549 1787 1622 simul
1840 1567 1995 1621 cum
2051 1546 2633 1623 Contradictorum
2688 1560 2759 1624 et
2805 1549 3267 1623 Evocatorum
3322 1554 3446 1624 vi*

161 1654 585 1749 chorumque
656 1664 728 1725 et
798 1651 1394 1743 Cometaneorum,
1472 1655 1584 1748 qui
1654 1656 2076 1748 praemissae
2155 1652 2517 1728 Statutioui
2593 1655 2986 1740 intererunt,
3062 1652 3447 1728 nominibus

54 1803 55 1808 =
163 1758 570 1851 wuniuoque
624 1759 975 1850 assignato
1027 1767 1100 1829 ut
1151 1756 1355 1830 fuerit
1405 1754 1904 1853 expediendum
1955 1753 2173 1828 Nobis
2226 1754 2515 1829 fideliter
2566 1757 2985 1839 rescribatis..
3048 1781 3253 1831 secus
3308 1779 3444 1831 non

164 1857 408 1934 notua.
462 1861 710 1934 Datum
748 1860 1058 1933 Vidovcz
1114 1859 1459 1933 Sabbatho
1496 1864 1809 1954 proximo
1863 1868 2020 1932 ante
2073 1857 2322 1933 festum
2376 1859 2740 1934 Beatorum
2792 1860 3074 1935 Fabiani
3110 1873 3181 1935 et
3213 1860 3446 1934 Seba-

160 1966 343 2042 ofiani
389 1963 764 2060 Martyrum
842 1962 1051 2037 Anno
1104 1965 1374 2037 Domini
1430 1963 1652 2037 1614.
1756 1963 1904 2036 Nos
1972 1965 2200 2057 itaque
2269 1961 2605 2036 mandatis
2675 1963 2971 2039 Vestrae
3043 1964 3451 2061 Spectabilis

164 2088 239 2138 ac
268 2065 675 2162 magnificae
710 2068 1234 2156 Dominationis,
1284 2071 1381 2141 uti
1415 2078 1751 2155 tenemur,
1806 2066 2090 2139 obedire
2127 2069 2507 2161 cupienteS,
2559 2090 2692 2140 una
2729 2091 2883 2141 cum
2927 2069 3236 2166 praefato
3289 2069 3448 2142 No·-

164 2167 264 2242 bili
310 2170 651 2244 Michaele
703 2172 974 2244 Harcha
1030 2172 1115 2244 de
1169 2171 1628 2257 Zamladincz,
1696 2170 1970 2243 homine
2040 2169 2336 2244 Vestrae
2407 2171 2812 2267 Spectabilis
2883 2195 2968 2244 ac
3037 2171 3448 2268 Magnificae

54 2287 55 2310 ³
164 2272 642 2349 Dominationis
674 2274 937 2364 Banali,
989 2275 1257 2348 Litteris
1310 2279 1378 2347 in
1431 2277 1873 2370 praeinsertis
1925 2277 2102 2347 inter
2154 2274 2325 2347 alios
2379 2275 2768 2370 specialiter
2819 2280 3192 2361 nominato,
3244 2299 3448 2350 unum

164 2376 478 2452 exNobis
507 2378 993 2453 Venerabilem
1046 2380 1370 2452 videlicet
1396 2377 1764 2472 Georgium
1795 2377 2086 2472 Hozyak
2135 2375 2412 2451 Socium
2449 2389 2515 2451 et
2553 2377 3102 2453 concanonicum
3130 2379 3450 2454 Nostrum

162 2480 241 2553 ad
288 2485 664 2575 praemissa
715 2481 1031 2558 Mandata
1086 2481 1377 2556 fideliter
1446 2484 1837 2578 peragenda
1911 2492 2149 2554 nostro
2218 2503 2342 2576 pro
2398 2485 2784 2556 testimonio
2859 2487 3454 2558 transmiseramus

166 2583 577 2678 fidcdignum.
668 2586 799 2674 Qui
848 2585 1122 2662 tandem
1177 2586 1431 2659 exinde
1484 2587 1569 2659 ad
1626 2607 1754 2658 nos
1808 2589 2076 2659 reversi
2130 2585 2327 2658 nobis
2381 2586 2506 2658 sub
2567 2585 2922 2682 Corporali
2964 2590 3263 2683 ipsorum
3317 2589 3452 2661 ,lu-¹

167 2700 477 2780 ramento,
536 2690 628 2762 de
674 2700 744 2763 et
793 2712 1001 2787 super
1050 2689 1234 2763 fideli
1288 2690 1660 2764 eorundem
1727 2693 2142 2762 executione
2198 2711 2429 2762 coram
2483 2688 2696 2763 Nobis
2758 2695 3107 2786 praestito,
3175 2692 3452 2765 unifor-

166 2795 344 2866 miter
407 2794 787 2868 retulerunt
836 2798 904 2867 in
958 2793 1138 2867 hunc
1190 2794 1484 2866 modum.
1591 2791 1952 2879 Quomodo
2023 2792 2370 2888 praefatus
2442 2793 2647 2867 homo
2702 2794 2994 2868 Vestrae
3047 2794 3455 2891 Spectabilis

164 2916 240 2966 ac
282 2896 692 2991 Magnificus
766 2898 1260 2972 Dominationis
1340 2897 1615 2977 Banalis
1667 2899 1819 2991 ipso
1872 2908 2110 2970 nostro
2163 2900 2549 2970 testimonio
2628 2909 3020 2993 praesente,
3099 2897 3270 2974 feria
3323 2923 3454 2989 sef-

164 2999 363 3073 mnda
386 3005 702 3097 proxima
730 3012 887 3096 post
903 3001 1327 3074 Dominicam
1356 3000 1738 3087 invocavit,
1768 3003 2080 3097 proxime
2107 3005 2562 3096 praeteritam,
2590 3002 2678 3074 ad
2704 3000 2923 3075 facies
2958 2991 3456 3100 praedictarum

166 3108 664 3196 possessionum
715 3104 1054 3194 Kobiline,
1104 3103 1542 3180 Jakussovcz
1596 3115 1666 3178 et
1717 3099 1923 3180 Felso
1992 3102 2412 3201 Radusichy,
2465 3108 2532 3177 in
2586 3107 3052 3201 praeallegato
3122 3107 3458 3182 Comitatu

54 3291 55 3306 1
164 3203 473 3284 Gfisiensi
526 3207 927 3299 habitarum,
980 3209 1243 3282 Vicinis
1297 3219 1367 3283 et
1419 3208 1857 3282 Cometaneis
1928 3206 2301 3280 earundem
2357 3208 2738 3293 Universis,
2809 3213 3162 3304 signanter
3230 3221 3459 3284 autem

169 3308 462 3407 Egregiis
520 3323 590 3385 et
644 3311 994 3386 Nobilibus
1047 3312 1307 3399 Blasio,
1377 3311 1627 3385 Mathia
1682 3320 1754 3384 et
1803 3309 2142 3384 Michaele
2196 3308 2493 3386 Sturbek
2545 3313 2656 3386 de·
2685 3312 3222 3404 Vrechakovcz,
3303 3313 3455 3387 Ge-

166 3418 346 3509 orgio
397 3416 773 3491 Gerlovich
841 3416 929 3490 de
1002 3415 1296 3490 Gerlocz
1375 3425 1447 3489 et
1515 3416 1732 3488 altero
1789 3413 2094 3508 Georgia
2148 3412 2558 3487 Santachich
2627 3418 2714 3491 de
2766 3417 3088 3505 Vinarcz,
3170 3417 3459 3512 aliisquo

171 3521 652 3617 quamplurimis
705 3520 867 3593 inibi
918 3522 1221 3617 legitime
1275 3522 1678 3593 convocatis
1732 3528 1802 3590 et
1851 3516 2447 3614 praecedentibus,
2517 3520 2917 3595 accedendo
2969 3520 3462 3596 introduxisset

166 3634 590 3717 praenotatos
652 3623 1059 3698 Michaelem
1111 3623 1439 3698 Chochak
1488 3628 1560 3697 in
1610 3621 1951 3715 Kobiline,
2004 3621 2276 3695 Petrum
2330 3621 2737 3718 Maydrugh,
2787 3623 3205 3719 Stephanum
3237 3623 3457 3698 Pom-

168 3744 301 3819 per,
350 3726 707 3801 Nicolaum
759 3737 832 3801 et
863 3727 1279 3825 Stephanum
1315 3726 1778 3817 Thurkovich,
1831 3728 2204 3801 Antonium
2258 3735 2329 3800 et
2360 3724 2682 3800 Mathiam
2716 3726 3072 3818 Kuzmicb,
3120 3728 3457 3802 Joannem

166 3826 417 3904 Sturlez
487 3834 560 3905 in
610 3832 1045 3906 Jakussovcz
1102 3841 1174 3905 et
1222 3824 1431 3908 Felso
1484 3830 1944 3927 Radussichy,
2015 3851 2410 3927 uxoresque
2475 3841 2544 3903 et
2596 3830 2843 3905 fratres
2898 3831 3457 3928 Cougeneratio-

166 3933 347 4008 tales
406 3945 479 4010 et
532 3934 1126 4010 Condivisionales
1178 3938 1479 4031 ipsorum
1539 3955 1665 4030 pro
1719 3942 1864 4006 rata
1917 3938 2116 4006 unius
2186 3937 2648 4031 cuiuscunque
2721 3939 3032 4032 portione
3085 3940 3152 4010 in
3204 3937 3457 4010 Domi-

166 4039 333 4110 nium
384 4062 623 4114 earum
675 4041 968 4136 dictique
1016 4040 1200 4112 ,luris
1250 4038 1454 4132 Regii
1503 4041 1572 4111 in
1628 4036 1891 4111 eisdem
1957 4033 2189 4126 habiti,
2261 4044 2743 4136 statuissetque
2795 4040 3106 4128 easdem,
3158 4052 3232 4113 et
3278 4039 3463 4115 idem

164 4141 412 4216 eisdem
465 4146 904 4240 ipsorumque
975 4140 1381 4216 haeredibus
1437 4151 1506 4214 et
1556 4141 2063 4238 posteritatibus
2114 4145 2466 4236 utriusque
2536 4166 2748 4219 sexus
2823 4146 3193 4234 universis,
3261 4145 3464 4220 simul

170 4263 313 4318 cum
361 4250 624 4320 cunctis
678 4251 821 4322 suis
875 4245 1265 4322 utilitatibus
1318 4257 1389 4320 et
1437 4247 1859 4342 pertinentiis
1913 4244 2346 4341 quibuslibet,
2411 4252 2834 4344 praemissae
2901 4248 3151 4323 Novae
3213 4249 3462 4322 Dona-

168 4347 359 4424 tionis
390 4361 465 4425 et
495 4350 681 4426 Juris
715 4351 918 4447 Regii
949 4350 1183 4440 titulis,
1236 4353 1402 4448 ipsis
1437 4347 2003 4439 incumbentibus,
2056 4359 2388 4446 perpetuo
2422 4350 2902 4447 possidendas.
2956 4353 3139 4426 nullo
3193 4356 3461 4449 penitus

170 4446 674 4530 comradictore
707 4454 873 4529 inibi
904 4463 1304 4551 apparente,
1354 4454 1675 4547 legitimis
1709 4464 1781 4528 et
1814 4456 2153 4528 continuis
2204 4453 2416 4528 tribus
2469 4454 2707 4528 diebus
2760 4457 3268 4552 praeallegatis,
3302 4455 3461 4531 Vo-

169 4563 347 4630 strae
379 4557 786 4654 Spectabilis
830 4570 902 4632 et
930 4556 1341 4652 magnificae
1394 4559 1891 4634 Domiuationis
1941 4557 2220 4632 Banalis
2264 4567 2336 4631 et
2368 4568 2605 4633 nostro
2641 4558 3023 4634 hominibus
3074 4560 3236 4633 inibi
3286 4582 3462 4657 per-

172 4663 583 4737 manentibus
655 4673 725 4737 et
791 4684 1054 4736 moram
1124 4664 1511 4738 continuam
1581 4661 2150 4760 protrahentibus.
2249 4660 2556 4737 Tandem
2625 4662 2734 4737 his
2802 4664 3010 4739 modo
3077 4668 3464 4762 praemisso

172 4762 292 4835 nto
339 4776 409 4841 ot
456 4767 759 4860 legitime
811 4768 1133 4863 peractis,
1204 4765 1384 4840 idem
1454 4765 1661 4840 bomo
1714 4767 2012 4842 Vestrae
2081 4765 2488 4862 Spectabilis
2541 4776 2612 4839 et
2660 4766 3069 4862 Magnificae
3120 4767 3463 4843 Domina-

178 4865 364 4942 tionis
441 4869 716 4946 Banalis
792 4869 1151 4967 saepefato
1227 4873 1617 4944 testimonio
1696 4879 1934 4944 nostro
2005 4870 2402 4967 vicinisque
2448 4872 2963 4968 ·praeallegatis
3033 4893 3121 4945 ac
3186 4876 3470 4968 insuper

180 4962 479 5066 Egregiis
531 4985 602 5048 et
652 4973 1007 5049 Nobilibus
1065 4974 1248 5047 Luca
1297 4973 1644 5069 Gerloych
1697 4971 1784 5046 de
1831 4973 2154 5062 Gerlocz,
2208 4973 2557 5070 Stephano
2589 4973 3005 5049 Santechich
3042 4976 3129 5049 de
3165 4975 3469 5058 Vinarcs,

180 5081 245 5144 at
276 5073 474 5152 Pauo
524 5077 763 5171 Hergh
822 5076 912 5156 de
946 5077 1361 5154 Tubakovcz
1413 5076 1916 5172 praesentibus,
1969 5075 2142 5151 feria
2196 5081 2424 5174 quinta
2475 5082 2787 5174 proxima
2842 5091 3000 5177 post
3046 5079 3464 5176 praedictam

180 5171 583 5258 Domiuicam
658 5183 1018 5258 Invocavit
1085 5184 1398 5280 proxime
1478 5184 1945 5276 praeteritam,
2015 5180 2102 5256 ad
2173 5180 2393 5257 facies
2470 5184 2968 5279 praedictarum
3045 5182 3466 5259 Possessio-

180 5297 327 5358 mn
391 5285 811 5382 Voynovcz,
882 5286 1277 5364 Hisanovca
1292 5337 1331 5372 2
1388 5282 1833 5371 Drobkovcz,
1902 5283 2301 5376 Zaistovcs,
2371 5284 2695 5383 Popovcz
2766 5287 2964 5362 aliter
3039 5285 3484 5385 {Igu-inm
