3950 5917
500 378 669 494 aa,

510 625 670 700 chio
719 622 1106 713 Horauiae,
1174 621 1430 697 Comes
1491 620 1883 719 Hubspurgi
1933 631 2007 696 et
2056 619 2332 718 Tyn-otiu
2385 625 2515 695 ec.
2586 625 3030 716 agnoscimus
3080 632 3152 696 et
3201 625 3574 697 memoriae
3619 645 3794 700 com-

512 726 917 804 mendamus
970 736 1215 800 tenore
1266 729 1726 823 praesentium
1780 724 2277 821 significantes,
2329 722 2571 820 quibus
2624 724 2908 822 expedit
2956 729 3352 800 vniversis:
3449 725 3640 813 Quod
3665 752 3796 803 cum

505 831 995 906 &cratissima
1050 829 1348 926 Principi
1408 852 1494 903 ac
1543 828 1841 903 Domino
1892 827 2192 902 Domino
2256 826 2555 924 Mathiae
2605 826 2740 901 Dei
2792 827 3024 902 Gratia
3075 828 3320 903 Electo
3376 828 3796 905 Romanorum

506 935 912 1032 hperatori
946 955 1227 1029 sempor
1266 932 1615 1027 Augusto,
1663 955 1749 1005 ac
1785 930 2224 1020 Germaniae,
2272 929 2694 1028 Hungariae,
2717 931 3095 1006 Bohemiae
3131 937 3259 1006 dcc.
3302 932 3509 1027 Regi,
3543 934 3797 1010 Domino

503 1038 807 1113 Patrueli
860 1048 931 1111 et
977 1037 1164 1111 Patri
1212 1046 1453 1110 nostro
1509 1035 2145 1110 observandissimo
2198 1033 2500 1127 benigne
2551 1036 2778 1108 visum
2828 1034 3104 1125 fuisset,
3162 1035 3403 1109 Inclito
3457 1059 3584 1112 suo
3626 1038 3801 1111 Hun-

506 1145 749 1238 gariae
786 1141 1063 1236 Regno,
1115 1138 1554 1237 partibusque
1607 1139 1831 1216 eidem
1885 1138 2207 1228 adnexis,
2257 1160 2385 1240 pro
2436 1140 2549 1235 pia
2601 1147 2807 1233 atque
2858 1147 3144 1235 paterna
3196 1161 3321 1214 sua
3357 1162 3523 1213 cura
3558 1151 3625 1214 et
3669 1143 3803 1214 sot-

506 1246 857 1320 licitudine
895 1245 984 1318 de
1034 1242 1264 1316 futuro
1302 1235 1501 1335 Re‘ge
1535 1252 1740 1338 atque
1776 1235 2212 1318 Successore
2263 1245 2671 1337 tempestiue
2706 1237 3132 1339 prospicere,
3186 1265 3479 1337 eumque
3527 1247 3594 1317 in
3626 1243 3806 1317 finem

508 1371 608 1423 ex
659 1349 989 1444 singulari
1060 1370 1186 1422 sua
1240 1357 1314 1419 et
1379 1356 1663 1443 paterna
1716 1369 1888 1439 erga
1954 1367 2084 1419 nos
2137 1349 2361 1441 gratia
2413 1356 2485 1419 et
2552 1368 2793 1420 amore
2842 1345 3156 1438 ejusdem
3207 1346 3434 1441 Regni
3485 1347 3702 1420 Status
3748 1359 3808 1418 et

502 1452 805 1530 Ordines
857 1450 1156 1545 benigno
1192 1453 1694 1546 requisiuisset,
1744 1452 1845 1523 uti
1876 1471 2006 1522 nos
2042 1452 2114 1522 iu
2149 1448 2446 1522 futurum
2496 1452 2812 1544 ipsorum-
2834 1447 3106 1543 Regem
3139 1449 3414 1540 eligere·
3448 1447 3805 1541 acceptare,

508 1558 944 1654 proclamare
997 1564 1079 1630 et
1118 1576 1459 1628 coronare
1513 1554 1829 1649 adeoque
1882 1556 2137 1650 optime
2189 1552 2573 1647 Hajestatis
2627 1552 2816 1652 Suae
2867 1550 3219 1627 Cesareae
3270 1553 3664 1649 Regiaeque
3709 1557 3808 1626 iu-

509 1663 824 1749 tentioni,
889 1680 1066 1754 quae
1116 1661 1391 1732 nonnisi
1443 1661 1513 1729 in
1564 1655 1972 1730 beneficium
2025 1654 2227 1749 hujus
2283 1654 2602 1730 Coronae
2655 1654 3040 1730 redundare
3092 1667 3322 1751 queat,
3393 1679 3518 1730 sua
3570 1679 3807 1754 quoque

507 1787 607 1838 ex
655 1772 851 1861 parte
902 1760 1330 1859 respondere
1384 1759 1668 1850 vellent,
1722 1759 1934 1833 Iidem
1973 1757 2206 1834 Status
2261 1769 2332 1832 et
2364 1758 2657 1832 Ordines
2713 1759 3072 1833 sollicitum
3128 1759 3332 1848 hunc,
3386 1765 3640 1834 etiam
3673 1770 3807 1830 ante

501 1866 810 1975 'pluribus
883 1862 1365 1938 occasionibus
1420 1872 1872 1939 contestatum
1946 1862 2328 1956 Maj‘estatis
2383 1863 2569 1936 Suae
2624 1861 2974 1936 Cesareae
3025 1860 3427 1958 Regiaeque
3500 1864 3811 1947 allectum,

503 1975 605 2052 nti
656 1970 897 2044 fideles
952 1978 1024 2042 et
1058 1967 1271 2043 Cives
1322 1968 1594 2041 Patriae
1648 1977 1959 2042 amantes
2015 1963 2244 2058 decet,
2299 1974 2497 2062 grato
2537 1969 2764 2039 animo
2802 1976 3295 2061 agnoscentes,
3352 1965 3656 2040 eiusdem
3695 1966 3813 2038 de-

507 2074 767 2149 ·si‘derio
818 2071 1001 2147 baud
1034 2073 1369 2168 grauatim
1425 2069 1929 2162 obsecundare,
1983 2080 2190 2165 atque
2241 2091 2374 2145 nos
2426 2073 2496 2142 in
2547 2070 2815 2164 Regem
2869 2079 3074 2165 atque
3116 2070 3482 2144 Dominum
3536 2074 3809 2166 ipsorum

502 2177 698 2252 iuxta
771 2181 1110 2273 antiquam
1185 2175 1757 2254 consuetudinem
1803 2183 1876 2247 et
1950 2171 2334 2246 libertatem
2407 2195 2648 2247 eorum
2718 2195 2997 2269 semper
3076 2170 3515 2248 obseruatum
3568 2171 3812 2267 paribus

506 2286 692 2355 votis
748 2292 818 2354 et
868 2281 1168 2354 unanimi
1239 2301 1589 2354 consensu
1659 2281 1789 2351 rite
1852 2277 2146 2371 eligere,
2216 2276 2673 2373 proclamare,
2728 2280 3188 2373 inuocatoque
3224 2277 3496 2351 demum
3534 2276 3814 2350 Numinis

504 2384 717 2460 'diuini
771 2385 1025 2457 auxilio
1080 2381 1376 2455 feliciter
1427 2385 1633 2455 etiam
1669 2402 2013 2454 coronare
2066 2390 2422 2476 promptos
2452 2389 2870 2477 paratosque
2921 2378 3077 2453 fore
3123 2379 3648 2467 declarauerint,
3695 2378 3815 2450 de·

502 2487 722 2578 'niisse
794 2496 1152 2581 rogauteS,
1220 2489 1321 2560 vti
1371 2485 1847 2580 infrascriptos
1901 2484 2283 2573 Articulos,
2355 2487 2721 2580 omniaque
2776 2493 2848 2557 et
2916 2484 3187 2579 singula
3238 2487 3308 2557 in
3361 2487 3467 2558 eis
3523 2487 3815 2557 contenta

508 2603 683 2672 rata,
721 2601 916 2684 grata
954 2601 1022 2664 et
1058 2599 1343 2684 accepta
1378 2588 1739 2678 babentes,
1785 2597 2231 2682 nostrumque
2266 2582 2558 2681 Regium
2596 2609 3013 2661 consensum
3051 2588 3182 2661 illis
3216 2586 3655 2685 praebentes,
3682 2586 3818 2657 cle-

508 2706 778 2776 menter
829 2701 1220 2790 acceptare,
1300 2693 1703 2766 auctoritate
1773 2701 2012 2765 nostra
2064 2691 2288 2786 Regia
2339 2690 2724 2789 approbare
2776 2701 2848 2764 et
2916 2690 3352 2780 confirmare,
3433 2701 3650 2788 atque·
3701 2699 3819 2759 tam

510 2822 641 2873 nos
697 2802 825 2894 ipsi
879 2819 1007 2872 suo
1060 2805 1373 2893 tempore
1427 2794 1726 2890 benigne
1762 2794 2171 2882 obseruare,
2227 2817 2425 2890 quam
2482 2817 2607 2890 per
2660 2794 2860 2884 alios,
2915 2815 3200 2889 quorum
3255 2798 3569 2880 interest,
3619 2791 3815 2865 firmi-

507 2913 617 2976 ter
670 2900 1024 2976 obseruari
1062 2898 1302 2972 facere
1348 2898 1805 2993 dignaremur.
1860 2898 2163 2986 Quorum
2202 2898 2472 2994 quidem
2507 2897 2972 2971 Articulorum
3029 2907 3229 2971 tenor
3270 2902 3604 2992 sequitur,
3633 2906 3696 2968 et
3729 2901 3819 2964 est

508 3005 704 3078 talis:
778 3003 1003 3076 Prima
1058 3002 1380 3076 conditio.
1436 3002 1634 3090 Quod
1686 3005 2060 3078 vniversas
2113 3011 2185 3075 et
2236 3001 2543 3096 singulas
2578 3002 2807 3096 Regni
2859 3000 3302 3090 libertatates,
3354 3002 3821 3081 lmmnnitutes,

508 3106 917 3199 Priuilegia,
941 3104 1231 3197 Statuta,
1266 3106 1430 3179 Jura
1474 3115 1546 3179 et
1580 3106 2118 3181 consvetudines
2155 3106 2354 3180 simul
2392 3115 2462 3178 et
2497 3106 2981 3180 conclusiones
3015 3105 3374 3178 Tractatus
3401 3105 3824 3186 Viennensis,

510 3233 893 3306 omnesque
927 3210 1278 3285 Articulos
1314 3213 1385 3282 in
1421 3208 1669 3283 eodem
1724 3209 2294 3305 comprehensos,
2355 3212 2447 3281 ita
2503 3218 2576 3282 et
2624 3209 2929 3305 reliquos
2983 3219 3141 3282 ante
3195 3219 3264 3282 et
3312 3219 3474 3303 post
3527 3206 3823 3281 Corona-

510 3318 768 3387 tionem
820 3314 1194 3387 modernae
1249 3311 1511 3387 Sacrae
1549 3311 1944 3388 Caesareae
1981 3313 2383 3408 Regiaeque
2433 3307 2817 3404 Maje'statis
2870 3316 2937 3386 in
2991 3312 3199 3385 Anno
3247 3311 3615 3385 Millesimo
3667 3330 3825 3382 sex-

513 3421 894 3491 centesimo
950 3426 1228 3503 octauo,
1275 3428 1345 3490 et
1385 3415 1751 3490 Millesimo
1805 3419 2321 3490 sexcentesimo
2364 3415 2567 3489 Nono
2625 3416 2876 3503 editos,
2930 3418 3001 3489 in
3054 3412 3369 3489 omnibns
3424 3419 3572 3489 suis
3621 3432 3825 3510 punc-

511 3524 626 3609 tis,
709 3521 1034 3595 clausulis
1107 3532 1177 3594 et
1234 3520 1563 3593 Articulis
1619 3521 1757 3598 Sua
1812 3519 2145 3612 Majestas
2198 3520 2421 3611 Regia
2473 3519 2759 3591 firmiter
2810 3531 2882 3592 et
2933 3530 3171 3592 sancte
3226 3518 3649 3605 obseruabit,
3722 3535 3828 3611 per

511 3625 825 3721 aliosque
896 3646 1138 3698 omnes
1210 3622 1689 3698 inuiolabiliter
1760 3621 2118 3697 obseruari
2188 3621 2416 3694 faciet.
2526 3622 2844 3696 Secunda
2901 3622 3224 3696 conditio.
3330 3621 3535 3711 Quod
3589 3638 3828 3714 graua-

510 3731 721 3817 mina,
800 3731 860 3801 si
917 3751 1109 3824 quae⁴
1148 3750 1368 3825 usque
1439 3727 1525 3799 ad
1585 3737 1854 3822 tempus
1928 3725 2346 3821 suscipiendi
2397 3725 2782 3817 Regiminis
2833 3725 3216 3819 MaJestatis
3270 3727 3458 3799 Suae
3512 3724 3826 3822 qualiter.-

517 3853 788 3927 cunque
844 3833 1225 3919 euenerint,
1283 3853 1368 3904 ea
1424 3833 1647 3903 statim
1703 3833 1769 3902 in
1823 3831 2014 3901 initio
2071 3829 2451 3924 Regiminis
2506 3830 2694 3902 Suae
2748 3829 3132 3921 Majestatis
3185 3835 3254 3902 in
3305 3829 3557 3903 Diaeta
3610 3825 3831 3926 primi-

510 3944 621 4026 tus
677 3939 850 4008 intra
900 3937 1188 4029 spatium
1245 3955 1378 4007 sex
1432 3935 1767 4006 mensium
1822 3931 2226 4028 publicanda
2280 3936 2550 4030 penitus
2603 3934 2816 4006 tollet.
2925 3933 3334 4007 Grauamina
3400 3927 3632 4005 autem
3684 3929 3832 4002 vui-

506 4046 877 4126 'uersorum
921 4035 1231 4110 Statuum
1287 4047 1357 4109 et
1409 4036 1734 4110 Ordinum
1780 4037 2035 4133 Regni,
2075 4060 2524 4133 quaecunque
2581 4060 2917 4110 successu
2970 4042 3297 4133 temporis
3351 4037 3478 4110 sub
3533 4032 3833 4129 Regimi-

513 4153 605 4213 ne
660 4140 847 4213 Suae
897 4139 1276 4214 Maiestatis
1331 4143 1739 4214 emerserint
1791 4163 1891 4213 ea.
1930 4145 2000 4212 in
2056 4140 2341 4234 singulis
2394 4141 2684 4227 Diaetis,
2736 4163 2906 4235 quas
2960 4139 3100 4218 Sua
3157 4140 3489 4232 Majestas
3540 4140 3832 4212 Succes-

516 4247 686 4318 siuis
739 4241 1158 4341 temporibus
1222 4266 1346 4339 pro
1404 4242 1769 4317 commodo
1826 4254 1894 4316 et
1949 4249 2368 4317 necessitate
2420 4244 2647 4338 Regni
2727 4265 2862 4340 quo
2919 4248 3194 4341 saepius
3248 4243 3398 4317 fieri
3433 4246 3710 4341 poterit,
3755 4242 3832 4311 ita

516 4357 589 4421 ut
640 4351 998 4420 terminum
1071 4350 1345 4420 triennii
1399 4370 1537 4420 non
1594 4347 1915 4430 excedat,
1990 4345 2334 4442 publicare
2391 4358 2460 4420 et
2531 4348 2890 4421 celebrare
2946 4348 3353 4443 dignabitur,
3427 4347 3558 4422 sub
3616 4343 3836 4419 eadem

510 4449 760 4524 Diaeta
812 4451 1006 4522 tollet
1057 4460 1127 4523 et
1181 4448 1589 4524 effectuabit.
1697 4452 1927 4527 Tertia
1984 4449 2301 4523 conditio.
2413 4450 2607 4536 Quod
2667 4450 2937 4546 quando
2993 4452 3080 4525 de
3132 4450 3341 4524 rebus
3414 4463 3488 4525 et
3560 4448 3834 4541 negotiis

516 4554 748 4650 Regni
801 4554 1195 4648 Hungariae
1252 4565 1365 4627 aut
1432 4554 1728 4627 Partium
1785 4558 1851 4627 ei
1932 4553 2390 4627 subiectarum
2446 4566 2715 4648 agetur,
2797 4579 2882 4628 ea
2945 4579 3070 4651 per
3121 4556 3490 4648 Hungaros
3564 4561 3835 4626 tractare

516 4667 590 4730 et
642 4659 1033 4732 consultare
1089 4657 1502 4751 dignabitur,
1577 4662 1764 4730 iuxta
1822 4658 2173 4730 Articulos
2226 4659 2408 4730 Anni
2465 4657 2804 4732 Millesimi
2861 4663 3348 4731 sexcentesimi
3403 4663 3667 4744 octaui,
3717 4675 3833 4728 no-

520 4783 684 4835 num
766 4772 834 4834 et
902 4761 1239 4835 decimum
1311 4772 1468 4834 ante
1532 4758 2064 4833 Coronationem
2140 4761 2402 4847 editos,
2481 4766 2644 4834 item
2698 4762 2881 4835 Anni
2937 4761 3277 4834 Millesimi
3331 4755 3837 4857 quingentesimi

517 4868 1063 4961 quinquagesimi
1134 4869 1296 4938 noni
1371 4864 1725 4937 articulum
1780 4875 2120 4937 octauum.
2229 4865 2468 4959 Neque
2523 4869 2726 4938 etiam
2783 4867 3243 4962 supplicantes
3291 4876 3408 4940 aut
3486 4871 3834 4938 causantes

514 4967 886 5062 Indigenas
950 4968 1177 5061 Regni
1248 4972 1422 5042 intra
1476 4967 1796 5041 ambitum
1866 4969 2175 5042 eiusdem
2230 4980 2677 5042 occurrentes
2730 4969 2817 5042 ad
2871 4970 3210 5063 Regimen
3265 4980 3335 5042 et
3383 4969 3557 5042 Jura
3613 4977 3837 5040 exter-

514 5097 608 5146 na
680 5075 1009 5165 rejicere,
1093 5071 1492 5167 pertrahere
1546 5081 1613 5145 et
1668 5071 1996 5167 ablegare
2068 5075 2399 5167 pacietur,
2478 5076 2664 5144 iuxta
2737 5083 3047 5146 extrema
3122 5070 3337 5146 verba
3391 5072 3836 5146 Articulorum

516 5176 768 5249 decimi
822 5187 893 5248 et
946 5176 1194 5249 decimi
1267 5180 1446 5249 sexti
1502 5186 1663 5249 ante
1716 5174 2252 5250 Coronationem
2306 5186 2378 5247 et
2426 5173 2709 5249 Decreti
2759 5175 3176 5250 Ferdinandi
3226 5175 3432 5250 Anno
3490 5175 3837 5249 milesium

516 5281 1071 5371 quingentesimo
1116 5281 1464 5352 tricesimo
1520 5288 1753 5368 sexto,
1808 5280 2095 5352 articulo
2166 5279 2695 5375 quadragesimo
2754 5283 2971 5374 primo
3026 5278 3212 5353 editi.
3292 5279 3552 5367 Quarta
3609 5275 3841 5352 condi-

521 5384 642 5449 tio.
714 5377 1179 5460 Continiorum
1231 5404 1406 5480 vero
1452 5381 1964 5474 Praefecturas,
2019 5380 2501 5478 Capitaneatus
2537 5393 2609 5456 et
2660 5384 2792 5456 alia
2829 5382 3072 5457 Officia
3125 5393 3263 5457 tam
3315 5388 3386 5456 in
3436 5383 3609 5473 hoc,
3661 5397 3841 5476 quam
