3950 5917
3297 425 3464 503 2¹19

144 647 435 727 semper
512 631 818 721 aderunt,
900 641 971 705 et
1010 631 1260 706 ibidem
1314 617 1675 728 diligenter
1722 636 1861 726 illa,
1939 658 2115 732 quae
2187 636 2434 709 iisdem
2515 635 2886 709 secundum
2966 639 3460 734 praescriptum

144 732 413 829 Legum
466 733 856 828 iucunbunt,
925 735 1269 811 curabunt.
1378 737 1572 827 Quod
1628 743 1687 813 si
1742 747 1962 814 autem
2031 744 2103 812 in
2155 738 2527 814 sclavonia
2580 749 2649 812 et
2701 737 2976 837 syrmio
3027 741 3203 813 tales
3257 737 3453 815 Cau·-

141 857 279 913 aae
334 848 766 930 occurerent,
844 861 1020 937 quae
1073 841 1562 916 antecedenter
1620 845 1763 938 jam
1815 863 1942 940 per
1991 839 2377 936 Instantius,
2447 863 2617 939 quas
2668 843 2998 917 hactenus
3050 843 3456 939 babuerunt,

142 939 446 1015 finaliter
522 940 800 1017 decisae
852 953 925 1017 et
975 955 1341 1042 superatae
1403 946 1701 1036 fuerunt,
1798 959 1957 1021 tunc
2035 969 2152 1020 res
2214 949 2514 1039 judicata
2566 969 2691 1044 pro
2741 948 2862 1020 tali
2911 949 3331 1043 relinquatur
3383 959 3455 1022 et

146 1051 462 1138 maneat,
512 1047 797 1144 amptius
851 1065 1081 1121 coram
1138 1048 1509 1123 comitatu
1523 1071 1661 1124 non
1712 1051 2222 1142 resuscitanda3
2273 1052 2652 1149 pendentes
2703 1061 2958 1143 umen,
3030 1073 3153 1126 seu
3198 1050 3453 1126 ibidem

136 1151 289 1241 jam
332 1152 616 1246 praevie
667 1155 997 1248 inceptas,
1070 1153 1368 1226 nondum
1416 1164 1645 1227 tamen
1702 1155 1993 1228 finaliter
2037 1159 2435 1229 terminatas
2480 1155 2689 1245 Lites,
2745 1154 3150 1244 causantes,
3219 1159 3282 1231 si
3331 1157 3454 1229 vel

143 1251 398 1327 ambae
443 1249 709 1343 Partes,
777 1253 897 1327 vel
947 1254 1113 1330 Jure
1167 1269 1553 1332 conventas
1606 1260 1845 1333 saltem
1895 1260 2365 1333 Provinciales
2433 1259 2710 1350 fuerint,
2781 1260 2896 1333 vel
2950 1259 3037 1332 de
3087 1282 3168 1332 re
3213 1260 3452 1334 Iuris·-

144 1356 430 1430 dictioni
505 1354 914 1432 Provinciuli
993 1361 1300 1453 subjecta
1379 1373 1645 1457 agatur,
1724 1385 1861 1437 non
1916 1362 2100 1453 alibi,
2180 1385 2377 1458 quam
2451 1385 2682 1436 coram
2740 1359 3074 1438 Comitatu
3128 1373 3199 1436 et
3247 1364 3449 1438 Foris

142 1459 713 1556 Provincialibus,
760 1468 1055 1538 servatis
1109 1465 1198 1539 de
1232 1466 1399 1539 Jure
1452 1468 1839 1556 servandiS,
1888 1487 2302 1563 promovere
2354 1477 2687 1564 poterunt.
2793 1467 2882 1540 Bt
2931 1469 3084 1563 quia

460 1618 847 1707 Quarto:
952 1619 1310 1698 Memorati
1389 1622 1758 1698 Cornitatus
1810 1623 2247 1719 Magistratus
2302 1622 2604 1697 adinstar
2654 1623 2938 1696 aliorum
2995 1621 3445 1698 comitatuum

134 1721 312 1795 Jure
364 1727 567 1797 etiam
628 1723 847 1797 Gladii
898 1725 1249 1819 gaudebit,
1298 1730 1504 1821 igitur
1553 1732 1620 1801 in
1673 1729 1966 1802 solerter
2016 1727 2510 1825 persequendis
2565 1751 2650 1799 ac
2692 1750 2818 1823 pro
2856 1727 3185 1800 demerito
3242 1730 3447 1802 etiam

140 1827 501 1922 puniendis
553 1827 1018 1904 Praedonibus
1073 1831 1357 1927 aliisque
1410 1830 1964 1905 malefactoribus
2018 1854 2288 1905 omnem
2343 1831 2677 1904 Laborem
2733 1841 2802 1905 et
2853 1831 3253 1904 Industriam
3306 1854 3446 1927 pa·-

140 1933 312 2003 riter
367 1932 733 2026 impendet,
813 1953 946 2029 quo
1024 1934 1249 2008 taliter
1297 1938 1364 2008 ιιι
1421 1936 1693 2031 Syrmio
1764 1918 2035 2042 qu'oque
2107 1945 2178 2008 et
2229 1934 2597 2008 Sclavenia
2676 1939 3044 2009 intrinseca
3125 1937 3319 2030 quies
3372 1941 3447 2010 et

138 2035 584 2130 maquillims
635 2036 1113 2124 restabiliatur,
1164 2027 1784 2136 Malefactoresque
1840 2011 2176 2132 condigna
2234 2049 2303 2112 et
2352 2043 2717 2136 promerita
2770 2061 2993 2136 poena
3063 2039 3443 2134 puniantur.

138 2135 361 2224 Quem
412 2142 480 2212 ιιι
535 2139 735 2214 finem
791 2138 1163 2216 Comitatus
1215 2145 1285 2216 iu
1335 2141 1517 2216 bono
1572 2163 1656 2213 ac
1709 2157 1957 2216 securo
2009 2143 2228 2234 Loco,
2305 2141 2434 2240 ipsi
2487 2164 2610 2238 per
2663 2135 3229 2216 commissionem
3281 2137 3444 2216 No·-
3604 2209 3613 2221 .

136 2251 349 2314 ειηιιι
404 2245 845 2337 assignando,
900 2249 1101 2317 etiam
1158 2244 1497 2320 Carceres
1548 2267 1671 2343 pro
1727 2245 2310 2343 Delinquentihus,
2365 2245 2490 2320 sub
2546 2245 2723 2319 bona
2778 2244 3100 2318 Custodia
3157 2255 3226 2318 et
3263 2267 3442 2344 pro-

134 2349 410 2420 visione
462 2349 848 2438 servandis,
901 2348 1196 2439 habebit,
1249 2360 1320 2422 et
1360 2352 1617 2446 reliqua
1673 2354 1875 2424 etiam
1929 2351 2017 2424 ad
2058 2350 2475 2424 Exercitium
2529 2349 2713 2424 Juris
2770 2349 2986 2443 Gladij
3043 2353 3441 2424 necessaria

128 2453 459 2546 requisita
512 2452 919 2548 procurabit.

448 2607 825 2695 Quinto:
903 2609 993 2681 Et
1044 2631 1199 2681 cum
1272 2608 1649 2704 Suprafatis
1727 2608 1970 2704 Regtjs
2051 2608 2557 2702 Commissarijs
2623 2610 2892 2683 Nostris
2965 2632 3058 2681 ex
3113 2611 3437 2705 peculiari

130 2715 359 2806 gratia
430 2723 502 2784 et
571 2711 942 2788 Clementia
1022 2712 1273 2786 Nostra
1353 2713 1741 2788 facultatem
1822 2714 1952 2788 bac
2032 2719 2189 2788 vice
2267 2713 2561 2810 benigne
2642 2718 3138 2802 concessimus,
3217 2724 3289 2786 ut
3348 2715 3435 2787 ad

126 2818 332 2890 citius
410 2826 611 2912 atque
692 2816 956 2890 facilius
1010 2821 1079 2890 in
1131 2818 1262 2891 illis
1332 2818 1632 2913 partibus
1710 2817 2166 2894 reducendam
2220 2817 2553 2914 publicam
2627 2822 2920 2915 quietem
2976 2828 3044 2890 et
3096 2818 3435 2913 tranquil-

128 2918 388 2993 litatem
438 2921 837 3012 generalem
890 2921 1323 3016 Amnystiam
1367 2944 1492 3017 pro
1524 2920 2020 3012 Praedonibus,
2074 2926 2140 2996 in
2195 2919 2532 2996 Libertate
2591 2922 2967 2995 adhucdum
3025 2926 3431 3011 constitutiS,

124 3033 639 3120 consequenter
674 3024 799 3097 sub
833 3024 1202 3100 Judiciaria
1254 3036 1593 3120 potestate
1646 3026 1939 3100 nondum
1997 3024 2469 3109 existentibus,
2521 3025 2879 3102 Altissimo
2933 3023 3224 3100 Nomine
3276 3023 3435 3100 No-

122 3136 277 3200 otro
333 3149 421 3201 eo
475 3129 678 3202 modo
729 3127 1076 3224 publicare
1127 3133 1418 3225 possint,
1469 3141 1542 3202 ut
1584 3128 2028 3225 praefigendo
2080 3130 2212 3202 illis
2255 3129 2670 3218 Terminum,
2726 3133 2897 3202 intra
2954 3153 3151 3226 quem
3210 3140 3431 3203 semet

132 3251 370 3305 curam
423 3234 591 3328 ipsis
642 3234 759 3305 vel
811 3233 1302 3328 Superior-itate
1356 3254 1479 3305 sua
1534 3236 1781 3306 sistere
1836 3231 2154 3316 debeant,
2210 3243 2280 3305 et
2331 3244 2403 3305 ιιι
2453 3234 2651 3313 tales..
2723 3237 2839 3326 qui
2893 3245 3109 3305 semet
3184 3243 3429 3327 sponte

124 3338 397 3423 atatem,
452 3337 569 3410 vel
610 3335 923 3409 Militaria
953 3336 1249 3409 Servitia
1305 3339 1528 3409 statim
1580 3336 2096 3431 amplectantur,
2146 3337 2266 3411 vel
2320 3336 2630 3431 deposito
2672 3340 2955 3433 praevie
3007 3334 3430 3426 Jurnmeuto,

122 3440 312 3535 quod
382 3440 709 3537 deinceps
762 3463 802 3513 a
854 3439 1324 3532 Praedocinijs
1397 3450 1466 3512 et
1517 3439 1670 3533 alijs
1722 3439 2085 3530 Maleficijs
2159 3442 2426 3537 penitus
2483 3438 2827 3513 abstinere
2884 3451 2951 3512 et
3002 3437 3206 3512 Domi
3260 3462 3428 3512 suae

124 3554 528 3618 constanter
575 3537 980 3639 permanere
1028 3544 1269 3630 velint,
1324 3554 1546 3616 semet
1596 3547 1666 3617 ιιι
1716 3566 1917 3616 unam
1971 3544 2089 3616 vel
2137 3544 2420 3616 alteram
2486 3542 2897 3638 Pagensium
2956 3542 3429 3618 Commuuita-

128 3657 265 3721 tem
347 3647 624 3721 inscribi
694 3668 936 3720 curare
994 3658 1371 3722 teneantur.
1474 3649 1684 3741 Igitur
1737 3650 1930 3743 hujus
1998 3671 2269 3744 quoque
2340 3647 2794 3722 effectuationi
2869 3644 3256 3721 omnimode
3310 3650 3482 3722 ιιι--

125 3762 352 3826 tentus
405 3755 535 3826 erit
582 3751 1041 3846 Magistratus

435 3909 725 3982 Sexto:
765 3907 1111 4005 Siquidem
1148 3907 1495 4005 praefatus
1527 3906 1924 4000 comitatuS,
1962 3912 2377 4002 quamvis
2407 3905 2723 4000 Regno
2760 3906 3102 3980 Nostro
3142 3904 3427 3978 Crea-

117 3993 308 4086 tiae
363 4015 804 4111 caeteroquin
854 4011 1418 4109 incorporabitur,
1473 4031 1663 4084 suam
1712 4021 2009 4084 attamen
2049 4010 2627 4085 contributionem
2671 4021 3029 4107 praestare
3063 4021 3135 4084 et
3166 4010 3428 4083 Illoca-

116 4119 344 4191 tiones
395 4115 721 4190 Militares
777 4117 1041 4213 aliaque
1106 4113 1641 4189 concomitantia
1706 4138 1915 4189 onera
1970 4113 2247 4187 Publica
2317 4115 2621 4190 adinstar
2683 4115 3131 4189 Comitatuum
3200 4113 3428 4209 Regni

115 4219 349 4295 Nostri
377 4220 767 4315 Hungariae
803 4231 1201 4317 supportare
1240 4219 1547 4294 debebit:
1601 4220 1775 4292 Hinc
1812 4218 2185 4293 Comitatus
2222 4223 2354 4294 iste
2387 4229 2459 4293 et
2493 4220 2802 4313 ejusdem
2840 4219 3302 4314 Magistratus,
3354 4221 3426 4291 in

114 4327 396 4421 reliquis
435 4325 704 4421 quidem
741 4325 1200 4424 praefatorum
1235 4323 1630 4419 Regnorum
1658 4322 2062 4398 Nostrorum
2098 4323 2502 4412 Dalmatiae,
2549 4323 2869 4397 Croatiae
2905 4333 2975 4397 et
3008 4323 3427 4398 sclavoniae

112 4429 359 4503 Banali
410 4439 480 4502 et
528 4430 942 4504 Provinciali
992 4427 1484 4518 Jurisdictioni,
1539 4433 1648 4501 cui
1682 4431 1971 4525 praevio
2019 4426 2229 4502 modo
2264 4426 2831 4552 incorporabitur,
2887 4428 3187 4502 adinstar
3238 4427 3427 4501 alio-

110 4556 264 4607 rum
316 4536 385 4606 in
437 4533 683 4628 ijsdem
734 4534 995 4628 Regnis
1077 4535 1359 4606 sitorum
1415 4531 1860 4607 comitatuum
1944 4531 2225 4623 suberit,
2303 4535 2372 4605 ιιι
2428 4530 3116 4606 Contributionalibus
3195 4541 3423 4608 tamen

110 4647 187 4711 et
232 4638 391 4729 aliis
438 4635 1015 4714 contributionem
1079 4629 1690 4710 concomitantibus
1745 4647 1814 4711 et
1865 4636 2144 4711 fundum
2199 4636 2375 4709 illius
2428 4625 2858 4730 tangentibus
2914 4647 2982 4709 et
3030 4637 3421 4733 respicien-

108 4740 293 4815 ffius
353 4741 675 4817 oneribus
723 4754 794 4815 et
826 4738 1378 4837 dispositionibus
1429 4740 1750 4829 Publicis,
1803 4741 2107 4816 adinstar
2159 4739 2603 4812 comitatuum
2658 4740 3226 4836 Hungaricorum,
3278 4743 3420 4811 im-

108 4846 408 4920 mediate
460 4868 501 4918 a
539 4848 759 4942 Regio
812 4846 1202 4938 Hungarico
1255 4842 1859 4918 Locumtenentiali
1916 4843 2220 4919 consilio
2273 4844 2555 4934 Nostro,
2610 4855 2805 4941 prout
2859 4855 2930 4918 et
2977 4848 3416 4922 constituen-

106 4951 239 5023 dus
294 4954 362 5025 in
412 4951 547 5025 illis
598 4950 907 5025 Partibus
986 4948 1435 5023 Provincialis
1491 4945 2016 5022 Commissarius
2068 4951 2135 5022 in
2186 4947 2393 5021 rebus
2443 4948 2666 5040 Officii
2724 4974 2764 5021 a
2819 4947 3177 5024 Directore
3227 4947 3413 5020 Pro-

109 5056 426 5130 vinciaIis
482 5053 1074 5134 commissariatus
1126 5053 1521 5145 Hungarici,
1574 5050 2076 5148 dependebunt,
2140 5049 2430 5126 debitam
2480 5075 2632 5126 cum
2671 5052 2915 5147 ijsdem
2971 5052 3415 5149 correspon—

108 5158 409 5234 dentiam
461 5163 532 5232 ia
578 5161 973 5257 praemissis
1029 5155 1338 5244 babituri,
1393 5164 1462 5227 et
1513 5154 1888 5229 eorundem
1941 5155 2512 5252 Dispositionibus
2561 5160 2864 5252 parituri.
2935 5155 3412 5252 Regulamen-

105 5274 317 5362 toque
368 5267 568 5337 οιιιιιιι
613 5261 907 5346 Militari,
956 5261 1141 5355 quod
1176 5263 1243 5333 iu
1281 5258 1654 5333 Sclavonia
1708 5267 1779 5331 et
1822 5259 2095 5356 Syrmio
2145 5271 2302 5334 actu
2355 5264 2548 5354 viget
2599 5265 2772 5333 etin
2821 5283 2949 5334 usu
3002 5271 3135 5353 est,
3185 5280 3408 5358 usque

102 5370 505 5444 More-
554 5366 931 5461 najestetis
984 5364 1279 5440 Nostrae
1326 5363 1859 5460 Dispositiouem
1931 5375 2154 5440 semet
2205 5362 2430 5438 debite
2484 5363 2993 5440 conformaturi.

2844 5520 2992 5595 53·
