3950 5917
3321 400 3492 478 249·

156 602 281 678 bus
318 602 580 680 illarum
633 605 938 724 parcium
988 605 1489 693 counimus,
1543 612 1878 700 quatem
1932 605 2156 678 statim
2213 605 2518 700 acceptis
2587 604 3021 701 presentibus
3074 608 3162 679 ad
3216 660 3481 682 .......

162 759 443 779 ........
525 727 659 848 que
711 727 842 779 nos
895 708 965 778 in
1016 709 1532 802 presenciarum
1583 728 1710 803 pro
1763 709 2312 780 conseruacione
2391 707 2702 781 eiusdem
2756 712 2965 781 castri
3025 732 3150 830 per
3200 733 3333 785 vos
3409 721 3485 786 et

161 811 321 883 alios
374 861 977 882 .............
1001 809 1221 882 larum
1271 811 1578 907 parcium
1627 812 2027 882 interiorum
2093 808 2240 883 dari
2293 818 2364 882 et
2412 812 2670 907 imponi
2750 814 3252 902 commisimus,
3327 816 3487 888 sine

163 914 331 985 omni
400 912 715 985 vlteriori
768 964 1904 987 ........................
1933 933 2014 987 as
2067 934 2193 1009 pro
2247 911 2656 990 defensione
2709 915 3021 988 eiusdem
3069 914 3297 1011 Regni
3359 925 3481 990 te·—

163 1036 316 1086 nere
366 1024 441 1085 et
509 1014 703 1087 alere
771 1011 1070 1102 debetis,
1144 1025 1260 1088 aut
1329 1015 1641 1088 adminus
1696 1069 1713 1087 .
1743 1070 1762 1087 .
1789 1069 1808 1089 .
1836 1071 1903 1089 ..
1931 1069 2245 1090 .......
2298 1019 2618 1109 ingentos
2691 1019 2957 1112 equites
3009 1020 3315 1111 mittere,
3393 1041 3484 1092 ac

162 1116 529 1190 huiusmodi
602 1117 959 1209 victualia,
1037 1139 1177 1192 vna
1258 1140 1412 1190 cum
1484 1119 1770 1192 aliorum
1825 1172 2526 1192 ...............
2582 1142 2711 1193 eos
2782 1119 2872 1194 ad
2950 1121 3482 1198 conductionem

52 1281 53 1290 ,
158 1224 355 1314 ipsam
408 1223 583 1293 mitti
634 1222 960 1295 iussimus
1011 1243 1236 1316 vsque
1290 1220 1376 1293 ad
1429 1220 1612 1295 idem
1665 1230 1963 1296 castrum
2019 1275 2721 1296 ...............
2779 1224 3091 1298 omnibus
3147 1224 3482 1320 debeatis.

158 1321 237 1393 Et
281 1321 462 1396 aliud
510 1326 587 1396 in
639 1333 960 1419 quantum
1012 1323 1150 1397 boc
1203 1334 1274 1398 et
1324 1323 1487 1397 illud
1540 1323 1859 1447 Regnum
1911 1335 1983 1398 et
2032 1348 2167 1399 vos
2223 1348 2466 1399 omnes
2521 1381 2785 1400 ......
2842 1327 2929 1400 ali
2984 1327 3208 1400 futuro
3279 1333 3482 1424 peri-

52 1491 53 1500 ,
161 1426 300 1498 culo
346 1429 748 1520 preseruari
801 1429 1071 1524 cupitis,
1144 1430 1213 1500 in
1268 1428 1403 1499 hoc
1456 1427 1636 1501 nul¹a
1687 1431 1970 1502 racione
2026 1427 2264 1502 facere
2318 1429 2649 1504 audeatis.
2755 1430 3000 1503 Datum
3057 1431 3247 1504 Bude
3302 1430 3480 1504 feria

52 1551 53 1560 ¹
162 1531 452 1622 proxima
509 1538 673 1602 ante
724 1529 1155 1602 Dominicam
1208 1530 1444 1603 Ramis
1498 1511 1904 1605 Palmaru'm.
2012 1532 2220 1606 Anno
2272 1533 2548 1607 Domini
2599 1532 2964 1608 Millesimo
3041 1534 3482 1628 Quingente-

162 1634 318 1704 simo
370 1634 617 1727 primo.

1251 1835 1574 1916 (Siyillum
1612 1835 1885 1916 'Reyium
1930 1845 2357 1918 oppressum.)

159 2067 286 2138 off..
317 2073 367 2123 ι.
404 2071 639 2124 Arcum
674 2070 844 2142 unm·
880 2072 1135 2128 cro-une.
1192 2073 1327 2127 rm.
1363 2072 1426 2128 ιι.
1465 2073 1584 2127 112.

1549 2689 2058 2772 cmxlx.

1076 2979 1285 3048 Anno
1338 2975 1574 3049 1501.
1631 2977 1744 3047 die
1801 2974 1927 3048 25.
1985 2975 2182 3067 Maji.
2255 2976 2527 3050 Budae.

158 3235 737 3317 vladislaus
823 3235 1022 3316 Rex
1119 3247 1459 3316 contra
1549 3237 2089 3315 violentam
2155 3240 2244 3315 in
2308 3234 2642 3343 Regno
2706 3237 3238 3320 Slavoniae
3304 3243 3473 3321 ab-

557 3377 1125 3455 ductionem
1189 3374 1850 3480 Jobagionum
1934 3374 2708 3478 dispositionem
2791 3375 3052 3455 facit.

1994 3659 2369 3724 Commisu’o
2412 3662 2685 3741 propria
2732 3659 2994 3723 Domini
3038 3661 3251 3743 Royis.

442 3852 870 3925 VVladislaus
940 3853 1070 3924 Dei
1126 3857 1362 3946 gracia
1413 3851 1572 3924 Rex
1646 3851 1996 3944 Hungarie
2051 3862 2121 3923 et
2173 3852 2505 3925 Bohemie
2559 3857 2686 3924 dcc.
2793 3847 3138 3924 Fidelibus
3209 3856 3470 3927 nostris

154 3952 519 4052 Magnificis
592 3979 677 4028 ac
728 3955 1088 4050 Egregiis,
1162 3967 1232 4029 et
1300 3956 1746 4028 Vniuersitati
1816 3953 2153 4026 Nobilium
2230 3967 2302 4028 et
2353 3954 2887 4050 Regnicolarum
2955 3954 3179 4050 Regni
3251 3960 3470 4030 nostri

157 4059 504 4134 Sclauonie
592 4059 880 4133 salutem
934 4070 1004 4132 et
1055 4063 1380 4152 graciam.
1489 4056 1971 4152 Superioribus
2052 4056 2472 4153 temporibus
2545 4062 3109 4133 commiseramus
3165 4058 3471 4132 fidelita-

154 4161 312 4238 tibus
370 4167 667 4254 vestris‚
739 4172 817 4234 vt
868 4186 964 4235 ex
1019 4184 1152 4257 quo
1207 4167 1274 4235 iu
1330 4161 1446 4233 illo
1498 4161 1746 4253 Regno
1802 4170 2043 4234 nostro
2093 4171 2373 4256 propter
2424 4162 2874 4235 damnabilem
2929 4163 3109 4235 illam
3175 4173 3244 4234 et
3295 4185 3473 4259 per-

157 4268 467 4340 niciosam
526 4266 1090 4341 cousuetudinem
1145 4266 1448 4339 violente
1504 4275 1573 4338 et
1635 4265 2055 4337 nocturnalis
2100 4263 2529 4338 abductionis
2564 4265 3019 4360 Jobagionum
3077 4267 3283 4356 multe
3328 4266 3471 4339 ho-

154 4373 383 4443 minum
436 4373 1016 4467 interempciones
1072 4379 1273 4465 atque
1328 4368 1734 4442 hostilitates
1788 4369 2208 4464 plurimaque
2262 4368 2551 4464 dampna
2608 4378 2679 4441 et
2723 4371 2854 4441 alia
2900 4381 3471 4442 nocumentorum

158 4495 393 4564 genera
447 4479 518 4547 in
573 4475 970 4547 altervtrum
1025 4478 1550 4562 committantur„
1605 4482 1683 4543 vt
1727 4475 1796 4544 in
1844 4494 1984 4544 vno
2033 4471 2143 4543 die
2193 4475 2686 4545 conuencionis
2736 4476 2885 4544 siue
2931 4470 3463 4566 Congregacio-

156 4578 249 4647 nis
297 4588 531 4652 vestre
586 4600 794 4673 super
845 4576 1230 4650 huiusmodi
1285 4575 1659 4670 dampnosa
1717 4585 1788 4646 et
1832 4578 2080 4648 nociua
2132 4574 2591 4669 Jobagionum
2648 4573 3056 4648 abductione
3112 4579 3286 4648 inter
3330 4597 3467 4649 vos

156 4685 546 4773 tractaretis„
601 4690 671 4753 et
720 4690 924 4776 provt
976 4681 1220 4753 melius
1272 4682 1501 4753 visum
1552 4678 1768 4767 foret,
1822 4682 1891 4752 in
1945 4677 2333 4752 abolicione
2385 4678 2769 4751 huiusmodi
2823 4678 3226 4752 detestande
3282 4701 3468 4751 con-

163 4784 513 4858 suetudinis
566 4807 691 4880 pro
745 4784 1058 4856 vlteriori
1110 4787 1337 4878 quiete
1391 4793 1625 4858 vestra
1680 4785 1865 4855 viam
1923 4786 2361 4877 reperiretis3
2415 4791 2485 4854 et
2534 4792 2737 4878 provt
2787 4780 2989 4855 vobis
3043 4783 3287 4855 melius
3339 4786 3466 4855 vi-

167 4906 294 4957 sum
346 4887 578 4974 fieret„
659 4888 727 4959 id
778 4892 846 4959 in
901 4886 1190 4960 formam
1246 4887 1678 4958 articulorum
1734 4885 2145 4979 redigeretis
2217 4896 2288 4957 et
2337 4884 2681 4958 Maiestati
2729 4895 2968 4958 nostre
3036 4889 3470 4957 transmitte-

164 4993 328 5061 retis.
436 4991 659 5086 Super
710 5013 842 5084 quo
898 5013 1029 5064 nos
1082 5000 1321 5086 postea
1375 5011 1529 5059 cum
1584 4990 1875 5061 dominis
1928 4988 2217 5062 Prelatis
2252 4998 2322 5060 et
2355 4988 2772 5076 Baronibus,
2827 4992 2940 5083 qui
2991 4987 3170 5060 bona
3225 4992 3294 5059 in
3345 4988 3468 5059 illo

164 5086 385 5185 Regno
457 5105 691 5167 nostro
763 5094 1039 5183 habent,
1110 5102 1586 5180 tractaremus,
1661 5101 1733 5164 et
1802 5095 1863 5165 si
1915 5091 2301 5164 huiusmodi
2371 5096 2485 5164 via
2542 5102 2610 5163 et
2663 5090 2906 5165 modus
2978 5091 3308 5165 honestus
3381 5112 3472 5161 ac

170 5195 578 5269 conducibilis
613 5219 739 5293 pro
778 5200 1119 5269 communi
1172 5196 1354 5269 bono
1392 5204 1633 5268 vestro
1689 5203 1906 5283 esset,
1960 5194 2144 5266 illum
2181 5206 2700 5289 acceptaremus
2738 5204 2808 5266 et
2853 5216 2977 5289 per
3014 5194 3279 5268 litteras
3322 5215 3472 5265 uo·—

170 5305 325 5370 stras
360 5304 553 5372 etiam
609 5300 1193 5374 confirmaremus.
1268 5298 1462 5369 Nunc
1515 5319 1688 5370 vero
1745 5320 1838 5370 ex
1892 5296 2215 5370 relatibus
2269 5301 2668 5370 nunciorum
2726 5308 2797 5370 et
2833 5296 3117 5370 fratrum
3171 5306 3468 5372 vestro-

348 5458 495 5526 (Pars
524 5460 562 5514 l.
606 5460 780 5514 Privil.
816 5468 870 5513 et
903 5458 1123 5528 Libert.)
2940 5426 3039 5500 32
