3950 5917
3319 453 3467 528 401

1514 1174 2009 1259 enxhu
2025 1175 2112 1256 Ι.

1004 1462 1214 1536 Auito
1275 1462 1315 1534 1
1332 1462 1514 1536 738.
1570 1464 1684 1535 die
1739 1462 1868 1535 24.
1928 1465 2200 1534 Martii.
2280 1461 2606 1536 Viennae.

136 1728 564 1810 Carolus
616 1725 742 1807 ΙΙΙ.
805 1724 1006 1806 Rex
1069 1725 1877 1806 communitatem
1944 1723 2900 1829 Sichelburgensem
2963 1749 3002 1803 a
3057 1728 3470 1806 tricesi-

128 1893 333 1947 mae
427 1870 1164 1971 praestatione,
1261 1865 1575 1968 quoad
1641 1864 1832 1943 sibi
1925 1867 2573 1968 necessaria,
2677 1867 2771 1941 vi
2869 1863 3262 1944 obtenti
3347 1864 3466 1945 ab

512 2004 845 2084 eadem
911 2002 1624 2083 communitate
1688 2001 2271 2106 privilegii,
2335 1999 2752 2080 liberam
2817 2001 3084 2081 dicit.

126 2300 554 2375 GAROLVS
608 2300 725 2373 VI.
805 2300 959 2373 DEI
1020 2302 1238 2393 gratia
1307 2301 1569 2372 electus
1622 2298 2086 2371 Romanorum
2141 2298 2519 2393 Imperator
2589 2320 2863 2395 semper
2908 2299 3290 2393 Augustus,
3372 2323 3463 2374 ac

549 2401 992 2493 Germaniae,
1045 2404 1549 2498 Hispaniarum,
1603 2404 2031 2498 Hungariae,
2085 2401 2594 2498 Bohemiaeque
2650 2407 2777 2476 dcc.
2830 2402 3039 2476 REX.

439 2633 862 2723 Reverendi,
915 2632 1398 2723 HonorabileS,
1454 2631 1882 2728 Spectabiles
1946 2657 2032 2706 ac
2095 2633 2467 2727 Magnifici,
2546 2633 2892 2729 Magnifici
2943 2638 3101 2708 item
3164 2635 3451 2732 Egregij

116 2762 204 2810 ac
277 2737 592 2826 Nobiles,
648 2760 780 2811 nec
831 2759 969 2810 non
1041 2736 1419 2809 Prudentes
1475 2761 1558 2809 ac
1613 2736 2130 2832 circumspecti,
2210 2737 2451 2812 fideles
2528 2738 2745 2812 Nobis
2801 2739 3049 2812 dilecti.
3153 2740 3268 2811 Ex
3315 2740 3454 2813 de-

14 2875 15 2928 }
112 2848 337 2915 missa
375 2840 844 2914 cancellariae
881 2851 1162 2914 nostrae
1196 2840 1563 2913 Austriaco
1600 2840 1890 2913 Aulicae
1929 2840 2587 2937 Repraesentatione
2640 2841 3106 2931 informamur,
3165 2845 3455 2937 qualiter

14 2963 17 3068 μ
113 2945 590 3019 Communitas
671 2943 1270 3036 Sichelburgensis
1351 2967 1389 3016 a
1474 2944 1822 3017 modernis
1900 2945 2445 3019 Arendatoribus
2519 2950 2584 3018 dc
2662 2946 3300 3021 Tricesimatoribus
3379 2952 3454 3022 in

111 3052 416 3144 antiquis
472 3051 614 3123 suis
667 3070 793 3143 per
842 3046 989 3120 Nos
1046 3046 1438 3121 clementer
1510 3045 1942 3121 confirmatis
2016 3047 2408 3143 Privilegijs
2461 3052 2532 3121 in
2586 3072 2672 3121 eo
2729 3054 3112 3124 novissime
3185 3050 3451 3125 turbata

111 3164 325 3248 atque
381 3152 569 3225 laesa
625 3150 856 3241 fuerit,
911 3149 1089 3245 quod
1146 3150 1234 3222 de
1289 3150 1602 3223 omnibus
1658 3155 1722 3222 dc
1776 3149 2061 3244 singulis
2116 3152 2275 3223 illuc
2329 3152 2837 3225 introducendis
2899 3154 3242 3229 Mercibus
3298 3155 3452 3226 Te-

105 3256 374 3329 lonium
429 3259 582 3329 sive
636 3254 1088 3348 Trigesimam
1146 3254 1520 3326 earundem
1574 3263 1830 3347 partem
1885 3253 2467 3327 indiscriminatim
2518 3257 2924 3352 persolvere
2978 3254 3250 3348 debeat,
3332 3265 3449 3328 aut

103 3360 250 3434 boc
306 3359 679 3453 denegato,
735 3358 1011 3432 diversa
1064 3357 1235 3449 Ejus
1290 3366 1807 3451 sequestrentur
1856 3378 2156 3451 pecora3
2207 3357 2389 3430 unde
2437 3381 2695 3452 graves
2742 3362 2883 3451 jam
2939 3359 3188 3450 Rixae,
3245 3356 3445 3431 Con-

102 3462 367 3552 flictus,
424 3472 625 3557 atque
680 3460 950 3535 caedes
1005 3472 1277 3533 mutuae
1346 3457 1758 3533 subsecutae
1828 3458 2140 3534 fuissent.
2249 3459 2506 3547 Quibus
2562 3463 2758 3535 malis
2811 3473 3142 3558 oportune
3195 3466 3448 3557 provi-

101 3567 260 3640 deri
317 3569 697 3666 cupientes,
773 3561 1108 3638 camerae
1162 3574 1443 3638 nostrae
1495 3563 1788 3636 Aulicae
1843 3563 2142 3659 benigne
2221 3563 2810 3655 demandavimus,
2893 3576 3224 3661 quatenus
3279 3588 3444 3638 me-

97 3680 380 3744 morata
436 3669 927 3756 communitas,
980 3671 1230 3763 vigore
1282 3668 1632 3761 Privilegij
1693 3671 1824 3758 sui,
1904 3665 1990 3740 ab
2046 3668 2383 3760 ejusmodi
2455 3667 2877 3741 Tricesimae
2948 3671 3447 3764 praestatione,

98 3774 340 3871 quoad
395 3772 524 3846 sibi
571 3776 974 3846 necessario
1030 3770 1519 3843 introducenda
1561 3770 2117 3866 Consumptibilia
2170 3776 2437 3868 penitus
2494 3771 2842 3863 liberetur,
2898 3784 3219 3867 respectu
3264 3795 3443 3846 vero

96 3881 213 3952 sui
271 3876 598 3951 aliorsum
655 3875 905 3970 agendi
960 3885 1029 3948 et
1081 3875 1473 3949 instituendi
1529 3871 1965 3967 commercij,
2019 3878 2389 3973 praecipue
2442 3879 2825 3971 praesentis
2878 3875 3054 3949 Belli
3103 3886 3439 3971 tempore,

90 3984 390 4079 pristina
445 3985 510 4053 dc
563 3978 895 4052 hactenus
952 3980 1152 4053 solita
1205 3977 1557 4051 moderata
1630 3977 1895 4071 Telonij
1971 3982 2344 4074 praestatio
2418 3978 2849 4054 observetur.
2959 3980 3174 4068 Quam
3229 3978 3440 4053 beni-

91 4107 314 4181 gnam
370 4084 892 4157 Resolutionem
946 4093 1147 4178 atque
1203 4081 1715 4156 ordinationem
1769 4089 2073 4155 nostram
2126 4085 2194 4154 in
2232 4086 2632 4179 praemissis
2687 4087 3164 4174 interventum,
3216 4083 3442 4157 Fide-

86 4187 405 4263 litatibus
457 4186 728 4261 Vestris
782 4186 867 4260 ad
906 4187 1169 4259 Statum
1221 4189 1501 4259 notitiae
1558 4183 1952 4258 clementer
2000 4188 2414 4278 intimantes,
2466 4186 2718 4261 Iisdem
2778 4191 2846 4259 in
2883 4189 3146 4283 reliquo
3203 4185 3438 4260 Gratia

86 4304 165 4368 et
222 4290 604 4365 clementia
656 4301 893 4366 nostra
950 4286 1573 4385 Caesareo-Regia
1650 4288 1951 4384 benigne
2005 4293 2329 4385 propensi
2398 4312 2774 4364 manemus.
2878 4292 3123 4364 Datum
3179 4293 3247 4363 in
3302 4289 3438 4363 ci·-

80 4400 319 4471 vitate
374 4404 606 4469 nostra
662 4393 930 4468 Vienna
983 4393 1339 4483 Austriae,
1412 4393 1524 4465 die
1574 4395 1915 4488 vigesima
1970 4403 2208 4489 quarta
2272 4392 2533 4468 Mensis
2603 4392 2826 4486 Martij
2897 4394 3105 4469 Anno
3160 4395 3436 4469 Domini

76 4500 471 4574 Millesimo
524 4498 1150 4594 Septingentesimo
1204 4496 1592 4589 Trigesimo
1649 4507 1922 4570 octavo.

523 4731 862 4806 Carolus
912 4753 1000 4802 m.
1054 4753 1121 4827 p.

1815 4936 2070 5011 Comes
2123 4937 2513 5012 Ludovicus
2569 4939 2927 5036 Batthyani
2998 4963 3081 5012 m.
3131 4963 3196 5036 p.
3247 4921 3252 4928 ’

2097 5170 2338 5245 Petrus
2391 5170 2593 5264 Vegh
2673 5193 2761 5246 m.
2816 5193 2879 5269 p.

302 5541 460 5608 (rm
504 5538 543 5591 1.
598 5539 770 5593 rrzvn.
826 5547 880 5592 et
913 5537 1128 5606 uben.)
2896 5511 2987 5583 51
