3950 5917
1546 463 1561 474 ,
2473 387 2474 394 ψ
2908 343 2918 352 ’
3219 339 3424 458 'm

142 643 159 651 ,
191 576 311 651 rte,
343 566 432 644 ad
486 564 998 648 subsistentiam
1024 566 1278 664 populi
1314 569 1731 642 ‘necessaria
1780 565 2068 642 arabilia
2116 576 2186 640 et
2235 565 2572 642 falcabilia
2645 577 2946 666 terrena,
3019 570 3164 661 imo
3205 570 3420 665 ipsae

160 672 387 768 ylvae',
417 679 503 752 et,
539 691 796 766 pascua
834 670 1167 761 iaceant3,
1240 671 1520 765 insuper
1568 692 1744 742 vero
1799 673 2126 763 generice
2201 669 2396 743 Bona
2464 669 2917 767 Episcopatus
2972 680 3043 743 et
3093 671 3420 769 Praepoq

113 778 355 851 siturae
406 771 921 867 Zagrabiensis,
979 776 1050 845 in
1103 770 1434 868 specifico
1487 795 1662 846 vero
1719 772 2004 869 Capituli
2058 771 2568 867 Zagrabiensis‚
2623 772 3093 847 Sziszekiensi
3146 777 3414 848 excor-

109 879 436 975 porationi
486 897 614 971 per
663 877 1042 971 projectum
1096 873 1575 967 subjiciuntur:
1650 885 1919 950 constat
1970 885 2218 949 autem.
2252 886 2321 948 et
2371 878 2592 971 palam
2666 887 2924 949 certum
2979 886 3113 966 est,
3187 877 3412 973 Eppi—

110 990 455 1075 scopatum
508 979 680 1052 ultra
732 988 804 1050 et
853 987 1129 1073 praeter
1178 976 1788 1053 Hrastovicensem
1849 967 2426 1075 Praeposituram,
2498 972 2688 1052 Bona
2727 973 2811 1053 ‘in
2867 972 3154 1075 utraque
3218 971 3408 1076 rippa

111 1080 472 1177 Colapiana
522 1080 913 1177 possidere„
967 1080 1260 1176 denique
1313 1080 1570 1154 Arcem
1626 1082 1918 1154 Sziszek
1972 1104 2124 1170 cum
2172 1083 2359 1155 totali
2399 1082 2742 1155 Bonorum
2799 1106 2887 1155 eo
2942 1086 3216 1155 nomine
3269 1107 3414 1156 vo-

109 1195 410 1258 catorum
446 1183 755 1281 Corpore
811 1184 1022 1277 (solis
1057 1182 1260 1273 binis,
1312 1184 1793 1257 Komarovecz
1847 1196 1918 1256 et
1959 1185 2227 1280 Blinya.,
2283 1179 2840 1279 possessionibus
2895 1209 2980 1258 ac
3025 1186 3270 1282 sylvis,
3328 1187 3414 1257 ad

111 1297 304 1384 caput
352 1288 697 1361 Bonorum
752 1285 1239 1385 pertinentibus
1295 1296 1365 1359 et
1407 1290 1476 1360 in
1515 1286 1759 1358 dextra
1815 1290 2000 1382 rippa
2024 1371 2028 1375 λ
2056 1292 2344 1373 situatis,
2401 1291 2755 1385 exceptis)
2781 1292 2884 1361 .in
2940 1292 3080 1384 ripa
3138 1292 3413 1362 omnino

111 1394 375 1465 sinistra
450 1391 692 1483 jacere
745 1399 816 1461 et
864 1389 1095 1462 Latius
1163 1379 1421 1462 Savum
1474 1412 1559 1474 ac
1614 1389 1864 1464 Odram
1931 1411 2183 1464 versus
2236 1394 2304 1462 in
2357 1389 2584 1485 Regni
2627 1391 3171 1482 jurisdictionem
3251 1394 3418 1465 nulli

109 1495 519 1568 nclavationi
573 1491 943 1566 obnoxiam
998 1491 1352 1589 protendi3
1407 1492 1587 1565 unde
1635 1492 1791 1588 quid
1830 1493 2010 1566 aliud
2047 1493 2547 1588 expectandum
2593 1497 2808 1581 venit,
2865 1516 3093 1589 quam,
3148 1497 3416 1590 quodsii

108 1602 195 1672 ita
245 1600 317 1669 in
370 1619 631 1692 genere
702 1596 996 1668 antelata
1068 1594 1591 1690 Eppiscopatus‚
1664 1596 2187 1691 Praepositurae
2245 1607 2313 1680 et
2367 1595 2650 1692 Capituli
2721 1597 3137 1693 aliarumque
3211 1619 3413 1669 com-

109 1700 391 1796 plurium
430 1699 862 1774 Familiarum
913 1697 1094 1771 hene
1146 1702 1537 1796 meritarum
1584 1701 1739 1790 jura
1778 1709 1847 1771 et
1884 1699 2077 1798 Bona
2132 1700 2484 1794 ampliora,
2539 1700 2724 1786 ideo,
2771 1703 2924 1795 quia
2963 1702 3234 1772 militari
3284 1701 3421 1771 ad-

104 1806 356 1895 jacent,
409 1823 534 1897 per
586 1803 961 1898 projectum
1021 1801 1241 1873 Aulae
1285 1800 1522 1873 Bellici
1562 1799 1845 1875 Consilii
1888 1801 2136 1893 Regno
2192 1805 2634 1897 caeteroquin
2681 1801 2982 1875 inaudito
3038 1813 3107 1874 et
3142 1806 3211 1875 in
3247 1826 3431 1904 par-3

109 1917 240 1979 tem
280 1907 820 2002 pertractationis
855 1923 1199 2000 nunquam
1236 1913 1501 1978 vocato
1534 1904 1823 1995 involvi,
1878 1926 2055 2000 quae
2089 1925 2228 1977 non
2265 1906 2631 1992 inclavata,
2688 1905 2811 1978 sed
2853 1909 3172 1999 contigue
3211 1906 3436 1998 adju-.

110 2011 328 2082 centia
370 2011 527 2097 sint„
579 2010 716 2088 imo
754 2011 904 2102 ipsa
938 2006 1250 2080 Militaria
1287 2008 1444 2079 loca
1478 2008 1801 2095 nonnulla
1840 2009 2076 2100 magis
2112 2009 2558 2101 provincialia
2608 2009 3140 2105 inclavarentur,
3197 2019 3265 2082 et
3302 2021 3432 2094 ta·-1

110 2120 259 2186 men‘
315 2120 695 2210 propterea„
732 2110 987 2183 titulum
1042 2112 1464 2206 aquisitionis
1519 2121 1591 2182 ut
1621 2109 1743 2196 ‘uni
1776 2113 1868 2182 ita
1906 2109 2101 2183 alteri
2138 2110 2353 2182 Statui
2391 2133 2528 2184 non
2565 2110 2927 2207 praeberet
2979 2110 3312 2184 declarari
3352 2123 3440 2200 et,

109 2216 397 2310 denique
435 2217 991 2309 excorporationi
1042 2213 1200 2307 lege
1252 2216 1511 2285 vetitae
1547 2211 1792 2305 subjici
1838 2222 2145 2307 possent,
2183 2217 2484 2305 majores
2527 2213 2835 2286 Limitum
2877 2223 2946 2285 et
2988 2214 3419 2306 jurisdictio-

110 2341 265 2391 num
315 2341 400 2390 ac
452 2339 747 2412 unquam
799 2327 996 2389 erant
1039 2314 1499 2390 Confusiones
1551 2315 2105 2411 differentiasque
2154 2320 2348 2412 sequi
2385 2327 2454 2388 et
2487 2318 2766 2390 tandem
2816 2317 2953 2389 boc
3004 2317 3193 2390 titulo
3237 2323 3423 2391 nun-

112 2444 309 2518 quam
369 2430 759 2495 cessaturas
810 2422 1424 2514 excorporationes
1479 2419 1566 2493 ad
1611 2440 1793 2492 nova
1834 2421 2140 2515 projecta
2197 2419 2614 2493 deventuras
2653 2441 2840 2508 esse,
2896 2422 3078 2515 quod
3114 2424 3344 2517 utique
3383 2446 3444 2510 ει.

105 2526 522 2622 pientissima
577 2521 960 2616 Majestatis
997 2521 1291 2595 Vestrae
1334 2521 1859 2596 sacratissimae
1894 2533 2125 2595 mente
2164 2523 2457 2596 alienum
2496 2546 2658 2596 esse
2713 2522 2993 2596 firmiter
3043 2546 3422 2619 speramus.

418 2627 572 2722 Ipsa
613 2648 822 2722 porro
850 2629 1371 2721 excorporatio.,
1410 2628 1472 2699 si
1498 2629 1702 2699 etiam
1738 2648 1834 2700 ex
1868 2629 2135 2698 ratione
2164 2626 2394 2700 Status
2433 2635 2501 2699 et
2540 2630 2609 2698 in
2635 2624 3077 2699 Monarchiae
3106 2625 3452 2722 Conserf·

110 2734 459 2804 vationem
494 2727 958 2803 inevitabilem
996 2729 1141 2802 lieri
1176 2726 1486 2820 deberet,
1520 2751 1699 2824 quae
1734 2738 1807 2803 ut
1837 2731 2217 2824 proiectata
2265 2741 2396 2818 est„
2431 2732 2598 2802 tanti
2635 2733 2974 2802 momenti
2995 2739 3126 2817 est,
3163 2741 3235 2802 ut
3272 2726 3436 2802 00--

110 2838 380 2906 mitatus
435 2832 920 2928 Zagrabiensis
976 2832 1260 2904 actualis
1304 2830 1798 2923 jurisdictionis
1836 2844 1905 2905 et
1939 2836 2363 2930 possessorii
2415 2832 2618 2906 facile
2656 2843 2959 2928 quartam
3000 2837 3259 2928 partem
3298 2857 3450 2924 su·-

109 2947 329 3033 peret,
385 2940 453 3009 in
491 2958 700 3009 sensu
754 2936 1197 3010 sistemalium
1250 2934 1475 3029 Regni
1510 2931 1769 3030 Le'gum
1824 2944 2020 3006 extra
2063 2937 2414 3032 generalia
2453 2936 2677 3030 Regni
2713 2935 3104 3030 Hungariae
3143 2935 3429 3009 Comitia

108 3043 366 3113 institui
402 3062 541 3111 non
577 3041 817 3135 possit,
855 3060 985 3111 nos
1024 3041 1202 3109 enim
1239 3048 1501 3133 partem
1550 3039 1792 3112 saltem
1840 3034 2104 3110 Sacrae
2142 3034 2460 3110 Coronae
2501 3041 2970 3113 constituimus
3010 3050 3076 3111 et
3109 3043 3179 3112 in
3215 3063 3430 3134 prae-

101 3145 431 3235 judicium
488 3143 796 3234 ejusdem
852 3140 1113 3213 Sacrae
1169 3139 1485 3213 Coronae
1539 3164 1625 3211 ac
1676 3140 1903 3233 Regni
1955 3140 2348 3233 Hungariae
2403 3142 2494 3216 nil
2532 3153 2745 3234 agere
2799 3147 3184 3235 possumus,
3339 3163 3348 3174 ·

421 3244 718 3320 Proinde
754 3243 1095 3335 Majestati
1128 3243 1423 3315 Vestrae
1460 3243 1986 3316 Sacratissimae
2039 3248 2417 3338 praemissa
2471 3248 2803 3316 rationum
2858 3252 3198 3314 momenta
3245 3245 3430 3313 omni

108 3351 221 3423 bic
258 3352 329 3422 in
366 3358 559 3444 parte
611 3346 900 3420 candide
955 3358 1027 3420 et
1062 3350 1333 3419 sincere
1388 3349 1699 3441 exposita
1740 3344 1826 3417 de
1872 3366 2056 3439 genu
2109 3343 2475 3417 humillime
2530 3345 3020 3417 substernimus
3077 3338 3446 3440 supplica-'

106 3465 293 3542 ntes,
347 3463 418 3525 ut
469 3454 553 3524 iis
605 3455 674 3534 in
729 3448 1092 3544 benignam
1162 3446 1613 3522 reflexionem
1683 3448 1973 3544 demptis
2042 3457 2177 3520 tam
2251 3451 2415 3521 novi
2472 3447 2847 3519 Comitatus
2901 3448 3431 3520 Szeverineusis

107 3559 571 3630 errectionem
615 3565 697 3627 et
749 3555 1333 3635 instaurationem,
1400 3575 1599 3646 quam
1654 3574 1923 3636 omnem
1981 3552 2068 3624 ad
2121 3551 2384 3625 Statum
2436 3549 2792 3624 Militarem
2846 3571 3250 3645 quoeunque
3305 3551 3432 3624 snb

107 3661 305 3735 titulo
339 3657 784 3756 provincialis
819 3657 1137 3754 politicae
1180 3655 1679 3746 jurisdictionis
1724 3658 2374 3750 exem-perationem
2430 3655 2805 3726 elementer
2848 3663 3309 3744 antevertere,
3367 3665 3436 3726 et

106 3769 171 3837 si
212 3763 381 3859 quid
414 3764 718 3856 utrisque
754 3759 859 3833 bis
911 3763 980 3832 in
1026 3762 1284 3832 meritis
1338 3759 1677 3852 agendum
1725 3769 1939 3844 esset„
1997 3758 2083 3831 ad
2119 3758 2342 3831 futura
2380 3757 2743 3832 Generalia
2781 3758 3005 3849 Regni
3042 3758 3434 3851 Hungariae

108 3867 406 3940 Comitia
456 3865 754 3958 benigne
806 3864 1125 3956 relegare
1178 3859 1520 3956 rebusque
1554 3865 1623 3935 in
1662 3871 1838 3934 statu
1880 3883 2015 3956 quo
2056 3866 2488 3935 conservatis
2522 3882 2888 3936 reservare
2926 3860 3239 3953 dignetur
3273 3861 3435 3934 Ma-
3493 3913 3502 3922 .

98 3975 333 4063 jestas
388 3968 641 4042 Vestra
695 3967 1196 4040 Sacratissima.
1250 3965 1327 4037 ln
1372 3966 1639 4059 reliquo
1693 3986 1866 4038 vero
1919 3969 1990 4038 in
2042 3964 2443 4061 obsequium
2497 3974 2567 4038 et
2611 3966 3006 4039 altissimum
3054 3964 3435 4056 Majestatis

104 4074 417 4146 Vestrae
472 4071 996 4142 Sacratissimae
1050 4070 1401 4142 servitium
1457 4071 1663 4141 vitam
1716 4077 1787 4139 et
1839 4070 2241 4172 sanguinem
2298 4077 2789 4143 consecrantes
2846 4072 3216 4141 emorimur

1125 4326 1505 4418 Majestatis
1559 4283 1854 4399 Vestrae
1910 4325 2436 4398 Sacratissimae

101 4537 472 4612 Dabantur
510 4560 600 4608 ex
639 4535 949 4628 generali
1002 4544 1236 4607 nostra
1287 4557 1406 4630 pro
1447 4533 1568 4607 27.
1989 4533 2355 4605 Humillimi
2409 4507 2880 4628 perpetuoque¹
2921 4531 3154 4603 fideles
3194 4501 3458 4604 subditi-

104 4653 181 4716 et
240 4640 690 4736 sequentibus
745 4637 1061 4711 Octobris
1118 4637 1375 4710 Mensis
1431 4637 1575 4708 Za-
1696 4701 1701 4706 .
1993 4635 2074 4708 N.
2114 4635 2194 4706 Ν.
2241 4631 2639 4729 Regnorum
2679 4635 3082 4722 Dalmatiae,
3122 4630 3439 4708 Creatiae

190 4744 484 4839 grabiae
525 4742 868 4814 celebrata
909 4738 1486 4853 Congregatione.
2088 4748 2156 4809 et
2193 4737 2607 4810 Sclaveniae
2647 4741 2876 4810 Status
2915 4749 2981 4809 et
3020 4736 3337 4811 Ordines.

1624 5018 1675 5079 A
1738 5027 1913 5096 ter-qo
1933 5041 1955 5076 .-

402 5239 407 5244 .
446 5189 843 5266 Humillima¹
870 5189 1177 5263 Statuam
1216 5197 1285 5259 et
1320 5185 1645 5260 Ordinum
1685 5183 2084 5278 Regnorum
2121 5183 2525 5269 Dalmatiae,
2574 5180 2890 5255 croatiae
2928 5190 2997 5254 et
3030 5181 3450 5254 Sclaveniae

101 5300 179 5372 in
228 5297 488 5372 merite
528 5295 896 5370 erectionis
942 5294 1108 5368 novi
1145 5290 1630 5364 Severinensis
1675 5285 2050 5360 Comitatus
2095 5286 2283 5360 etad
2322 5285 2582 5358 Statum
2617 5283 2972 5360 Militarem
3019 5281 3466 5358 desideratae,
