<?xml version="1.0" encoding="UTF-8"?>
<!DOCTYPE html PUBLIC "-//W3C//DTD XHTML 1.0 Transitional//EN"
    "http://www.w3.org/TR/xhtml1/DTD/xhtml1-transitional.dtd">
<html xmlns="http://www.w3.org/1999/xhtml" xml:lang="en" lang="en">
 <head>
  <title>
</title>
<meta http-equiv="Content-Type" content="text/html;charset=utf-8" />
  <meta name='ocr-system' content='tesseract 3.04.00' />
  <meta name='ocr-capabilities' content='ocr_page ocr_carea ocr_par ocr_line ocrx_word'/>
</head>
<body>
  <div class='ocr_page' id='page_1' title='image "./juraregnicroati00etcgoog/juraregnicroati00etcgoog_0377.png"; bbox 0 0 3950 5917; ppageno 0'>
   <div class='ocr_carea' id='block_1_1' title="bbox 3260 437 3426 508">
    <p class='ocr_par' dir='ltr' id='par_1_1' title="bbox 3260 437 3426 508">
     <span class='ocr_line' id='line_1_1' title="bbox 3260 437 3426 508; baseline -0.012 0"><span class='ocrx_word' id='word_1_1' title='bbox 3260 437 3426 508; x_wconf 70' lang='lat'><strong>‘3:35</strong></span> 
     </span>
    </p>
   </div>
   <div class='ocr_carea' id='block_1_2' title="bbox 48 642 3457 5411">
    <p class='ocr_par' dir='ltr' id='par_1_2' title="bbox 48 642 3457 5411">
     <span class='ocr_line' id='line_1_2' title="bbox 138 642 3424 740; baseline -0.001 -20"><span class='ocrx_word' id='word_1_2' title='bbox 138 658 207 721; x_wconf 88' lang='lat' dir='ltr'><strong>et</strong></span> <span class='ocrx_word' id='word_1_3' title='bbox 236 646 815 735; x_wconf 79' lang='lat' dir='ltr'><strong>Gemetaneorum,</strong></span> <span class='ocrx_word' id='word_1_4' title='bbox 867 648 978 740; x_wconf 78' lang='lat' dir='ltr'><strong>qui</strong></span> <span class='ocrx_word' id='word_1_5' title='bbox 1023 647 1441 740; x_wconf 73' lang='lat' dir='ltr'><strong>praemissae</strong></span> <span class='ocrx_word' id='word_1_6' title='bbox 1490 642 1856 718; x_wconf 72' lang='lat' dir='ltr'><strong>statutio-i</strong></span> <span class='ocrx_word' id='word_1_7' title='bbox 1903 647 2300 733; x_wconf 80' lang='lat' dir='ltr'><strong>intererant,</strong></span> <span class='ocrx_word' id='word_1_8' title='bbox 2350 642 2762 732; x_wconf 60' lang='lat' dir='ltr'><strong>neunnbus,</strong></span> <span class='ocrx_word' id='word_1_9' title='bbox 2815 647 3236 738; x_wconf 68' lang='lat' dir='ltr'><strong>terminoque</strong></span> <span class='ocrx_word' id='word_1_10' title='bbox 3291 666 3424 719; x_wconf 69' lang='lat' dir='ltr'><strong>asc.-</strong></span> 
     </span>
     <span class='ocr_line' id='line_1_3' title="bbox 140 745 3423 844; baseline -0.002 -20"><span class='ocrx_word' id='word_1_11' title='bbox 140 755 414 843; x_wconf 79' lang='lat' dir='ltr'><strong>signato,</strong></span> <span class='ocrx_word' id='word_1_12' title='bbox 491 759 565 820; x_wconf 93' lang='lat' dir='ltr'><strong>ut</strong></span> <span class='ocrx_word' id='word_1_13' title='bbox 612 748 837 822; x_wconf 63' lang='lat' dir='ltr'><strong>inerat</strong></span> <span class='ocrx_word' id='word_1_14' title='bbox 885 747 1286 844; x_wconf 75' lang='lat' dir='ltr'><strong>expediens,</strong></span> <span class='ocrx_word' id='word_1_15' title='bbox 1338 748 1635 822; x_wconf 75' lang='lat' dir='ltr'><strong>Vestrae</strong></span> <span class='ocrx_word' id='word_1_16' title='bbox 1682 745 2056 843; x_wconf 75' lang='lat' dir='ltr'><strong>spectabili</strong></span> <span class='ocrx_word' id='word_1_17' title='bbox 2108 771 2195 822; x_wconf 90' lang='lat' dir='ltr'><strong>ac</strong></span> <span class='ocrx_word' id='word_1_18' title='bbox 2241 746 2653 842; x_wconf 73' lang='lat' dir='ltr'><strong>Magnificus</strong></span> <span class='ocrx_word' id='word_1_19' title='bbox 2705 747 3166 820; x_wconf 75' lang='lat' dir='ltr'><strong>Dominatieni</strong></span> <span class='ocrx_word' id='word_1_20' title='bbox 3237 747 3423 819; x_wconf 84' lang='lat' dir='ltr'><strong>lide—</strong></span> 
     </span>
     <span class='ocr_line' id='line_1_4' title="bbox 142 850 3420 948; baseline -0.001 -21"><span class='ocrx_word' id='word_1_21' title='bbox 142 856 278 927; x_wconf 84' lang='lat' dir='ltr'><strong>liter</strong></span> <span class='ocrx_word' id='word_1_22' title='bbox 332 855 819 948; x_wconf 71' lang='lat' dir='ltr'>rescripsimus.</span> <span class='ocrx_word' id='word_1_23' title='bbox 923 852 1167 925; x_wconf 88' lang='lat' dir='ltr'><strong>Datum</strong></span> <span class='ocrx_word' id='word_1_24' title='bbox 1218 850 1598 945; x_wconf 88' lang='lat' dir='ltr'><strong>Zagrabiae</strong></span> <span class='ocrx_word' id='word_1_25' title='bbox 1670 851 1935 925; x_wconf 86' lang='lat' dir='ltr'><strong>decimo</strong></span> <span class='ocrx_word' id='word_1_26' title='bbox 2007 860 2212 925; x_wconf 82' lang='lat' dir='ltr'><strong>sexte</strong></span> <span class='ocrx_word' id='word_1_27' title='bbox 2265 850 2376 924; x_wconf 89' lang='lat' dir='ltr'><strong>die</strong></span> <span class='ocrx_word' id='word_1_28' title='bbox 2428 850 2564 924; x_wconf 86' lang='lat' dir='ltr'><strong>diei</strong></span> <span class='ocrx_word' id='word_1_29' title='bbox 2633 860 3074 947; x_wconf 69' lang='lat' dir='ltr'><strong>praenotatae</strong></span> <span class='ocrx_word' id='word_1_30' title='bbox 3144 852 3420 925; x_wconf 81' lang='lat' dir='ltr'><strong>ultimae</strong></span> 
     </span>
     <span class='ocr_line' id='line_1_5' title="bbox 144 953 3424 1051; baseline -0.001 -21"><span class='ocrx_word' id='word_1_31' title='bbox 144 957 564 1030; x_wconf 83' lang='lat' dir='ltr'><strong>Executionis</strong></span> <span class='ocrx_word' id='word_1_32' title='bbox 599 955 804 1030; x_wconf 83' lang='lat' dir='ltr'><strong>Anno</strong></span> <span class='ocrx_word' id='word_1_33' title='bbox 834 956 1106 1030; x_wconf 90' lang='lat' dir='ltr'><strong>Domini</strong></span> <span class='ocrx_word' id='word_1_34' title='bbox 1137 954 1358 1030; x_wconf 79' lang='lat'><strong>1614.</strong></span> <span class='ocrx_word' id='word_1_35' title='bbox 1413 953 1766 1029; x_wconf 80' lang='lat' dir='ltr'><strong>Gessienis</strong></span> <span class='ocrx_word' id='word_1_36' title='bbox 1802 966 2026 1028; x_wconf 80' lang='lat' dir='ltr'><strong>autem</strong></span> <span class='ocrx_word' id='word_1_37' title='bbox 2063 958 2134 1029; x_wconf 92' lang='lat' dir='ltr'><strong>in</strong></span> <span class='ocrx_word' id='word_1_38' title='bbox 2167 958 2607 1051; x_wconf 79' lang='lat' dir='ltr'><strong>praescriptis</strong></span> <span class='ocrx_word' id='word_1_39' title='bbox 2642 955 2912 1029; x_wconf 80' lang='lat' dir='ltr'><strong>Litteris</strong></span> <span class='ocrx_word' id='word_1_40' title='bbox 2945 977 3160 1050; x_wconf 85' lang='lat' dir='ltr'><strong>super</strong></span> <span class='ocrx_word' id='word_1_41' title='bbox 3180 955 3424 1027; x_wconf 84' lang='lat' dir='ltr'><strong>Statu-</strong></span> 
     </span>
     <span class='ocr_line' id='line_1_6' title="bbox 144 1056 3422 1154; baseline -0.002 -20"><span class='ocrx_word' id='word_1_42' title='bbox 144 1064 311 1134; x_wconf 79' lang='lat' dir='ltr'><strong>tione</strong></span> <span class='ocrx_word' id='word_1_43' title='bbox 355 1060 737 1150; x_wconf 78' lang='lat' dir='ltr'><strong>Relatoriis,</strong></span> <span class='ocrx_word' id='word_1_44' title='bbox 793 1058 1154 1133; x_wconf 81' lang='lat' dir='ltr'><strong>dorsaliter</strong></span> <span class='ocrx_word' id='word_1_45' title='bbox 1206 1062 1509 1134; x_wconf 77' lang='lat' dir='ltr'><strong>insertae</strong></span> <span class='ocrx_word' id='word_1_46' title='bbox 1554 1081 1801 1133; x_wconf 87' lang='lat' dir='ltr'><strong>sensus</strong></span> <span class='ocrx_word' id='word_1_47' title='bbox 1852 1062 2158 1154; x_wconf 85' lang='lat' dir='ltr'><strong>sequitur</strong></span> <span class='ocrx_word' id='word_1_48' title='bbox 2203 1062 2276 1132; x_wconf 89' lang='lat' dir='ltr'><strong>in</strong></span> <span class='ocrx_word' id='word_1_49' title='bbox 2330 1059 2505 1131; x_wconf 88' lang='lat' dir='ltr'><strong>haec</strong></span> <span class='ocrx_word' id='word_1_50' title='bbox 2557 1056 2814 1131; x_wconf 79' lang='lat' dir='ltr'><strong>verba:</strong></span> <span class='ocrx_word' id='word_1_51' title='bbox 2881 1058 3090 1131; x_wconf 86' lang='lat' dir='ltr'><strong>Anne</strong></span> <span class='ocrx_word' id='word_1_52' title='bbox 3147 1058 3422 1131; x_wconf 82' lang='lat' dir='ltr'><strong>Domini</strong></span> 
     </span>
     <span class='ocr_line' id='line_1_7' title="bbox 146 1161 3424 1258; baseline -0.001 -21"><span class='ocrx_word' id='word_1_53' title='bbox 146 1163 479 1237; x_wconf 72' lang='lat' dir='ltr'><strong>lillesimo</strong></span> <span class='ocrx_word' id='word_1_54' title='bbox 530 1167 1037 1238; x_wconf 79' lang='lat' dir='ltr'><strong>sexcentesimo</strong></span> <span class='ocrx_word' id='word_1_55' title='bbox 1087 1162 1354 1236; x_wconf 86' lang='lat' dir='ltr'><strong>decimo</strong></span> <span class='ocrx_word' id='word_1_56' title='bbox 1400 1172 1629 1252; x_wconf 71' lang='lat' dir='ltr'><strong>sexto,</strong></span> <span class='ocrx_word' id='word_1_57' title='bbox 1675 1162 1845 1236; x_wconf 84' lang='lat' dir='ltr'><strong>feria</strong></span> <span class='ocrx_word' id='word_1_58' title='bbox 1891 1166 2116 1258; x_wconf 82' lang='lat' dir='ltr'><strong>quinta</strong></span> <span class='ocrx_word' id='word_1_59' title='bbox 2153 1172 2310 1258; x_wconf 80' lang='lat' dir='ltr'><strong>post</strong></span> <span class='ocrx_word' id='word_1_60' title='bbox 2340 1163 2614 1236; x_wconf 76' lang='lat' dir='ltr'><strong>Festum</strong></span> <span class='ocrx_word' id='word_1_61' title='bbox 2651 1161 3136 1258; x_wconf 84' lang='lat' dir='ltr'><strong>purificationis</strong></span> <span class='ocrx_word' id='word_1_62' title='bbox 3164 1163 3424 1235; x_wconf 79' lang='lat' dir='ltr'><strong>Beatae</strong></span> 
     </span>
     <span class='ocr_line' id='line_1_8' title="bbox 142 1264 3427 1362; baseline -0 -22"><span class='ocrx_word' id='word_1_63' title='bbox 142 1266 380 1340; x_wconf 68' lang='lat' dir='ltr'><strong>Mariae</strong></span> <span class='ocrx_word' id='word_1_64' title='bbox 412 1267 745 1361; x_wconf 76' lang='lat' dir='ltr'><strong>Virginis,</strong></span> <span class='ocrx_word' id='word_1_65' title='bbox 781 1290 905 1362; x_wconf 88' lang='lat' dir='ltr'><strong>pro</strong></span> <span class='ocrx_word' id='word_1_66' title='bbox 941 1266 1308 1340; x_wconf 87' lang='lat' dir='ltr'><strong>Actoribus</strong></span> <span class='ocrx_word' id='word_1_67' title='bbox 1344 1266 1671 1341; x_wconf 77' lang='lat' dir='ltr'><strong>Martinus</strong></span> <span class='ocrx_word' id='word_1_68' title='bbox 1709 1266 2035 1360; x_wconf 76' lang='lat' dir='ltr'><strong>Besdegh</strong></span> <span class='ocrx_word' id='word_1_69' title='bbox 2071 1273 2228 1339; x_wconf 80' lang='lat' dir='ltr'><strong>cuin</strong></span> <span class='ocrx_word' id='word_1_70' title='bbox 2259 1264 2543 1354; x_wconf 78' lang='lat' dir='ltr'><strong>nestris,</strong></span> <span class='ocrx_word' id='word_1_71' title='bbox 2596 1276 2667 1338; x_wconf 88' lang='lat' dir='ltr'><strong>et</strong></span> <span class='ocrx_word' id='word_1_72' title='bbox 2700 1270 2865 1362; x_wconf 87' lang='lat' dir='ltr'><strong>petit</strong></span> <span class='ocrx_word' id='word_1_73' title='bbox 2899 1270 3233 1339; x_wconf 87' lang='lat' dir='ltr'><strong>rationem</strong></span> <span class='ocrx_word' id='word_1_74' title='bbox 3280 1267 3427 1339; x_wconf 88' lang='lat' dir='ltr'><strong>dari</strong></span> 
     </span>
     <span class='ocr_line' id='line_1_9' title="bbox 146 1369 3425 1468; baseline -0.001 -24"><span class='ocrx_word' id='word_1_75' title='bbox 146 1369 718 1459; x_wconf 67' lang='lat' dir='ltr'><strong>Contradictionis,</strong></span> <span class='ocrx_word' id='word_1_76' title='bbox 773 1375 841 1443; x_wconf 91' lang='lat' dir='ltr'><strong>in</strong></span> <span class='ocrx_word' id='word_1_77' title='bbox 878 1393 1154 1444; x_wconf 88' lang='lat' dir='ltr'><strong>causam</strong></span> <span class='ocrx_word' id='word_1_78' title='bbox 1209 1375 1473 1444; x_wconf 78' lang='lat' dir='ltr'><strong>attracti</strong></span> <span class='ocrx_word' id='word_1_79' title='bbox 1529 1393 1769 1444; x_wconf 88' lang='lat' dir='ltr'><strong>omnes</strong></span> <span class='ocrx_word' id='word_1_80' title='bbox 1820 1372 2276 1468; x_wconf 87' lang='lat' dir='ltr'><strong>personaliter</strong></span> <span class='ocrx_word' id='word_1_81' title='bbox 2325 1380 2804 1466; x_wconf 78' lang='lat' dir='ltr'><strong>comparentes</strong></span> <span class='ocrx_word' id='word_1_82' title='bbox 2842 1381 2912 1443; x_wconf 91' lang='lat' dir='ltr'><strong>et</strong></span> <span class='ocrx_word' id='word_1_83' title='bbox 2955 1371 3143 1443; x_wconf 81' lang='lat' dir='ltr'><strong>totali</strong></span> <span class='ocrx_word' id='word_1_84' title='bbox 3181 1374 3425 1444; x_wconf 81' lang='lat' dir='ltr'><strong>‘intro-</strong></span> 
     </span>
     <span class='ocr_line' id='line_1_10' title="bbox 145 1473 3426 1576; baseline -0 -30"><span class='ocrx_word' id='word_1_85' title='bbox 145 1478 414 1569; x_wconf 81' lang='lat' dir='ltr'><strong>scriptae</strong></span> <span class='ocrx_word' id='word_1_86' title='bbox 468 1473 1011 1576; x_wconf 85' lang='lat' dir='ltr'><strong>Contradictioni</strong></span> <span class='ocrx_word' id='word_1_87' title='bbox 1062 1473 1330 1547; x_wconf 89' lang='lat' dir='ltr'><strong>cedunt.</strong></span> <span class='ocrx_word' id='word_1_88' title='bbox 1437 1473 1997 1547; x_wconf 84' lang='lat' dir='ltr'><strong>Prothonotarius</strong></span> <span class='ocrx_word' id='word_1_89' title='bbox 2051 1474 2272 1570; x_wconf 80' lang='lat' dir='ltr'><strong>Regni</strong></span> <span class='ocrx_word' id='word_1_90' title='bbox 2327 1473 2711 1570; x_wconf 85' lang='lat' dir='ltr'><strong>Stephanus</strong></span> <span class='ocrx_word' id='word_1_91' title='bbox 2764 1473 3196 1547; x_wconf 86' lang='lat' dir='ltr'><strong>Pathachich.</strong></span> <span class='ocrx_word' id='word_1_92' title='bbox 3278 1475 3426 1547; x_wconf 87' lang='lat' dir='ltr'><strong>Nes</strong></span> 
     </span>
     <span class='ocr_line' id='line_1_11' title="bbox 145 1577 3426 1673; baseline 0 -23"><span class='ocrx_word' id='word_1_93' title='bbox 145 1581 349 1670; x_wconf 83' lang='lat' dir='ltr'><strong>itaque</strong></span> <span class='ocrx_word' id='word_1_94' title='bbox 395 1577 779 1669; x_wconf 73' lang='lat' dir='ltr'><strong>huiusmodi</strong></span> <span class='ocrx_word' id='word_1_95' title='bbox 835 1578 1199 1651; x_wconf 88' lang='lat' dir='ltr'><strong>humillima</strong></span> <span class='ocrx_word' id='word_1_96' title='bbox 1255 1579 1745 1673; x_wconf 80' lang='lat' dir='ltr'><strong>supplicatione</strong></span> <span class='ocrx_word' id='word_1_97' title='bbox 1815 1577 2197 1651; x_wconf 87' lang='lat' dir='ltr'><strong>nominibus</strong></span> <span class='ocrx_word' id='word_1_98' title='bbox 2252 1589 2328 1651; x_wconf 84' lang='lat' dir='ltr'><strong>et</strong></span> <span class='ocrx_word' id='word_1_99' title='bbox 2372 1582 2442 1651; x_wconf 82' lang='lat' dir='ltr'><strong>in</strong></span> <span class='ocrx_word' id='word_1_100' title='bbox 2495 1581 2811 1673; x_wconf 85' lang='lat' dir='ltr'><strong>personis</strong></span> <span class='ocrx_word' id='word_1_101' title='bbox 2884 1577 3426 1673; x_wconf 86' lang='lat' dir='ltr'><strong>supradictorum</strong></span> 
     </span>
     <span class='ocr_line' id='line_1_12' title="bbox 145 1679 3424 1779; baseline -0.001 -25"><span class='ocrx_word' id='word_1_102' title='bbox 145 1680 457 1754; x_wconf 87' lang='lat' dir='ltr'><strong>Nobilium</strong></span> <span class='ocrx_word' id='word_1_103' title='bbox 526 1686 728 1755; x_wconf 90' lang='lat' dir='ltr'><strong>unius</strong></span> <span class='ocrx_word' id='word_1_104' title='bbox 800 1685 1136 1756; x_wconf 86' lang='lat' dir='ltr'><strong>sessionis</strong></span> <span class='ocrx_word' id='word_1_105' title='bbox 1189 1685 1257 1755; x_wconf 91' lang='lat' dir='ltr'><strong>in</strong></span> <span class='ocrx_word' id='word_1_106' title='bbox 1308 1686 1648 1779; x_wconf 83' lang='lat' dir='ltr'><strong>annotatis</strong></span> <span class='ocrx_word' id='word_1_107' title='bbox 1716 1682 2283 1756; x_wconf 89' lang='lat' dir='ltr'><strong>Possessienibus</strong></span> <span class='ocrx_word' id='word_1_108' title='bbox 2338 1692 2408 1754; x_wconf 87' lang='lat' dir='ltr'><strong>et</strong></span> <span class='ocrx_word' id='word_1_109' title='bbox 2461 1679 2794 1754; x_wconf 86' lang='lat' dir='ltr'><strong>Comitatu</strong></span> <span class='ocrx_word' id='word_1_110' title='bbox 2876 1680 3202 1755; x_wconf 87' lang='lat' dir='ltr'><strong>Crisiensi</strong></span> <span class='ocrx_word' id='word_1_111' title='bbox 3258 1687 3424 1754; x_wconf 87' lang='lat' dir='ltr'><strong>exi-</strong></span> 
     </span>
     <span class='ocr_line' id='line_1_13' title="bbox 144 1784 3426 1882; baseline -0.001 -24"><span class='ocrx_word' id='word_1_112' title='bbox 144 1784 474 1872; x_wconf 73' lang='lat' dir='ltr'><strong>stentibus,</strong></span> <span class='ocrx_word' id='word_1_113' title='bbox 528 1785 850 1876; x_wconf 72' lang='lat' dir='ltr'><strong>Nostrae,</strong></span> <span class='ocrx_word' id='word_1_114' title='bbox 905 1786 1109 1859; x_wconf 88' lang='lat' dir='ltr'><strong>modo</strong></span> <span class='ocrx_word' id='word_1_115' title='bbox 1157 1805 1291 1881; x_wconf 85' lang='lat' dir='ltr'><strong>quo</strong></span> <span class='ocrx_word' id='word_1_116' title='bbox 1330 1807 1560 1881; x_wconf 74' lang='lat' dir='ltr'><strong>supra,</strong></span> <span class='ocrx_word' id='word_1_117' title='bbox 1615 1796 1930 1882; x_wconf 89' lang='lat' dir='ltr'><strong>porrecta</strong></span> <span class='ocrx_word' id='word_1_118' title='bbox 1972 1784 2340 1877; x_wconf 73' lang='lat' dir='ltr'><strong>Majestat-i,</strong></span> <span class='ocrx_word' id='word_1_119' title='bbox 2394 1784 2611 1879; x_wconf 86' lang='lat' dir='ltr'><strong>Regia</strong></span> <span class='ocrx_word' id='word_1_120' title='bbox 2641 1786 3070 1880; x_wconf 87' lang='lat' dir='ltr'><strong>Benignitate</strong></span> <span class='ocrx_word' id='word_1_121' title='bbox 3107 1787 3426 1857; x_wconf 78' lang='lat' dir='ltr'><strong>exaudita</strong></span> 
     </span>
     <span class='ocr_line' id='line_1_14' title="bbox 143 1889 3420 1985; baseline -0.001 -25"><span class='ocrx_word' id='word_1_122' title='bbox 143 1889 495 1962; x_wconf 82' lang='lat' dir='ltr'><strong>clementer</strong></span> <span class='ocrx_word' id='word_1_123' title='bbox 544 1899 618 1961; x_wconf 87' lang='lat' dir='ltr'><strong>et</strong></span> <span class='ocrx_word' id='word_1_124' title='bbox 670 1889 994 1976; x_wconf 70' lang='lat' dir='ltr'><strong>admissa,</strong></span> <span class='ocrx_word' id='word_1_125' title='bbox 1047 1894 1508 1985; x_wconf 86' lang='lat' dir='ltr'><strong>praeinsertas</strong></span> <span class='ocrx_word' id='word_1_126' title='bbox 1565 1900 1928 1985; x_wconf 86' lang='lat' dir='ltr'><strong>quaternas</strong></span> <span class='ocrx_word' id='word_1_127' title='bbox 1984 1890 2243 1962; x_wconf 85' lang='lat' dir='ltr'><strong>litteras</strong></span> <span class='ocrx_word' id='word_1_128' title='bbox 2298 1912 2434 1962; x_wconf 93' lang='lat' dir='ltr'><strong>non</strong></span> <span class='ocrx_word' id='word_1_129' title='bbox 2487 1889 2800 1978; x_wconf 66' lang='lat' dir='ltr'><strong>abrasas,</strong></span> <span class='ocrx_word' id='word_1_130' title='bbox 2871 1912 3009 1962; x_wconf 85' lang='lat' dir='ltr'><strong>non</strong></span> <span class='ocrx_word' id='word_1_131' title='bbox 3064 1890 3420 1962; x_wconf 80' lang='lat' dir='ltr'><strong>cancella-</strong></span> 
     </span>
     <span class='ocr_line' id='line_1_15' title="bbox 146 1993 3427 2090; baseline 0 -27"><span class='ocrx_word' id='word_1_132' title='bbox 146 2002 259 2080; x_wconf 66' lang='grc' dir='ltr'><strong>ωε,</strong></span> <span class='ocrx_word' id='word_1_133' title='bbox 325 2014 545 2089; x_wconf 82' lang='lat' dir='ltr'><strong>neque</strong></span> <span class='ocrx_word' id='word_1_134' title='bbox 599 1998 664 2064; x_wconf 87' lang='lat' dir='ltr'><strong>in</strong></span> <span class='ocrx_word' id='word_1_135' title='bbox 722 1994 940 2090; x_wconf 85' lang='lat' dir='ltr'><strong>aliqua</strong></span> <span class='ocrx_word' id='word_1_136' title='bbox 1016 1997 1120 2066; x_wconf 90' lang='lat' dir='ltr'><strong>sui</strong></span> <span class='ocrx_word' id='word_1_137' title='bbox 1172 2003 1362 2089; x_wconf 90' lang='lat' dir='ltr'><strong>parte</strong></span> <span class='ocrx_word' id='word_1_138' title='bbox 1433 2003 1817 2088; x_wconf 72' lang='lat' dir='ltr'><strong>suspectaS,</strong></span> <span class='ocrx_word' id='word_1_139' title='bbox 1889 1993 2014 2066; x_wconf 84' lang='lat' dir='ltr'><strong>sed</strong></span> <span class='ocrx_word' id='word_1_140' title='bbox 2089 1997 2270 2066; x_wconf 91' lang='lat' dir='ltr'><strong>omni</strong></span> <span class='ocrx_word' id='word_1_141' title='bbox 2340 2015 2621 2088; x_wconf 88' lang='lat' dir='ltr'><strong>prorsus</strong></span> <span class='ocrx_word' id='word_1_142' title='bbox 2691 1996 2859 2066; x_wconf 89' lang='lat' dir='ltr'><strong>vitio</strong></span> <span class='ocrx_word' id='word_1_143' title='bbox 2914 2004 2984 2065; x_wconf 90' lang='lat' dir='ltr'><strong>et</strong></span> <span class='ocrx_word' id='word_1_144' title='bbox 3037 1997 3427 2088; x_wconf 82' lang='lat' dir='ltr'><strong>suspicione</strong></span> 
     </span>
     <span class='ocr_line' id='line_1_16' title="bbox 145 2094 3424 2191; baseline 0.001 -25"><span class='ocrx_word' id='word_1_145' title='bbox 145 2107 466 2186; x_wconf 68' lang='lat' dir='ltr'><strong>carentes,</strong></span> <span class='ocrx_word' id='word_1_146' title='bbox 538 2096 1013 2191; x_wconf 86' lang='lat' dir='ltr'><strong>praesentibus</strong></span> <span class='ocrx_word' id='word_1_147' title='bbox 1084 2096 1353 2170; x_wconf 83' lang='lat' dir='ltr'><strong>Litteris</strong></span> <span class='ocrx_word' id='word_1_148' title='bbox 1405 2096 1672 2170; x_wconf 85' lang='lat' dir='ltr'><strong>Nostris</strong></span> <span class='ocrx_word' id='word_1_149' title='bbox 1745 2096 2290 2189; x_wconf 82' lang='lat' dir='ltr'><strong>Privilegialibus</strong></span> <span class='ocrx_word' id='word_1_150' title='bbox 2360 2097 2447 2168; x_wconf 89' lang='lat' dir='ltr'><strong>de</strong></span> <span class='ocrx_word' id='word_1_151' title='bbox 2519 2094 2739 2169; x_wconf 87' lang='lat' dir='ltr'><strong>verbo</strong></span> <span class='ocrx_word' id='word_1_152' title='bbox 2791 2098 2877 2168; x_wconf 90' lang='lat' dir='ltr'><strong>ad</strong></span> <span class='ocrx_word' id='word_1_153' title='bbox 2933 2097 3215 2170; x_wconf 86' lang='lat' dir='ltr'><strong>verbum</strong></span> <span class='ocrx_word' id='word_1_154' title='bbox 3273 2103 3424 2169; x_wconf 89' lang='lat' dir='ltr'><strong>sine</strong></span> 
     </span>
     <span class='ocr_line' id='line_1_17' title="bbox 146 2200 3422 2296; baseline 0.001 -26"><span class='ocrx_word' id='word_1_155' title='bbox 146 2200 559 2273; x_wconf 79' lang='lat' dir='ltr'><strong>diminutione</strong></span> <span class='ocrx_word' id='word_1_156' title='bbox 615 2211 685 2273; x_wconf 89' lang='lat' dir='ltr'><strong>et</strong></span> <span class='ocrx_word' id='word_1_157' title='bbox 735 2211 1103 2293; x_wconf 88' lang='lat' dir='ltr'><strong>augmento</strong></span> <span class='ocrx_word' id='word_1_158' title='bbox 1184 2200 1453 2296; x_wconf 86' lang='lat' dir='ltr'><strong>aliquali</strong></span> <span class='ocrx_word' id='word_1_159' title='bbox 1506 2205 1799 2273; x_wconf 87' lang='lat' dir='ltr'><strong>insertas</strong></span> <span class='ocrx_word' id='word_1_160' title='bbox 1852 2210 1922 2273; x_wconf 88' lang='lat' dir='ltr'><strong>et</strong></span> <span class='ocrx_word' id='word_1_161' title='bbox 1972 2205 2359 2296; x_wconf 78' lang='lat' dir='ltr'><strong>inscriptas,</strong></span> <span class='ocrx_word' id='word_1_162' title='bbox 2435 2200 2659 2296; x_wconf 88' lang='lat' dir='ltr'><strong>quoad</strong></span> <span class='ocrx_word' id='word_1_163' title='bbox 2740 2224 2980 2274; x_wconf 88' lang='lat' dir='ltr'><strong>omnes</strong></span> <span class='ocrx_word' id='word_1_164' title='bbox 3052 2201 3422 2274; x_wconf 89' lang='lat' dir='ltr'><strong>earundem</strong></span> 
     </span>
     <span class='ocr_line' id='line_1_18' title="bbox 142 2302 3423 2399; baseline -0 -24"><span class='ocrx_word' id='word_1_165' title='bbox 142 2308 599 2389; x_wconf 67' lang='lat' dir='ltr'><strong>continentias,</strong></span> <span class='ocrx_word' id='word_1_166' title='bbox 647 2302 1000 2378; x_wconf 86' lang='lat' dir='ltr'><strong>Clausulas</strong></span> <span class='ocrx_word' id='word_1_167' title='bbox 1055 2314 1126 2376; x_wconf 90' lang='lat' dir='ltr'><strong>et</strong></span> <span class='ocrx_word' id='word_1_168' title='bbox 1158 2304 1506 2377; x_wconf 86' lang='lat' dir='ltr'><strong>Articulos</strong></span> <span class='ocrx_word' id='word_1_169' title='bbox 1543 2315 1853 2392; x_wconf 70' lang='lat' dir='ltr'><strong>eatenus,</strong></span> <span class='ocrx_word' id='word_1_170' title='bbox 1908 2314 2239 2399; x_wconf 82' lang='lat' dir='ltr'><strong>quatenus</strong></span> <span class='ocrx_word' id='word_1_171' title='bbox 2293 2304 2579 2377; x_wconf 88' lang='lat' dir='ltr'><strong>eaedem</strong></span> <span class='ocrx_word' id='word_1_172' title='bbox 2625 2307 2753 2378; x_wconf 84' lang='lat' dir='ltr'><strong>rite</strong></span> <span class='ocrx_word' id='word_1_173' title='bbox 2799 2314 2869 2377; x_wconf 91' lang='lat' dir='ltr'><strong>et</strong></span> <span class='ocrx_word' id='word_1_174' title='bbox 2902 2306 3203 2399; x_wconf 86' lang='lat' dir='ltr'><strong>legitime</strong></span> <span class='ocrx_word' id='word_1_175' title='bbox 3258 2308 3423 2377; x_wconf 85' lang='lat' dir='ltr'><strong>exi-</strong></span> 
     </span>
     <span class='ocr_line' id='line_1_19' title="bbox 144 2408 3425 2504; baseline 0.001 -27"><span class='ocrx_word' id='word_1_176' title='bbox 144 2416 307 2479; x_wconf 88' lang='lat' dir='ltr'><strong>stunt</strong></span> <span class='ocrx_word' id='word_1_177' title='bbox 357 2418 742 2486; x_wconf 78' lang='lat' dir='ltr'><strong>emanatae.</strong></span> <span class='ocrx_word' id='word_1_178' title='bbox 795 2409 1187 2504; x_wconf 86' lang='lat' dir='ltr'><strong>viribusque</strong></span> <span class='ocrx_word' id='word_1_179' title='bbox 1241 2408 1608 2480; x_wconf 87' lang='lat' dir='ltr'><strong>earundem</strong></span> <span class='ocrx_word' id='word_1_180' title='bbox 1645 2408 1919 2481; x_wconf 85' lang='lat' dir='ltr'><strong>Veritas</strong></span> <span class='ocrx_word' id='word_1_181' title='bbox 1974 2408 2405 2502; x_wconf 66' lang='lat' dir='ltr'><strong>suffragatur„</strong></span> <span class='ocrx_word' id='word_1_182' title='bbox 2459 2419 2678 2494; x_wconf 65' lang='lat' dir='ltr'><strong>ratas„</strong></span> <span class='ocrx_word' id='word_1_183' title='bbox 2733 2419 2965 2502; x_wconf 90' lang='lat' dir='ltr'><strong>gratas</strong></span> <span class='ocrx_word' id='word_1_184' title='bbox 3020 2420 3090 2481; x_wconf 90' lang='lat' dir='ltr'><strong>et</strong></span> <span class='ocrx_word' id='word_1_185' title='bbox 3142 2421 3425 2503; x_wconf 87' lang='lat' dir='ltr'><strong>accepta</strong></span> 
     </span>
     <span class='ocr_line' id='line_1_20' title="bbox 144 2509 3422 2608; baseline 0.001 -27"><span class='ocrx_word' id='word_1_186' title='bbox 144 2509 476 2600; x_wconf 67' lang='lat' dir='ltr'><strong>babentes,</strong></span> <span class='ocrx_word' id='word_1_187' title='bbox 533 2512 1085 2608; x_wconf 74' lang='lat' dir='ltr'><strong>approbavimus,</strong></span> <span class='ocrx_word' id='word_1_188' title='bbox 1133 2509 1608 2585; x_wconf 86' lang='lat' dir='ltr'><strong>roboravimus</strong></span> <span class='ocrx_word' id='word_1_189' title='bbox 1663 2511 2282 2608; x_wconf 80' lang='lat' dir='ltr'><strong>ratificavimusque</strong></span> <span class='ocrx_word' id='word_1_190' title='bbox 2337 2534 2422 2583; x_wconf 89' lang='lat' dir='ltr'><strong>ac</strong></span> <span class='ocrx_word' id='word_1_191' title='bbox 2474 2533 2598 2605; x_wconf 89' lang='lat' dir='ltr'><strong>pro</strong></span> <span class='ocrx_word' id='word_1_192' title='bbox 2654 2512 3025 2607; x_wconf 85' lang='lat' dir='ltr'><strong>saepefatis</strong></span> <span class='ocrx_word' id='word_1_193' title='bbox 3068 2512 3422 2585; x_wconf 86' lang='lat' dir='ltr'><strong>Nobilibus</strong></span> 
     </span>
     <span class='ocr_line' id='line_1_21' title="bbox 146 2613 3428 2712; baseline 0.001 -28"><span class='ocrx_word' id='word_1_194' title='bbox 146 2615 203 2684; x_wconf 85' lang='lat' dir='ltr'><strong>in</strong></span> <span class='ocrx_word' id='word_1_195' title='bbox 234 2613 792 2689; x_wconf 85' lang='lat' dir='ltr'><strong>Possessionibus</strong></span> <span class='ocrx_word' id='word_1_196' title='bbox 849 2616 1250 2712; x_wconf 88' lang='lat' dir='ltr'><strong>supradictis</strong></span> <span class='ocrx_word' id='word_1_197' title='bbox 1296 2626 1363 2688; x_wconf 92' lang='lat' dir='ltr'><strong>et</strong></span> <span class='ocrx_word' id='word_1_198' title='bbox 1399 2616 1733 2688; x_wconf 79' lang='lat' dir='ltr'><strong>comitatu</strong></span> <span class='ocrx_word' id='word_1_199' title='bbox 1770 2614 2097 2688; x_wconf 86' lang='lat' dir='ltr'><strong>Crisiensi</strong></span> <span class='ocrx_word' id='word_1_200' title='bbox 2136 2614 2610 2707; x_wconf 73' lang='lat' dir='ltr'><strong>existentibus,</strong></span> <span class='ocrx_word' id='word_1_201' title='bbox 2655 2613 3187 2703; x_wconf 73' lang='lat' dir='ltr'><strong>comorantibus,</strong></span> <span class='ocrx_word' id='word_1_202' title='bbox 3228 2618 3428 2688; x_wconf 89' lang='lat' dir='ltr'><strong>aliis-</strong></span> 
     </span>
     <span class='ocr_line' id='line_1_22' title="bbox 142 2717 3428 2816; baseline 0 -26"><span class='ocrx_word' id='word_1_203' title='bbox 142 2738 260 2811; x_wconf 76' lang='lat' dir='ltr'><strong>que</strong></span> <span class='ocrx_word' id='word_1_204' title='bbox 320 2718 568 2792; x_wconf 86' lang='lat' dir='ltr'><strong>ibidem</strong></span> <span class='ocrx_word' id='word_1_205' title='bbox 625 2717 1289 2793; x_wconf 86' lang='lat' dir='ltr'><strong>Gondivisionalibus</strong></span> <span class='ocrx_word' id='word_1_206' title='bbox 1344 2742 1428 2791; x_wconf 87' lang='lat' dir='ltr'><strong>ae</strong></span> <span class='ocrx_word' id='word_1_207' title='bbox 1481 2721 1782 2814; x_wconf 85' lang='lat' dir='ltr'><strong>legitime</strong></span> <span class='ocrx_word' id='word_1_208' title='bbox 1837 2719 2432 2816; x_wconf 69' lang='lat' dir='ltr'><strong>Compertionatis,</strong></span> <span class='ocrx_word' id='word_1_209' title='bbox 2514 2724 2702 2794; x_wconf 86' lang='lat' dir='ltr'><strong>iuxta</strong></span> <span class='ocrx_word' id='word_1_210' title='bbox 2756 2742 3015 2792; x_wconf 88' lang='lat' dir='ltr'><strong>ramum</strong></span> <span class='ocrx_word' id='word_1_211' title='bbox 3053 2719 3428 2797; x_wconf 83' lang='lat' dir='ltr'><strong>&#39;Genealo-</strong></span> 
     </span>
     <span class='ocr_line' id='line_1_23' title="bbox 140 2822 3428 2921; baseline 0.002 -29"><span class='ocrx_word' id='word_1_212' title='bbox 140 2825 283 2909; x_wconf 72' lang='lat' dir='ltr'><strong>giae</strong></span> <span class='ocrx_word' id='word_1_213' title='bbox 350 2833 420 2895; x_wconf 90' lang='lat' dir='ltr'><strong>et</strong></span> <span class='ocrx_word' id='word_1_214' title='bbox 482 2822 1174 2918; x_wconf 85' lang='lat' dir='ltr'><strong>Compertienalitatis</strong></span> <span class='ocrx_word' id='word_1_215' title='bbox 1245 2823 1617 2898; x_wconf 83' lang='lat' dir='ltr'><strong>eorundem</strong></span> <span class='ocrx_word' id='word_1_216' title='bbox 1691 2823 2346 2919; x_wconf 83' lang='lat' dir='ltr'><strong>successoribusque</strong></span> <span class='ocrx_word' id='word_1_217' title='bbox 2416 2833 2486 2896; x_wconf 88' lang='lat' dir='ltr'><strong>et</strong></span> <span class='ocrx_word' id='word_1_218' title='bbox 2554 2822 3060 2918; x_wconf 82' lang='lat' dir='ltr'><strong>posteritatibus</strong></span> <span class='ocrx_word' id='word_1_219' title='bbox 3131 2827 3428 2921; x_wconf 79' lang='lat' dir='ltr'><strong>ipserum</strong></span> 
     </span>
     <span class='ocr_line' id='line_1_24' title="bbox 48 2928 3432 3023; baseline 0.002 -27"><span class='ocrx_word' id='word_1_220' title='bbox 48 3013 49 3018; x_wconf 6' lang='grc' dir='ltr'><strong>Ἰ</strong></span> <span class='ocrx_word' id='word_1_221' title='bbox 148 2929 470 3020; x_wconf 78' lang='lat' dir='ltr'><strong>utriusque</strong></span> <span class='ocrx_word' id='word_1_222' title='bbox 540 2949 761 3000; x_wconf 85' lang='lat' dir='ltr'><strong>sexus</strong></span> <span class='ocrx_word' id='word_1_223' title='bbox 830 2930 1175 3002; x_wconf 83' lang='lat' dir='ltr'><strong>universis</strong></span> <span class='ocrx_word' id='word_1_224' title='bbox 1235 2931 1645 3001; x_wconf 85' lang='lat' dir='ltr'><strong>innovantes</strong></span> <span class='ocrx_word' id='word_1_225' title='bbox 1697 2937 2025 3023; x_wconf 86' lang='lat' dir='ltr'><strong>perpetuo</strong></span> <span class='ocrx_word' id='word_1_226' title='bbox 2077 2929 2403 3001; x_wconf 87' lang='lat' dir='ltr'><strong>valituras</strong></span> <span class='ocrx_word' id='word_1_227' title='bbox 2472 2931 2777 3021; x_wconf 83' lang='lat' dir='ltr'><strong>gratiose</strong></span> <span class='ocrx_word' id='word_1_228' title='bbox 2857 2928 3432 3014; x_wconf 75' lang='lat' dir='ltr'><strong>confirmavimus,</strong></span> 
     </span>
     <span class='ocr_line' id='line_1_25' title="bbox 48 3026 3436 3127; baseline 0.001 -26"><span class='ocrx_word' id='word_1_229' title='bbox 48 3045 49 3120; x_wconf 39' lang='lat' dir='ltr'><strong>i</strong></span> <span class='ocrx_word' id='word_1_230' title='bbox 144 3026 273 3101; x_wconf 76' lang='lat' dir='ltr'><strong>line</strong></span> <span class='ocrx_word' id='word_1_231' title='bbox 319 3041 783 3125; x_wconf 73' lang='lat' dir='ltr'><strong>acceptamus,</strong></span> <span class='ocrx_word' id='word_1_232' title='bbox 856 3031 1333 3127; x_wconf 65' lang='lat' dir='ltr'><strong>approbamus„</strong></span> <span class='ocrx_word' id='word_1_233' title='bbox 1405 3029 1833 3112; x_wconf 82' lang='lat' dir='ltr'><strong>roboramus..</strong></span> <span class='ocrx_word' id='word_1_234' title='bbox 1885 3030 2435 3124; x_wconf 86' lang='lat' dir='ltr'><strong>ratificamusque</strong></span> <span class='ocrx_word' id='word_1_235' title='bbox 2506 3041 2577 3104; x_wconf 90' lang='lat' dir='ltr'><strong>et</strong></span> <span class='ocrx_word' id='word_1_236' title='bbox 2626 3029 3132 3122; x_wconf 81' lang='lat' dir='ltr'><strong>confirmamus,</strong></span> <span class='ocrx_word' id='word_1_237' title='bbox 3204 3032 3436 3105; x_wconf 77' lang='lat' dir='ltr'><strong>Salvis</strong></span> 
     </span>
     <span class='ocr_line' id='line_1_26' title="bbox 48 3127 3434 3229; baseline 0.002 -27"><span class='ocrx_word' id='word_1_238' title='bbox 48 3127 49 3134; x_wconf 66' lang='lat'><em>&#39;</em></span> <span class='ocrx_word' id='word_1_239' title='bbox 140 3130 394 3207; x_wconf 80' lang='lat' dir='ltr'><strong>Juribus</strong></span> <span class='ocrx_word' id='word_1_240' title='bbox 472 3135 767 3208; x_wconf 82' lang='lat' dir='ltr'><strong>Alienis.</strong></span> <span class='ocrx_word' id='word_1_241' title='bbox 852 3135 1102 3210; x_wconf 84' lang='lat' dir='ltr'><strong>Harum</strong></span> <span class='ocrx_word' id='word_1_242' title='bbox 1157 3134 1553 3208; x_wconf 85' lang='lat' dir='ltr'><strong>Nostrarum</strong></span> <span class='ocrx_word' id='word_1_243' title='bbox 1609 3145 1881 3208; x_wconf 90' lang='lat' dir='ltr'><strong>secreto</strong></span> <span class='ocrx_word' id='word_1_244' title='bbox 1937 3134 2179 3226; x_wconf 83' lang='lat' dir='ltr'><strong>Sigillo</strong></span> <span class='ocrx_word' id='word_1_245' title='bbox 2237 3134 2519 3224; x_wconf 76' lang='lat' dir='ltr'><strong>Nostro,</strong></span> <span class='ocrx_word' id='word_1_246' title='bbox 2572 3155 2706 3229; x_wconf 87' lang='lat' dir='ltr'><strong>quo</strong></span> <span class='ocrx_word' id='word_1_247' title='bbox 2767 3147 2969 3229; x_wconf 82' lang='lat' dir='ltr'><strong>prout</strong></span> <span class='ocrx_word' id='word_1_248' title='bbox 3011 3136 3172 3209; x_wconf 83' lang='lat' dir='ltr'><strong>Rex</strong></span> <span class='ocrx_word' id='word_1_249' title='bbox 3231 3137 3434 3210; x_wconf 87' lang='lat' dir='ltr'><strong>Hun-</strong></span> 
     </span>
     <span class='ocr_line' id='line_1_27' title="bbox 140 3236 3437 3334; baseline 0.001 -26"><span class='ocrx_word' id='word_1_250' title='bbox 140 3239 354 3326; x_wconf 77' lang='lat' dir='ltr'><strong>gariae</strong></span> <span class='ocrx_word' id='word_1_251' title='bbox 404 3241 682 3327; x_wconf 74' lang='lat' dir='ltr'><strong>utimur,</strong></span> <span class='ocrx_word' id='word_1_252' title='bbox 736 3239 1147 3334; x_wconf 85' lang='lat' dir='ltr'><strong>impendenti</strong></span> <span class='ocrx_word' id='word_1_253' title='bbox 1203 3236 1775 3312; x_wconf 80' lang='lat' dir='ltr'><strong>Communitarum</strong></span> <span class='ocrx_word' id='word_1_254' title='bbox 1825 3240 2072 3329; x_wconf 84' lang='lat' dir='ltr'><strong>vigore</strong></span> <span class='ocrx_word' id='word_1_255' title='bbox 2118 3248 2188 3312; x_wconf 88' lang='lat' dir='ltr'><strong>et</strong></span> <span class='ocrx_word' id='word_1_256' title='bbox 2222 3241 2612 3312; x_wconf 87' lang='lat' dir='ltr'><strong>testimonio</strong></span> <span class='ocrx_word' id='word_1_257' title='bbox 2649 3238 3085 3311; x_wconf 79' lang='lat' dir='ltr'><strong>Litterarum.</strong></span> <span class='ocrx_word' id='word_1_258' title='bbox 3189 3240 3437 3311; x_wconf 77' lang='lat' dir='ltr'><strong>Datum</strong></span> 
     </span>
     <span class='ocr_line' id='line_1_28' title="bbox 148 3341 3431 3438; baseline -0 -24"><span class='ocrx_word' id='word_1_259' title='bbox 148 3360 256 3434; x_wconf 75' lang='lat' dir='ltr'><strong>per</strong></span> <span class='ocrx_word' id='word_1_260' title='bbox 298 3361 545 3416; x_wconf 85' lang='lat' dir='ltr'><strong>manus</strong></span> <span class='ocrx_word' id='word_1_261' title='bbox 625 3341 846 3417; x_wconf 80' lang='lat' dir='ltr'><strong>tidelis</strong></span> <span class='ocrx_word' id='word_1_262' title='bbox 896 3343 1131 3417; x_wconf 86' lang='lat' dir='ltr'><strong>Nostri</strong></span> <span class='ocrx_word' id='word_1_263' title='bbox 1205 3341 1421 3416; x_wconf 87' lang='lat' dir='ltr'><strong>Nebis</strong></span> <span class='ocrx_word' id='word_1_264' title='bbox 1500 3341 1729 3416; x_wconf 88' lang='lat' dir='ltr'><strong>dilecti</strong></span> <span class='ocrx_word' id='word_1_265' title='bbox 1808 3342 2203 3414; x_wconf 80' lang='lat' dir='ltr'><strong>Revereudi</strong></span> <span class='ocrx_word' id='word_1_266' title='bbox 2282 3341 2565 3437; x_wconf 85' lang='lat' dir='ltr'><strong>Georgii</strong></span> <span class='ocrx_word' id='word_1_267' title='bbox 2634 3342 3141 3438; x_wconf 74' lang='lat' dir='ltr'><strong>Szelopoheny,</strong></span> <span class='ocrx_word' id='word_1_268' title='bbox 3209 3341 3431 3415; x_wconf 79' lang='lat' dir='ltr'><strong>Electi</strong></span> 
     </span>
     <span class='ocr_line' id='line_1_29' title="bbox 142 3441 3435 3542; baseline -0 -24"><span class='ocrx_word' id='word_1_269' title='bbox 142 3441 448 3541; x_wconf 78' lang='lat' dir='ltr'><strong>Episcopi</strong></span> <span class='ocrx_word' id='word_1_270' title='bbox 503 3444 868 3520; x_wconf 86' lang='lat' dir='ltr'><strong>Ecclesiae</strong></span> <span class='ocrx_word' id='word_1_271' title='bbox 917 3446 1451 3542; x_wconf 78' lang='lat' dir='ltr'><strong>vesprimiensis</strong></span> <span class='ocrx_word' id='word_1_272' title='bbox 1503 3446 1803 3541; x_wconf 90' lang='lat' dir='ltr'><strong>Locique</strong></span> <span class='ocrx_word' id='word_1_273' title='bbox 1856 3445 2167 3520; x_wconf 85' lang='lat' dir='ltr'><strong>eiusdem</strong></span> <span class='ocrx_word' id='word_1_274' title='bbox 2221 3442 2502 3517; x_wconf 86' lang='lat' dir='ltr'><strong>Comitis</strong></span> <span class='ocrx_word' id='word_1_275' title='bbox 2555 3450 2860 3541; x_wconf 88' lang='lat' dir='ltr'><strong>perpetui</strong></span> <span class='ocrx_word' id='word_1_276' title='bbox 2915 3456 2986 3518; x_wconf 91' lang='lat' dir='ltr'><strong>et</strong></span> <span class='ocrx_word' id='word_1_277' title='bbox 3049 3444 3435 3522; x_wconf 78' lang='lat' dir='ltr'><strong>Consiliarii</strong></span> 
     </span>
     <span class='ocr_line' id='line_1_30' title="bbox 144 3544 3438 3646; baseline 0.002 -30"><span class='ocrx_word' id='word_1_278' title='bbox 144 3544 382 3638; x_wconf 72' lang='lat' dir='ltr'><strong>Nostri,</strong></span> <span class='ocrx_word' id='word_1_279' title='bbox 461 3571 555 3622; x_wconf 84' lang='lat' dir='ltr'><strong>ac</strong></span> <span class='ocrx_word' id='word_1_280' title='bbox 619 3571 742 3646; x_wconf 77' lang='lat' dir='ltr'><strong>per</strong></span> <span class='ocrx_word' id='word_1_281' title='bbox 785 3551 1044 3624; x_wconf 80' lang='lat' dir='ltr'><strong>dictum</strong></span> <span class='ocrx_word' id='word_1_282' title='bbox 1098 3549 1410 3644; x_wconf 85' lang='lat' dir='ltr'><strong>Regnum</strong></span> <span class='ocrx_word' id='word_1_283' title='bbox 1465 3548 1786 3623; x_wconf 86' lang='lat' dir='ltr'><strong>Nostrum</strong></span> <span class='ocrx_word' id='word_1_284' title='bbox 1857 3548 2251 3644; x_wconf 80' lang='lat' dir='ltr'><strong>Huugariae</strong></span> <span class='ocrx_word' id='word_1_285' title='bbox 2317 3548 2544 3624; x_wconf 87' lang='lat' dir='ltr'><strong>Aulae</strong></span> <span class='ocrx_word' id='word_1_286' title='bbox 2615 3549 3045 3639; x_wconf 77' lang='lat' dir='ltr'><strong>cancellarii,</strong></span> <span class='ocrx_word' id='word_1_287' title='bbox 3125 3552 3195 3622; x_wconf 87' lang='lat' dir='ltr'><strong>in</strong></span> <span class='ocrx_word' id='word_1_288' title='bbox 3247 3549 3438 3621; x_wconf 84' lang='lat' dir='ltr'><strong>Arce</strong></span> 
     </span>
     <span class='ocr_line' id='line_1_31' title="bbox 145 3647 3437 3748; baseline 0.001 -22"><span class='ocrx_word' id='word_1_289' title='bbox 145 3647 375 3726; x_wconf 79' lang='lat' dir='ltr'><strong>Nostra</strong></span> <span class='ocrx_word' id='word_1_290' title='bbox 426 3652 654 3748; x_wconf 84' lang='lat' dir='ltr'><strong>Regia</strong></span> <span class='ocrx_word' id='word_1_291' title='bbox 703 3655 1113 3728; x_wconf 81' lang='lat' dir='ltr'><strong>Peseniensi</strong></span> <span class='ocrx_word' id='word_1_292' title='bbox 1184 3653 1295 3727; x_wconf 89' lang='lat' dir='ltr'><strong>die</strong></span> <span class='ocrx_word' id='word_1_293' title='bbox 1350 3653 1700 3747; x_wconf 85' lang='lat' dir='ltr'><strong>Vigesima</strong></span> <span class='ocrx_word' id='word_1_294' title='bbox 1756 3652 1953 3726; x_wconf 87' lang='lat' dir='ltr'><strong>Nona</strong></span> <span class='ocrx_word' id='word_1_295' title='bbox 2005 3652 2267 3726; x_wconf 82' lang='lat' dir='ltr'><strong>Mensis</strong></span> <span class='ocrx_word' id='word_1_296' title='bbox 2320 3650 2636 3726; x_wconf 82' lang='lat' dir='ltr'><strong>Octobris</strong></span> <span class='ocrx_word' id='word_1_297' title='bbox 2686 3651 2894 3728; x_wconf 86' lang='lat' dir='ltr'><strong>Anne</strong></span> <span class='ocrx_word' id='word_1_298' title='bbox 2946 3653 3219 3726; x_wconf 85' lang='lat' dir='ltr'><strong>Domini</strong></span> <span class='ocrx_word' id='word_1_299' title='bbox 3269 3652 3437 3728; x_wconf 58' lang='lat' dir='ltr'><strong>Milv—</strong></span> 
     </span>
     <span class='ocr_line' id='line_1_32' title="bbox 140 3752 3437 3852; baseline 0 -22"><span class='ocrx_word' id='word_1_300' title='bbox 140 3752 368 3830; x_wconf 75' lang='lat' dir='ltr'><strong>leaimo</strong></span> <span class='ocrx_word' id='word_1_301' title='bbox 421 3757 954 3832; x_wconf 80' lang='lat' dir='ltr'><strong>Sexcentesime</strong></span> <span class='ocrx_word' id='word_1_302' title='bbox 1006 3757 1534 3852; x_wconf 79' lang='lat' dir='ltr'><strong>quadragesime</strong></span> <span class='ocrx_word' id='word_1_303' title='bbox 1589 3768 1821 3845; x_wconf 73' lang='lat' dir='ltr'><strong>sexto,</strong></span> <span class='ocrx_word' id='word_1_304' title='bbox 1899 3756 2294 3851; x_wconf 87' lang='lat' dir='ltr'><strong>Regnorum</strong></span> <span class='ocrx_word' id='word_1_305' title='bbox 2345 3755 2754 3832; x_wconf 77' lang='lat' dir='ltr'><strong>Nostrorum</strong></span> <span class='ocrx_word' id='word_1_306' title='bbox 2796 3756 3087 3830; x_wconf 74' lang='lat' dir='ltr'><strong>Romam</strong></span> <span class='ocrx_word' id='word_1_307' title='bbox 3141 3757 3437 3842; x_wconf 76' lang='lat' dir='ltr'><strong>decime..</strong></span> 
     </span>
     <span class='ocr_line' id='line_1_33' title="bbox 142 3856 3440 3957; baseline 0.002 -26"><span class='ocrx_word' id='word_1_308' title='bbox 142 3856 521 3953; x_wconf 77' lang='lat' dir='ltr'><strong>Hungariae</strong></span> <span class='ocrx_word' id='word_1_309' title='bbox 574 3865 641 3934; x_wconf 71' lang='lat' dir='ltr'><strong>«t</strong></span> <span class='ocrx_word' id='word_1_310' title='bbox 688 3862 1102 3957; x_wconf 78' lang='lat' dir='ltr'><strong>reliquorum</strong></span> <span class='ocrx_word' id='word_1_311' title='bbox 1173 3863 1541 3955; x_wconf 76' lang='lat' dir='ltr'><strong>vigesimo.</strong></span> <span class='ocrx_word' id='word_1_312' title='bbox 1597 3865 1840 3957; x_wconf 72' lang='lat' dir='ltr'><strong>primo,</strong></span> <span class='ocrx_word' id='word_1_313' title='bbox 1921 3860 2296 3935; x_wconf 82' lang='lat' dir='ltr'><strong>Bebemiae</strong></span> <span class='ocrx_word' id='word_1_314' title='bbox 2365 3881 2537 3934; x_wconf 86' lang='lat' dir='ltr'><strong>vero</strong></span> <span class='ocrx_word' id='word_1_315' title='bbox 2603 3860 2812 3933; x_wconf 87' lang='lat' dir='ltr'><strong>Anne</strong></span> <span class='ocrx_word' id='word_1_316' title='bbox 2885 3859 3152 3936; x_wconf 85' lang='lat' dir='ltr'><strong>decime</strong></span> <span class='ocrx_word' id='word_1_317' title='bbox 3228 3883 3440 3950; x_wconf 74' lang='lat' dir='ltr'><strong>none,</strong></span> 
     </span>
     <span class='ocr_line' id='line_1_34' title="bbox 144 3955 3441 4061; baseline 0.002 -28"><span class='ocrx_word' id='word_1_318' title='bbox 144 3955 753 4038; x_wconf 81' lang='lat' dir='ltr'><strong>Reverendissimis</strong></span> <span class='ocrx_word' id='word_1_319' title='bbox 807 3988 892 4038; x_wconf 90' lang='lat' dir='ltr'><strong>ac</strong></span> <span class='ocrx_word' id='word_1_320' title='bbox 942 3964 1474 4039; x_wconf 80' lang='lat' dir='ltr'><strong>venerabilibus</strong></span> <span class='ocrx_word' id='word_1_321' title='bbox 1530 3967 1595 4037; x_wconf 87' lang='lat' dir='ltr'><strong>in</strong></span> <span class='ocrx_word' id='word_1_322' title='bbox 1652 3963 1923 4046; x_wconf 77' lang='lat' dir='ltr'><strong>Clu-iste</strong></span> <span class='ocrx_word' id='word_1_323' title='bbox 1975 3964 2287 4038; x_wconf 86' lang='lat' dir='ltr'><strong>Patribus</strong></span> <span class='ocrx_word' id='word_1_324' title='bbox 2335 3964 2648 4040; x_wconf 80' lang='lat' dir='ltr'><strong>Dominis</strong></span> <span class='ocrx_word' id='word_1_325' title='bbox 2704 3964 3016 4058; x_wconf 78' lang='lat' dir='ltr'><strong>Georgio&#39;</strong></span> <span class='ocrx_word' id='word_1_326' title='bbox 3041 3965 3302 4061; x_wconf 74' lang='lat' dir='ltr'><strong>Lippay</strong></span> <span class='ocrx_word' id='word_1_327' title='bbox 3353 3966 3441 4039; x_wconf 85' lang='lat' dir='ltr'><strong>de</strong></span> 
     </span>
     <span class='ocr_line' id='line_1_35' title="bbox 142 4063 3445 4164; baseline 0.002 -25"><span class='ocrx_word' id='word_1_328' title='bbox 142 4063 426 4140; x_wconf 84' lang='lat' dir='ltr'><strong>Zombor</strong></span> <span class='ocrx_word' id='word_1_329' title='bbox 478 4068 721 4142; x_wconf 84' lang='lat' dir='ltr'><strong>Electe</strong></span> <span class='ocrx_word' id='word_1_330' title='bbox 773 4069 1343 4164; x_wconf 64' lang='lat' dir='ltr'><strong>metropolitanae</strong></span> <span class='ocrx_word' id='word_1_331' title='bbox 1402 4068 1923 4161; x_wconf 68' lang='lat' dir='ltr'><strong>strigoniensis,</strong></span> <span class='ocrx_word' id='word_1_332' title='bbox 2003 4072 2070 4140; x_wconf 56' lang='grc' dir='ltr'><strong><em>ἡ</em></strong></span> <span class='ocrx_word' id='word_1_333' title='bbox 2119 4070 2387 4143; x_wconf 85' lang='lat' dir='ltr'><strong>Jeanne</strong></span> <span class='ocrx_word' id='word_1_334' title='bbox 2440 4069 2866 4164; x_wconf 88' lang='lat' dir='ltr'><strong>Thelegdino</strong></span> <span class='ocrx_word' id='word_1_335' title='bbox 2919 4067 3326 4143; x_wconf 72' lang='lat' dir='ltr'><strong>Gdecensis</strong></span> <span class='ocrx_word' id='word_1_336' title='bbox 3373 4074 3445 4144; x_wconf 61' lang='grc' dir='ltr'>Φ</span> 
     </span>
     <span class='ocr_line' id='line_1_36' title="bbox 144 4166 3444 4269; baseline 0.002 -29"><span class='ocrx_word' id='word_1_337' title='bbox 144 4166 536 4246; x_wconf 79' lang='lat' dir='ltr'><strong>Baebiensis</strong></span> <span class='ocrx_word' id='word_1_338' title='bbox 589 4172 1057 4246; x_wconf 89' lang='lat' dir='ltr'><strong>Ecclesiarum</strong></span> <span class='ocrx_word' id='word_1_339' title='bbox 1114 4174 1462 4247; x_wconf 87' lang='lat' dir='ltr'><strong>Canonice</strong></span> <span class='ocrx_word' id='word_1_340' title='bbox 1514 4171 1868 4245; x_wconf 89' lang='lat' dir='ltr'><strong>Unitarum</strong></span> <span class='ocrx_word' id='word_1_341' title='bbox 1921 4172 2574 4269; x_wconf 67' lang='lat' dir='ltr'><strong>Archi-Episcopis„</strong></span> <span class='ocrx_word' id='word_1_342' title='bbox 2632 4172 2935 4268; x_wconf 81' lang='lat' dir='ltr'><strong>Georgia</strong></span> <span class='ocrx_word' id='word_1_343' title='bbox 2977 4173 3302 4247; x_wconf 82' lang='lat' dir='ltr'><strong>Jakusich</strong></span> <span class='ocrx_word' id='word_1_344' title='bbox 3357 4174 3444 4246; x_wconf 89' lang='lat' dir='ltr'><strong>de</strong></span> 
     </span>
     <span class='ocr_line' id='line_1_37' title="bbox 144 4271 3446 4373; baseline 0.002 -30"><span class='ocrx_word' id='word_1_345' title='bbox 144 4271 404 4348; x_wconf 82' lang='lat' dir='ltr'><strong>Orbava</strong></span> <span class='ocrx_word' id='word_1_346' title='bbox 460 4275 854 4369; x_wconf 50' lang='lat' dir='ltr'><strong>Agrianas,</strong></span> <span class='ocrx_word' id='word_1_347' title='bbox 926 4276 1303 4351; x_wconf 88' lang='lat' dir='ltr'><strong>Benedicte</strong></span> <span class='ocrx_word' id='word_1_348' title='bbox 1359 4275 1580 4372; x_wconf 76' lang='lat' dir='ltr'><strong>Kisdy</strong></span> <span class='ocrx_word' id='word_1_349' title='bbox 1629 4275 1873 4350; x_wconf 87' lang='lat' dir='ltr'><strong>Electo</strong></span> <span class='ocrx_word' id='word_1_350' title='bbox 1924 4274 2401 4361; x_wconf 76' lang='lat' dir='ltr'><strong>Varadiensis,</strong></span> <span class='ocrx_word' id='word_1_351' title='bbox 2471 4276 2762 4351; x_wconf 66' lang='lat' dir='ltr'><strong>martine</strong></span> <span class='ocrx_word' id='word_1_352' title='bbox 2817 4278 3100 4373; x_wconf 88' lang='lat' dir='ltr'><strong>Bogdan</strong></span> <span class='ocrx_word' id='word_1_353' title='bbox 3169 4277 3446 4372; x_wconf 84' lang='lat' dir='ltr'><strong>Zagra-</strong></span> 
     </span>
     <span class='ocr_line' id='line_1_38' title="bbox 148 4371 3452 4480; baseline 0.003 -34"><span class='ocrx_word' id='word_1_354' title='bbox 148 4371 416 4466; x_wconf 75' lang='lat' dir='ltr'><strong>biensis,</strong></span> <span class='ocrx_word' id='word_1_355' title='bbox 474 4378 824 4475; x_wconf 87' lang='lat' dir='ltr'><strong>Stephano</strong></span> <span class='ocrx_word' id='word_1_356' title='bbox 863 4379 1195 4477; x_wconf 77' lang='lat' dir='ltr'><strong>Simandy</strong></span> <span class='ocrx_word' id='word_1_357' title='bbox 1246 4379 1490 4454; x_wconf 88' lang='lat' dir='ltr'><strong>Electo</strong></span> <span class='ocrx_word' id='word_1_358' title='bbox 1543 4379 2215 4478; x_wconf 82' lang='lat' dir='ltr'><strong>Transylvaniensis‚</strong></span> <span class='ocrx_word' id='word_1_359' title='bbox 2268 4379 2578 4477; x_wconf 86' lang='lat' dir='ltr'><strong>praefate</strong></span> <span class='ocrx_word' id='word_1_360' title='bbox 2625 4372 2929 4474; x_wconf 79' lang='lat' dir='ltr'><strong>Georgio</strong></span> <span class='ocrx_word' id='word_1_361' title='bbox 2967 4380 3452 4480; x_wconf 69' lang='lat' dir='ltr'><strong>Szelepcbeny</strong></span> 
     </span>
     <span class='ocr_line' id='line_1_39' title="bbox 146 4476 3446 4581; baseline 0.001 -27"><span class='ocrx_word' id='word_1_362' title='bbox 146 4476 372 4554; x_wconf 80' lang='lat' dir='ltr'><strong>Electo</strong></span> <span class='ocrx_word' id='word_1_363' title='bbox 407 4482 972 4580; x_wconf 74' lang='lat' dir='ltr'><strong>vesprimiensis,</strong></span> <span class='ocrx_word' id='word_1_364' title='bbox 1026 4485 1244 4557; x_wconf 89' lang='lat' dir='ltr'><strong>altero</strong></span> <span class='ocrx_word' id='word_1_365' title='bbox 1286 4483 1589 4579; x_wconf 81' lang='lat' dir='ltr'><strong>Georgia</strong></span> <span class='ocrx_word' id='word_1_366' title='bbox 1631 4483 1998 4581; x_wconf 77' lang='lat' dir='ltr'><strong>Szecheny</strong></span> <span class='ocrx_word' id='word_1_367' title='bbox 2030 4483 2273 4559; x_wconf 81' lang='lat' dir='ltr'><strong>Electe</strong></span> <span class='ocrx_word' id='word_1_368' title='bbox 2311 4483 3164 4579; x_wconf 75' lang='lat' dir='ltr'><strong>Quinque-Ecclesiensis‚</strong></span> <span class='ocrx_word' id='word_1_369' title='bbox 3214 4486 3446 4560; x_wconf 88' lang='lat' dir='ltr'><strong>itidem</strong></span> 
     </span>
     <span class='ocr_line' id='line_1_40' title="bbox 149 4581 3449 4686; baseline 0.001 -28"><span class='ocrx_word' id='word_1_370' title='bbox 149 4581 440 4681; x_wconf 79' lang='lat' dir='ltr'><strong>Georgia</strong></span> <span class='ocrx_word' id='word_1_371' title='bbox 511 4587 949 4662; x_wconf 81' lang='lat' dir='ltr'><strong>Draskevicb</strong></span> <span class='ocrx_word' id='word_1_372' title='bbox 1000 4588 1089 4662; x_wconf 88' lang='lat' dir='ltr'><strong>de</strong></span> <span class='ocrx_word' id='word_1_373' title='bbox 1142 4587 1577 4686; x_wconf 77' lang='lat' dir='ltr'><strong>Trakestyan</strong></span> <span class='ocrx_word' id='word_1_374' title='bbox 1647 4590 2056 4677; x_wconf 74' lang='lat' dir='ltr'><strong>Jauriensis,</strong></span> <span class='ocrx_word' id='word_1_375' title='bbox 2128 4587 2446 4663; x_wconf 85' lang='lat' dir='ltr'><strong>Ladislae</strong></span> <span class='ocrx_word' id='word_1_376' title='bbox 2494 4588 2925 4686; x_wconf 75' lang='lat' dir='ltr'><strong>Hessutboty</strong></span> <span class='ocrx_word' id='word_1_377' title='bbox 2991 4589 3237 4663; x_wconf 89' lang='lat' dir='ltr'><strong>Electo</strong></span> <span class='ocrx_word' id='word_1_378' title='bbox 3289 4590 3449 4663; x_wconf 89' lang='lat' dir='ltr'><strong>Va-</strong></span> 
     </span>
     <span class='ocr_line' id='line_1_41' title="bbox 145 4691 3450 4789; baseline 0.003 -32"><span class='ocrx_word' id='word_1_379' title='bbox 145 4691 464 4769; x_wconf 75' lang='lat' dir='ltr'><strong>cziensis.</strong></span> <span class='ocrx_word' id='word_1_380' title='bbox 537 4692 808 4766; x_wconf 85' lang='lat' dir='ltr'><strong>Jeanne</strong></span> <span class='ocrx_word' id='word_1_381' title='bbox 862 4693 1081 4789; x_wconf 77' lang='lat' dir='ltr'><strong>Risky</strong></span> <span class='ocrx_word' id='word_1_382' title='bbox 1150 4691 1397 4770; x_wconf 73' lang='lat' dir='ltr'><strong>Elocte</strong></span> <span class='ocrx_word' id='word_1_383' title='bbox 1466 4692 1855 4782; x_wconf 67' lang='lat' dir='ltr'><strong>Nitriensis,</strong></span> <span class='ocrx_word' id='word_1_384' title='bbox 1923 4692 2167 4768; x_wconf 89' lang='lat' dir='ltr'><strong>Fratre</strong></span> <span class='ocrx_word' id='word_1_385' title='bbox 2236 4692 2518 4766; x_wconf 88' lang='lat' dir='ltr'><strong>Andrea</strong></span> <span class='ocrx_word' id='word_1_386' title='bbox 2569 4692 2920 4767; x_wconf 87' lang='lat' dir='ltr'><strong>Francisci</strong></span> <span class='ocrx_word' id='word_1_387' title='bbox 2987 4693 3233 4768; x_wconf 87' lang='lat' dir='ltr'><strong>Electo</strong></span> <span class='ocrx_word' id='word_1_388' title='bbox 3286 4692 3450 4768; x_wconf 85' lang='lat' dir='ltr'><strong>Sir-</strong></span> 
     </span>
     <span class='ocr_line' id='line_1_42' title="bbox 150 4794 3453 4893; baseline 0.003 -31"><span class='ocrx_word' id='word_1_389' title='bbox 150 4794 442 4882; x_wconf 74' lang='lat' dir='ltr'><strong>miensis,</strong></span> <span class='ocrx_word' id='word_1_390' title='bbox 517 4795 734 4869; x_wconf 89' lang='lat' dir='ltr'><strong>altero</strong></span> <span class='ocrx_word' id='word_1_391' title='bbox 805 4795 1047 4870; x_wconf 86' lang='lat' dir='ltr'><strong>Fratre</strong></span> <span class='ocrx_word' id='word_1_392' title='bbox 1102 4795 1406 4891; x_wconf 82' lang='lat' dir='ltr'><strong>Georgia</strong></span> <span class='ocrx_word' id='word_1_393' title='bbox 1457 4796 1811 4871; x_wconf 86' lang='lat' dir='ltr'><strong>Bielavich</strong></span> <span class='ocrx_word' id='word_1_394' title='bbox 1862 4795 2107 4871; x_wconf 86' lang='lat' dir='ltr'><strong>Electo</strong></span> <span class='ocrx_word' id='word_1_395' title='bbox 2162 4797 2597 4887; x_wconf 65' lang='lat' dir='ltr'><strong>Tininiensis‚</strong></span> <span class='ocrx_word' id='word_1_396' title='bbox 2679 4796 3118 4893; x_wconf 80' lang='lat' dir='ltr'><strong>sigismunde</strong></span> <span class='ocrx_word' id='word_1_397' title='bbox 3170 4797 3453 4893; x_wconf 87' lang='lat' dir='ltr'><strong>Zongor</strong></span> 
     </span>
     <span class='ocr_line' id='line_1_43' title="bbox 150 4889 3448 4990; baseline 0.002 -24"><span class='ocrx_word' id='word_1_398' title='bbox 150 4889 376 4971; x_wconf 76' lang='lat' dir='ltr'><strong>Riecte</strong></span> <span class='ocrx_word' id='word_1_399' title='bbox 432 4895 956 4990; x_wconf 71' lang='lat' dir='ltr'><strong>Chanadiensis,</strong></span> <span class='ocrx_word' id='word_1_400' title='bbox 1034 4899 1274 4974; x_wconf 87' lang='lat' dir='ltr'><strong>Fratre</strong></span> <span class='ocrx_word' id='word_1_401' title='bbox 1352 4900 1588 4974; x_wconf 89' lang='lat' dir='ltr'><strong>itidem</strong></span> <span class='ocrx_word' id='word_1_402' title='bbox 1667 4902 1938 4975; x_wconf 85' lang='lat' dir='ltr'><strong>Joanne</strong></span> <span class='ocrx_word' id='word_1_403' title='bbox 2019 4900 2492 4975; x_wconf 79' lang='lat' dir='ltr'><strong>chrisostomo</strong></span> <span class='ocrx_word' id='word_1_404' title='bbox 2569 4900 2658 4974; x_wconf 84' lang='lat' dir='ltr'><strong>de</strong></span> <span class='ocrx_word' id='word_1_405' title='bbox 2737 4902 2991 4975; x_wconf 89' lang='lat' dir='ltr'><strong>Sancta</strong></span> <span class='ocrx_word' id='word_1_406' title='bbox 3061 4901 3448 4978; x_wconf 86' lang='lat' dir='ltr'><strong>Petrenella</strong></span> 
     </span>
     <span class='ocr_line' id='line_1_44' title="bbox 152 4991 3450 5101; baseline 0.001 -27"><span class='ocrx_word' id='word_1_407' title='bbox 152 4991 375 5074; x_wconf 81' lang='lat' dir='ltr'><strong>Electo</strong></span> <span class='ocrx_word' id='word_1_408' title='bbox 430 5002 913 5091; x_wconf 73' lang='lat' dir='ltr'><strong>Rosontensis,</strong></span> <span class='ocrx_word' id='word_1_409' title='bbox 987 5009 1052 5078; x_wconf 73' lang='lat' dir='ltr'><strong>dc</strong></span> <span class='ocrx_word' id='word_1_410' title='bbox 1103 5004 1308 5078; x_wconf 89' lang='lat' dir='ltr'><strong>Petro</strong></span> <span class='ocrx_word' id='word_1_411' title='bbox 1359 5003 1675 5101; x_wconf 74' lang='lat' dir='ltr'><strong>Mariany</strong></span> <span class='ocrx_word' id='word_1_412' title='bbox 1744 5004 1986 5076; x_wconf 89' lang='lat' dir='ltr'><strong>Electo</strong></span> <span class='ocrx_word' id='word_1_413' title='bbox 2053 5005 2461 5098; x_wconf 87' lang='lat' dir='ltr'><strong>Segniensis</strong></span> <span class='ocrx_word' id='word_1_414' title='bbox 2518 5010 2583 5079; x_wconf 73' lang='lat' dir='ltr'><strong>dc</strong></span> <span class='ocrx_word' id='word_1_415' title='bbox 2633 5004 3134 5079; x_wconf 81' lang='lat' dir='ltr'><strong>Medrusiensis</strong></span> <span class='ocrx_word' id='word_1_416' title='bbox 3185 5006 3450 5080; x_wconf 83' lang='lat' dir='ltr'><strong>Eccle-</strong></span> 
     </span>
     <span class='ocr_line' id='line_1_45' title="bbox 152 5103 3457 5204; baseline 0.003 -32"><span class='ocrx_word' id='word_1_417' title='bbox 152 5103 387 5178; x_wconf 84' lang='lat' dir='ltr'><strong>siarum</strong></span> <span class='ocrx_word' id='word_1_418' title='bbox 470 5106 831 5204; x_wconf 89' lang='lat' dir='ltr'><strong>Episcopis</strong></span> <span class='ocrx_word' id='word_1_419' title='bbox 880 5107 1237 5182; x_wconf 86' lang='lat' dir='ltr'><strong>Ecclesias</strong></span> <span class='ocrx_word' id='word_1_420' title='bbox 1316 5105 1469 5179; x_wconf 88' lang='lat' dir='ltr'><strong>DEI</strong></span> <span class='ocrx_word' id='word_1_421' title='bbox 1549 5106 1843 5182; x_wconf 85' lang='lat' dir='ltr'><strong>feliciter</strong></span> <span class='ocrx_word' id='word_1_422' title='bbox 1915 5105 2490 5201; x_wconf 80' lang='lat' dir='ltr'><strong>gubernantibus3</strong></span> <span class='ocrx_word' id='word_1_423' title='bbox 2593 5108 2761 5181; x_wconf 88' lang='lat' dir='ltr'><strong>ltem</strong></span> <span class='ocrx_word' id='word_1_424' title='bbox 2832 5108 3331 5204; x_wconf 78' lang='lat' dir='ltr'><strong>spectabilibus</strong></span> <span class='ocrx_word' id='word_1_425' title='bbox 3385 5114 3457 5184; x_wconf 60' lang='lat' dir='ltr'><strong>t</strong></span> 
     </span>
     <span class='ocr_line' id='line_1_46' title="bbox 152 5199 3452 5309; baseline 0.003 -33"><span class='ocrx_word' id='word_1_426' title='bbox 152 5199 517 5301; x_wconf 70' lang='lat' dir='ltr'><strong>Hagnilicis</strong></span> <span class='ocrx_word' id='word_1_427' title='bbox 572 5210 837 5284; x_wconf 82' lang='lat' dir='ltr'><strong>Gemite</strong></span> <span class='ocrx_word' id='word_1_428' title='bbox 888 5211 1156 5286; x_wconf 85' lang='lat' dir='ltr'><strong>Jeanne</strong></span> <span class='ocrx_word' id='word_1_429' title='bbox 1209 5210 1644 5284; x_wconf 86' lang='lat' dir='ltr'><strong>Draskevicb</strong></span> <span class='ocrx_word' id='word_1_430' title='bbox 1702 5211 1787 5283; x_wconf 90' lang='lat' dir='ltr'><strong>de</strong></span> <span class='ocrx_word' id='word_1_431' title='bbox 1844 5212 2023 5285; x_wconf 86' lang='lat' dir='ltr'><strong>dicta</strong></span> <span class='ocrx_word' id='word_1_432' title='bbox 2069 5210 2528 5309; x_wconf 68' lang='lat' dir='ltr'><strong>Trakestyan,</strong></span> <span class='ocrx_word' id='word_1_433' title='bbox 2581 5211 2909 5308; x_wconf 84' lang='lat' dir='ltr'><strong>praedicti</strong></span> <span class='ocrx_word' id='word_1_434' title='bbox 2959 5212 3184 5308; x_wconf 87' lang='lat' dir='ltr'><strong>Regni</strong></span> <span class='ocrx_word' id='word_1_435' title='bbox 3219 5213 3452 5288; x_wconf 83' lang='lat' dir='ltr'><strong>Nostri</strong></span> 
     </span>
     <span class='ocr_line' id='line_1_47' title="bbox 152 5303 3454 5411; baseline 0.002 -26"><span class='ocrx_word' id='word_1_436' title='bbox 152 5303 525 5404; x_wconf 74' lang='lat' dir='ltr'><strong>Hungariae</strong></span> <span class='ocrx_word' id='word_1_437' title='bbox 578 5314 910 5400; x_wconf 72' lang='lat' dir='ltr'><strong>Palatino,</strong></span> <span class='ocrx_word' id='word_1_438' title='bbox 985 5314 1249 5390; x_wconf 82' lang='lat' dir='ltr'><strong>Gemite</strong></span> <span class='ocrx_word' id='word_1_439' title='bbox 1323 5314 1535 5389; x_wconf 87' lang='lat' dir='ltr'><strong>Paulo</strong></span> <span class='ocrx_word' id='word_1_440' title='bbox 1589 5314 1807 5411; x_wconf 79' lang='lat' dir='ltr'><strong>Palffy</strong></span> <span class='ocrx_word' id='word_1_441' title='bbox 1861 5315 1949 5390; x_wconf 91' lang='lat' dir='ltr'><strong>de</strong></span> <span class='ocrx_word' id='word_1_442' title='bbox 1995 5313 2297 5405; x_wconf 67' lang='lat' dir='ltr'><strong>moed,</strong></span> <span class='ocrx_word' id='word_1_443' title='bbox 2350 5315 2594 5390; x_wconf 86' lang='lat' dir='ltr'><strong>Judice</strong></span> <span class='ocrx_word' id='word_1_444' title='bbox 2648 5314 2895 5393; x_wconf 79' lang='lat' dir='ltr'><strong>Curiae</strong></span> <span class='ocrx_word' id='word_1_445' title='bbox 2947 5316 3242 5398; x_wconf 80' lang='lat' dir='ltr'><strong>Nostrae</strong></span> <span class='ocrx_word' id='word_1_446' title='bbox 3294 5318 3454 5391; x_wconf 88' lang='lat' dir='ltr'><strong>Re·-</strong></span> 
     </span>
    </p>
   </div>
  </div>
 </body>
</html>
