3950 5917
3269 416 3424 494 42¹1

124 623 341 694 uinta
411 639 680 717 quoque
746 630 820 693 ut
864 620 1056 694 Fora
1134 623 1650 716 impensioualia
1723 627 2034 697 exactius
2105 634 2388 698 servent
2454 633 2526 697 et
2577 622 3028 698 Cauuntibns
3088 624 3426 699 ,Iustitiam

123 724 626 814 administrent,
680 724 1147 812 admonuisse,
1199 728 1273 798 in
1312 726 1465 798 aliis
1518 736 1742 798 antem
1799 725 2239 802 Comitatibus
2290 727 2540 801 nullum
2578 731 2662 801 *in
2716 727 3238 803 administranda
3290 728 3428 801 Jn-·.

122 831 312 903 stitia
381 826 719 900 defectum
791 838 1206 923 compertum
1261 847 1424 903 esse
1492 830 1741 917 retulit,
1820 830 2062 926 bisque
2115 832 2574 927 superaddidit
2646 831 2827 905 idem
2884 830 3166 921 Comes,
3243 831 3428 927 quod

121 931 394 1005 vindex
448 931 759 1004 Justitiae
811 935 1004 1025 rigor
1043 935 1169 1028 per
1202 932 1583 1008 deoersnm.
1617 938 2026 1029 praeteritae
2076 936 2360 1032 Hyemis
2415 958 2569 1009 eum
2619 933 2922 1031 partibus
2973 936 3104 1010 illis
3154 936 3425 1031 produ-⁶

122 1038 314 1109 merit
364 1035 704 1120 effectum,
759 1036 937 1128 qnod
973 1036 1197 1129 Regio
1248 1036 1363 1109 illa
1406 1036 1806 1112 Latronibus
1856 1049 1923 1138 et
1956 1038 2422 1113 Praedonibns
2476 1040 2766 1112 antehac
2815 1039 3091 1112 multum
3142 1039 3427 1130 referta,

118 1142 271 1231 jam
325 1161 550 1234 poene
595 1144 939 1213 securitati
973 1139 1285 1236 publicae
1320 1145 1409 1213 s'it
1438 1143 1807 1230 restitutas
1829 1163 1997 1236 quas
2035 1143 2194 1216 dicti
2231 1142 2511 1217 Comitis
2548 1144 3026 1238 dispositiones
3061 1142 3427 1238 benignis-

122 1246 309 1318 nime
361 1241 840 1338 approbantes,
893 1244 1133 1316 iisdem
1181 1243 1315 1317 hoc
1367 1244 2140 1334 duntaxataddendum·
2178 1267 2339 1322 esse
2393 1246 2732 1336 duximus,
2793 1256 2867 1320 ut
2917 1246 3287 1323 Comitatus
3337 1246 3427 1321 ad

127 1347 655 1421 confinuaudum
709 1348 1282 1422 administrandae
1332 1348 1643 1422 Justitiae
1694 1349 1917 1422 zelum
1968 1350 2250 1425 ulterius
2300 1373 2569 1446 quoque
2621 1351 3080 1425 adhortentur.

438 1501 515 1576 In
589 1502 828 1576 ordine
908 1526 1079 1576 vero
1156 1504 1241 1576 ad
1319 1502 1564 1577 Lineas
1622 1503 2071 1580 Confiniarias
2123 1505 2360 1578 'refert
2440 1504 2830 1601 saepefatus
2887 1503 3162 1594 Comes,
3244 1501 3428 1602 quod

10 1625 11 1654 ἐ
125 1606 488 1679 nunnullas
543 1609 833 1700 exiguas
888 1610 1239 1702 signanter
1289 1609 1358 1679 in
1412 1605 1871 1682 Comitatibus·
1906 1608 2289 1704 Syrmiensi
2341 1620 2410 1682 et
2460 1610 2850 1704 Posegano,
2907 1613 3234 1702 majorem
3291 1633 3428 1683 au·-

126 1720 267 1782 tem
338 1714 404 1781 in
459 1710 674 1781 altero
732 1709 1064 1783 Comitatu
1118 1710 1543 1784 Veroczensi
1616 1710 1837 1807 quoad
1891 1717 2408 1809 occupationem
2462 1714 2809 1806 Territorij
2864 1713 3429 1790 Diakovariensis

124 1831 257 1910 per
310 1812 760 1885 Confiniarios
813 1818 926 1887 via
981 1813 1146 1885 facti
1199 1823 1615 1903 attentatam
1670 1821 2004 1911 repererit
2065 1816 2523 1908 differentias3
2597 1821 2777 1889 circa
2834 1840 3001 1913 quas
3056 1819 3431 1891 clementer

124 1912 570 2004 resolvimus
650 1927 723 1988 ut
777 1916 1172 2006 Comitatus,
1245 1921 1356 2013 qui
1428 1929 1712 1992 eatenus
1757 1941 2132 2014 gravamen
2204 1919 2478 2009 babent,
2550 1932 2768 1995 semet
2835 1920 3092 1993 idcirco
3142 1926 3430 2017 praevio

122 2020 309 2116 apud
359 2020 867 2093 Praefecturam
922 2031 1222 2094 nostram
1278 2022 1629 2095 militarem
1681 2022 1928 2095 ibidem
1978 2034 2292 2119 tanquam
2346 2029 2624 2120 primam
2679 2025 3068 2098 Instantiam
3120 2047 3244 2122 pro
3295 2047 3427 2098 re·-

120 2124 353 2198 medio
422 2128 784 2211 insinuent,
864 2124 1250 2220 ibidemque
1329 2126 1595 2220 agenda
1651 2136 1881 2219 agant,
1956 2149 2096 2200 non
2150 2125 2427 2200 obtento
2482 2139 2703 2201 autem
2772 2127 3021 2201 ibidem
3092 2129 3424 2222 remedio,

118 2229 397 2301 tandem
450 2232 665 2324 primo
720 2239 1075 2301 recurrant
1119 2241 1187 2300 et
1224 2232 1620 2322 gravamina
1676 2252 1798 2301 sua
1853 2227 2130 2303 funda'te
2182 2242 2743 2327 repraesentent3
2798 2243 2868 2305 et
2901 2233 3034 2305 boc
3087 2237 3285 2306 etiam
3351 2237 3424 2306 in

120 2333 281 2405 aliis
335 2330 622 2406 Casibus
675 2343 742 2405 et
796 2336 1243 2407 occurrentiis
1298 2347 1572 2428 semper
1624 2333 2000 2407 observent
2053 2344 2122 2407 et
2171 2357 2306 2408 non
2363 2339 2584 2409 statim
2636 2339 2997 2432 praeterita
3033 2341 3244 2433 prima
3295 2335 3424 2409 In-

118 2439 369 2510 stantia
424 2437 509 2508 ad
559 2435 732 2526 Nos,
783 2437 900 2508 vel
952 2436 1198 2508 Aulam
1253 2446 1557 2511 nostram
1608 2446 1982 2511 recurrant.

433 2563 730 2639 Ulterius
808 2565 1035 2639 retulit
1116 2565 1293 2638 idem
1351 2565 1628 2656 Comes,
1709 2566 1889 2663 quod
1967 2569 2035 2640 in
2092 2566 2436 2640 Comitatn.
2494 2567 2858 2666 Posegano
2914 2590 3277 2644 excessum
3351 2574 3422 2645 in

117 2663 399 2743 Diurnis
468 2672 639 2741 intra
714 2679 783 2741 et
854 2680 1051 2741 extra
1107 2668 1510 2743 Comitatum
1566 2670 1962 2759 advertens,
2038 2670 2145 2743 illa
2221 2672 2444 2744 dietim
2517 2673 2792 2768 praeter
2842 2676 3277 2747 occasionem
3332 2672 3421 2747 ad

117 2771 299 2846 duos
371 2771 671 2846 florenos
741 2776 1192 2862 restrinxerit,
1266 2785 1621 2869 praeterea
1676 2796 1850 2847 vero
1924 2774 2366 2864 ordinaverit,
2436 2786 2508 2848 ut
2560 2775 3100 2850 Decimatoribus
3168 2780 3421 2850 nostris

118 2875 618 2966 Cameralibus,
672 2875 920 2950 Incolis
973 2880 1245 2973 saepius
1282 2876 1545 2950 Damna
1598 2876 2070 2967 inferentibus,
2126 2895 2400 2975 semper
2450 2902 2622 2953 unus
2675 2880 2897 2953 Homo
2944 2880 3420 2954 Comitatensis

116 2985 237 3076 qui
288 2980 565 3053 Plebem
619 2978 705 3052 ab
758 2983 941 3054 omni
991 2979 1267 3053 Jactura
1320 2992 1828 3077 praeservaret,
1884 2982 2312 3075 adjungatur,
2366 2987 2822 3078 promiscuam
2854 3007 3025 3058 vero
3062 2984 3422 3058 Nundina-

112 3101 270 3156 rum
325 3083 853 3157 celebrationem
907 3105 1123 3179 usque
1177 3084 1606 3158 eductionem
1639 3085 2187 3177 Privilegiorum,
2239 3090 2375 3158 imo
2413 3088 2745 3182 quaedam
2792 3091 2991 3161 etiam
3030 3086 3422 3184 Monopolia

112 3192 384 3285 privata
438 3191 506 3260 iu
557 3188 896 3260 nonnullis
948 3187 1279 3261 Domiuiis
1335 3197 1610 3261 servata
1664 3187 2048 3275 inhibuerit,
2112 3188 2237 3261 sed
2290 3200 2359 3262 et
2409 3190 2567 3263 illud
2623 3212 2892 3286 quoque
2962 3197 3030 3264 in
3087 3191 3421 3265 Comitatu

116 3290 564 3381 ordinaverit,
635 3301 709 3362 ut
774 3291 1023 3364 incolis
1078 3291 1161 3362 ad
1220 3291 1623 3364 Comitatum
1702 3290 2126 3364 Memorialia
2195 3292 2693 3388 porrigentibus
2747 3305 2817 3368 et
2866 3295 3421 3368 Decretationem

116 3417 246 3472 seu
325 3394 862 3469 Indorsationem
915 3396 1211 3490 desuper
1280 3383 1761 3484 obtinentibus,
1815 3399 2145 3490 praeviae
2198 3407 2421 3468 autem
2475 3421 2513 3469 a
2570 3397 3123 3492 Congregatione
3177 3398 3418 3471 disce-

112 3498 464 3584 dentibus,
528 3507 598 3571 et
646 3497 1043 3572 Memoralia
1101 3521 1223 3572 sua
1278 3497 1370 3571 ibi
1421 3496 1980 3592 relinquentibus,
2033 3498 2424 3572 indorsatae
2478 3503 2813 3591 ejusmodi
2865 3503 3230 3575 instantiae
3280 3500 3417 3573 Ju-

116 3602 385 3676 dicibus
435 3602 997 3676 Processualibus
1051 3605 1566 3695 consignentur,
1620 3625 1746 3698 per
1797 3603 2080 3677 eosdem
2124 3602 2691 3699 supplicantibuS,
2748 3608 2858 3699 qui
2912 3604 3179 3688 absunt,
3233 3604 3418 3678 linita

116 3706 676 3801 Congregatione
730 3704 1277 3796 distribuendae3
1346 3706 1714 3779 Praeterea
1790 3729 1963 3780 vero
2037 3707 2214 3804 quod
2268 3707 2664 3780 Dominales
2718 3730 2989 3803 quoque
3042 3707 3416 3800 Officiales,

114 3821 359 3884 contra
396 3831 678 3905 quorum
712 3813 1137 3883 renitentiam
1174 3813 1242 3882 iu
1275 3808 1559 3906 publicis
1583 3807 2027 3884 Comitatuum
2064 3811 2614 3907 dispositionibus
2631 3810 3066 3907 Magistratus
3098 3812 3414 3887 Comita-

110 3925 353 3989 tenses
406 3916 759 4008 conquesti
800 3923 979 4005 sunt,
1034 3913 1121 3986 ad
1160 3917 1545 3987 accuratius
1585 3911 2084 3988 observandam
2124 3913 2761 3989 Subordinationem
2813 3916 3277 4008 admonuerit3
3310 3957 3416 3973 -—

107 4041 287 4114 quas
343 4016 824 4113 dispositiones
877 4040 1123 4113 aeque,
1179 4041 1327 4091 cum
1383 4016 1513 4089 hac
1565 4026 1792 4090 tamen
1846 4015 2346 4092 modificatione
2401 4021 2775 4095 clementer
2816 4020 3292 4119 approbamus,
3342 4031 3417 4096 ut

107 4122 507 4196 Salarisatis
544 4119 987 4194 Comitatuum
1044 4119 1463 4196 officialibus
1507 4123 1577 4194 in
1627 4119 1914 4217 publicis
1967 4121 2493 4217 procedentibus
2541 4135 2610 4198 et
2662 4128 2984 4201 exmissis
3034 4129 3206 4198 intra
3261 4121 3411 4198 Co-

108 4230 384 4298 mitatus
456 4227 590 4317 (uti
641 4227 843 4297 etiam
913 4228 981 4297 in
1033 4224 1379 4320 Huugaria
1445 4229 1727 4299 vetitum
1781 4230 1926 4317 est)
1994 4227 2174 4298 nulla
2226 4225 2483 4299 Diurna
2555 4228 2929 4319 solvantur,
3008 4231 3079 4301 in
3149 4229 3410 4325 reliquo

108 4339 341 4402 autem
395 4337 809 4424 praeattacta
845 4327 1254 4401 Diurnorum
1307 4333 1647 4402 restrictio
1703 4332 1907 4402 etiam
1962 4327 2050 4402 ad
2104 4330 2277 4404 alios
2331 4329 2503 4404 duos
2542 4329 2913 4408 Comitatus
2963 4332 3411 4426 extendatur;

108 4456 201 4506 ne
272 4442 501 4505 autem
571 4439 844 4527 propter
913 4435 1281 4505 carent-iam
1351 4431 1812 4506 Nundinarum
1879 4430 2225 4505 Publicum
2296 4438 2608 4530 patiatur,
2661 4435 2932 4509 Domini
2980 4436 3407 4530 Terrestres,

104 4536 498 4628 Privilegiis
550 4534 1038 4608 Nundinalibus
1110 4544 1451 4627 carentes,
1532 4536 1618 4609 ad
1668 4536 2096 4611 Maiestatem
2166 4547 2467 4612 nostram
2520 4560 2642 4635 pro
2718 4541 3153 4636 impetrandis
3207 4543 3407 4634 ejus-

104 4642 300 4714 modi
348 4640 734 4733 Privilegiis
788 4661 1006 4734 ocyus
1058 4642 1514 4727 remittantur3
1568 4641 1652 4714 ab
1688 4641 1940 4714 Incolis
1995 4650 2217 4714 autem
2270 4646 2555 4738 praevio
2599 4643 2800 4716 modo
2840 4643 3406 4740 supplicantibus,

106 4766 246 4818 nec
298 4766 419 4840 pro
464 4742 962 4829 Indorsatione,
1006 4765 1230 4839 neque
1283 4764 1406 4838 pro
1462 4742 1996 4840 consignatione
2050 4754 2120 4817 et
2170 4744 2633 4819 distributione
2686 4746 3172 4820 Memorialium
3228 4770 3405 4823 suo-

104 4870 256 4921 rum
313 4846 644 4943 quidpiam
695 4845 1172 4943 praetendatur
1222 4855 1337 4918 ant
1385 4850 1724 4942 exigatur,
1803 4849 1937 4921 hoc
1991 4858 2061 4921 et
2110 4847 2178 4922 id
2231 4872 2403 4923 vero
2459 4854 2662 4923 etiam
2711 4854 2781 4923 in
2835 4852 2985 4925 aliis
3040 4848 3403 4928 Comitati-

100 4950 237 5026 bus
291 4949 518 5024 debite
571 4949 996 5024 observetur.

414 5079 629 5154 Porro
684 5078 770 5151 ad
811 5079 1236 5153 Relationem
1280 5078 1605 5152 totiesfati
1661 5079 1966 5170 Comitis,
2020 5084 2445 5179 positamque
2498 5105 2727 5157 coram
2781 5083 3028 5157 eodem
3084 5086 3216 5176 (uti
3268 5106 3399 5158 re-

104 5187 283 5282 fert)
323 5183 765 5259 comitatuum
817 5185 1081 5257 illorum
1136 5193 1207 5257 et
1257 5186 1606 5277 signanter
1639 5183 2106 5264 Veroczensis
2157 5189 2226 5260 in
2280 5208 2367 5258 eo
2414 5186 2943 5276 Querimoniam,
2997 5186 3178 5284 quod
3211 5186 3399 5260 Tur-

100 5294 234 5365 cici
308 5289 726 5377 Quaestores
797 5296 867 5359 et
930 5285 1354 5361 Mercator-es
1405 5286 1617 5379 vulgo
1669 5286 1960 5386 Kallagy
2038 5288 2220 5378 dicti,
2301 5312 2453 5363 cum
2506 5289 2800 5364 diversis
2853 5289 3196 5364 Mercibus
3270 5313 3397 5387 per

97 5397 424 5469 minutias
477 5390 844 5479 Quaestum
916 5400 1292 5465 exerceant
1358 5399 1430 5464 ct
1480 5388 1855 5466 Caristiam.
1880 5392 2232 5488 inducant,
2306 5416 2441 5468 nna
2512 5393 2834 5490 pulveres
2884 5398 3107 5570 {tiam
3151 5393 3398 5492 Pyrion

2833 5498 2880 5570 5
2937 5497 2982 5544 ¹
3481 5493 3490 5500 ’
