3950 5917
1618 563 1884 639 Tenon·
1934 558 2585 649 indorsationis:

1805 751 1891 825 V.
1945 749 2173 824 Vienn
2227 771 2353 824 aus
2404 749 2542 862 (lor
2578 749 2849 844 Konigl.
2906 749 3129 844 flung.
3185 747 3713 844 Hos-Kanzley

512 973 523 980 —
612 935 638 962 ⁶
806 933 1271 1022 Revemdis,
1349 932 1906 1021 Honorabilibus,
1983 929 2487 1028 spectabilibus
2563 937 2651 1003 ac
2700 927 3121 1025 magnificis,
3185 928 3601 1024 magnificis
3662 936 3830 1002 item

496 1039 821 1134 Egregiis
891 1047 965 1114 et
1012 1036 1395 1128 Nobilibus,
1466 1047 1602 1112 nec
1668 1058 1811 1111 non
1861 1033 2318 1110 Pru‘dentilms
2379 1039 2471 1106 'nc
2509 1033 3057 1131 Circumspectis
3097 1032 3193 1107 N
3264 1033 3345 1106 Ν.
3417 1032 3832 1134 Regnorum

496 1141 907 1222 Nostrorum
984 1141 1391 1231 Dalmatiae,
1462 1138 1796 1215 croatiae
1871 1149 1943 1214 et
2011 1137 2440 1214 Sclavoniao
2498 1136 2864 1215 Universis
2932 1136 3232 1294 statibus
3299 1133 3374 1209 et
3426 1126 3828 1222 Ordinibus

495 1244 849 1384 Fidelibus
898 1242 1114 1320 Nobis
1172 1243 1483 1318 Dilectis.

2005 1370 2120 1462 (¹1·
2195 1369 2312 1462 Β.)

499 1575 577 1630 ιι
604 1576 747 1630 Λα.
782 1571 1422 1648 neg-scommata
1457 1574 1519 1627 Α.
1560 1573 1713 1627 vm.
1748 1573 1807 1627 ιι.
1841 1574 1931 1630 aa.

1884 2029 2435 2123 chxn.

1152 2296 1165 2304 ·
1287 2274 1495 2348 Auno
1556 2273 1595 2346 1
1611 2273 1714 2347 77
1723 2272 1795 2348 7.
1862 2275 1976 2348 die
2034 2271 2159 2351 27.
2211 2273 2553 2348 Octobris.
2613 2272 3048 2371 Zaqrabiae.

505 2511 1353 2619 Repraesentatio
1417 2509 1561 2589 SS.
1614 2519 1708 2590 et
1784 2508 1957 2590 00.
2021 2508 2346 2616 Regni
2408 2510 2882 2591 Croatiae
2944 2509 3060 2589 de
3120 2508 3577 2615 partibus
3644 2535 3848 2587 ma—

503 2653 875 2731 ritimis
938 2646 1612 2727 Gubernatori
1676 2647 2257 2727 fluminensi
2319 2672 2505 2726 non
2569 2646 3286 2753 subjiciendiS,
3350 2644 3461 2725 de
3525 2671 3844 2752 regu-

508 2789 886 2867 latione
979 2788 1208 2865 novi
1273 2783 1994 2864 Severinensis
2059 2781 2595 2864 Comitatus
2660 2794 2752 2863 et
2813 2782 3846 2891 omnibus-excorpo-

509 2900 1457 3027 rationibus'usqu'e
1540 2922 2251 3027 ad‘·generalia
2350 2920 2670 3028 Regni
2753 2921 3318 3027 Hungariae
3417 2920 3842 3000 Comitia

1922 3059 2429 3141 sistendiS.

1101 3275 1581 3352 Sacratissima
1656 3275 2073 3352 Caesareo·
2105 3277 2328 3373 Regia
2389 3278 2796 3386 Apostolica
2861 3275 3240 3370 Majestasl

1235 3431 1528 3506 Domina
1582 3431 1875 3506 Domina
1931 3429 2502 3522 clementissima,
2562 3433 3105 3527 Benignissima!
3205 3453 3216 3464 ³

822 3636 1204 3732 Benignum
1274 3637 1661 3730 majestatis
1721 3637 2020 3710 Vestrae
2093 3635 2617 3710 Sacratissimae
2690 3636 2873 3709 ddto.
2944 3636 3256 3709 Viennae
3311 3636 3639 3711 Austriae
3711 3635 3848 3710 sub

512 3743 583 3814 5.
637 3740 899 3815 Mensis
950 3738 1375 3837 Septembris
1428 3740 1613 3814 Anni
1686 3743 2022 3813 currentis
2077 3738 2206 3814 sub
2274 3741 2632 3834 marginali
2684 3739 2890 3813 4527
2962 3761 3246 3814 numero
3303 3741 3388 3812 ad
3444 3763 3573 3815 nos
3628 3763 3842 3813 ema-

508 3852 740 3919 natum
794 3847 1198 3940 rescriptum
1251 3848 1321 3917 in
1366 3844 1735 3937 homagiali
1790 3843 2164 3916 devotione
2219 3848 2672 3939 suscepimus
2727 3866 2860 3915 una
2916 3849 3182 3940 quantis
3237 3843 3434 3915 Curis
3490 3854 3562 3917 et
3614 3843 3848 3939 Regia

512 3946 968 4021 sollicitudine
1020 3948 1320 4041 reliquas
1375 3969 1538 4020 suas
1592 3946 1896 4041 Regales
1952 3968 2154 4019 curas
2209 3949 2387 4020 inter
2454 3950 2524 4019 in
2579 3946 2940 4020 commoda
2994 3946 3222 4041 Regni
3274 3947 3471 4038 hujus
3541 3969 3844 4046 promo-

378 4123 385 4136 ,
509 4049 743 4125 venda
812 4053 1017 4146 inque
1087 4048 1470 4122 feliciorem
1535 4060 1604 4123 et
1658 4049 2122 4124 florentiorem
2179 4045 2439 4123 Statum
2503 4050 2820 4173 ponenda
2878 4052 3291 4123 commercia
3363 4047 3626 4123 seratur
3674 4045 3844 4123 Ha-

502 4155 730 4245 jestas
792 4151 1043 4227 Vestra
1117 4152 1597 4227 sacratissima
1668 4150 2140 4226 venerabundi
2227 4155 2718 4250 perspicimus..
2819 4157 3239 4249 potissimum
3315 4154 3470 4226 dum
3549 4157 3689 4226 iam
3774 4158 3842 4226 in

514 4257 832 4331 effectum
911 4256 1153 4330 horum
1237 4255 1507 4348 objecta
1564 4255 2115 4342 Commercialia
2197 4279 2374 4352 quae
2429 4255 2818 4331 Commerc
2821 4312 2837 4330 .
2868 4312 2885 4329 .
2918 4313 2935 4329 .
2990 4257 3239 4332 Aulico
3296 4257 3603 4331 Consilio
3656 4257 3844 4330 hac-

512 4368 717 4433 tenus
789 4359 1129 4433 substrata
1210 4382 1303 4433 ex
1374 4358 1685 4452 eJusdem
1757 4359 2050 4454 Benigni
2103 4356 2444 4456 Rescripti
2513 4357 2866 4435 tenoribus
2936 4360 3373 4453 intelligimus
3428 4359 3513 4433 ad
3580 4383 3842 4457 respe-

515 4465 700 4536 ctiva
753 4461 1037 4536 Politica
1090 4461 1547 4536 Provincialia
1601 4476 1672 4535 et
1723 4464 1971 4536 Aulica
2024 4462 2409 4537 Dicasteria
2463 4484 2629 4537 esse
2680 4464 3048 4554 translata3
3109 4467 3242 4537 imo
3298 4485 3420 4561 pro
3480 4464 3632 4538 Sua
3677 4464 3841 4538 Ma-

511 4574 709 4639 terna
778 4570 849 4640 in
920 4564 1184 4663 publica
1240 4565 1465 4660 Regni
1517 4567 1911 4662 Hungariae
1986 4577 2055 4639 et
2107 4565 2400 4638 Partium
2476 4566 2700 4640 eidem
2773 4567 3192 4640 adnexarum
3249 4567 3540 4640 comoda
3597 4571 3841 4641 incre-

511 4678 950 4765 mentumque
1003 4668 1333 4742 hactenus
1384 4674 1586 4742 etiam
1639 4669 2015 4765 praehabiti
2082 4674 2150 4741 in
2221 4669 2328 4741 bis
2384 4673 2778 4743 commercii
2831 4670 3263 4763 majestatem
3318 4671 3642 4744 Vestram
3696 4673 3840 4745 Sa·-

511 4775 966 4846 cratissimam
1017 4771 1318 4866 benigne
1371 4773 1778 4862 resolvisse,
1858 4782 1931 4844 ut
1980 4771 2158 4845 Urbs
2240 4783 2310 4845 et
2380 4772 2622 4847 Portus
2675 4773 3160 4864 Fluminensis‚
3238 4797 3374 4847 nec
3452 4795 3592 4848 non
3647 4775 3839 4849 Bona

510 4873 975 4948 Buccarensia
1049 4875 1250 4948 simul
1320 4898 1473 4948 cum
1529 4873 1822 4949 Civitate
1878 4872 2441 4965 Carlostadiensi‚
2519 4879 2588 4948 in
2640 4874 2955 4949 Liberam
3010 4888 3080 4951 et
3131 4877 3421 4971 Regiam
3475 4877 3841 4952 Civitatem

511 4977 905 5067 evehenda,
990 4977 1401 5065 immediate,
1426 4979 1676 5073 Regno
1728 4979 1886 5051 huic
1940 4976 2258 5051 Croatiae
2312 4982 2869 5075 incorporentur:
2952 5002 3049 5054 ex
3115 4980 3339 5053 taliter
3390 5001 3600 5076 porro
3655 5005 3840 5072 neo„-

507 5081 1032 5176 incorporandis
1085 5081 1387 5177 partibus
1439 5104 1665 5155 novus
1720 5080 2097 5155 Comitatus
2161 5085 2488 5176 erigatur.¹
2539 5086 2608 5154 in
2664 5081 2977 5157 omnibus
3032 5083 3119 5157 ad
3172 5106 3484 5158 normam
3553 5084 3842 5160 aliorum

509 5180 741 5277 Regni
777 5185 1227 5260 Comitatuum
1280 5188 1405 5279 (iis
1444 5185 1692 5274 solum,
1747 5205 1924 5282 quae
1964 5182 2361 5259 Guberniali
2395 5185 2816 5261 Fluminensi
2852 5186 3210 5261 directioni
3260 5197 3622 5264 reservata
3661 5200 3842 5280 sunt,

515 5289 870 5385 exceptis)
921 5287 1148 5385 Regio
1203 5292 1269 5361 iu
1326 5288 1590 5386 Regnis
1642 5288 1751 5364 his
1805 5298 2045 5362 erecto
2102 5286 2407 5365 Consilio
2463 5286 3028 5366 subordinandus.
3085 5332 3185 5343 -
