3950 5917
3263 406 3420 485 4¹7⁷

102 620 339 685 rectae
400 605 857 707 proportionis
929 614 1166 707 exegit
1240 614 1443 703 ratio,
1499 611 1837 686 eliximns.
1916 611 2256 699 Quoniam
2324 622 2547 688 autem
2602 615 2673 686 ιιι
2725 613 2971 709 Regno
3024 615 3446 709 Hungariae‘

101 713 550 808 Partibusque
624 714 852 788 eidem
900 714 1224 788 -adnexis
1302 715 1419 788 illa
1496 714 1986 788 observaretur
2053 714 2443 806 Medelitas,
2526 717 2708 810 quod
2762 720 2985 811 quivis
3040 715 3418 794 Comitatus

103 817 575 912 Competeutia
645 816 997 913 supremis
1069 815 1443 892 comitibus
1497 818 1789 914 alijsque
1842 817 2263 892 officialibus
2317 829 2388 893 et
2442 818 2906 895 servitoribus
2979 819 3416 895 Comitaten-
3577 841 3586 850 ·

110 919 299 995 sibus
353 918 619 992 Salaria
674 942 769 992 ex
821 918 1039 994 Cassa
1094 943 1218 994 sua
1272 921 1668 995 Domestica
1724 920 2123 1015 persolvat:
2208 921 2375 995 Ideo
2429 921 2542 994 bic
2594 945 2864 1018 quoque
2916 946 3001 995 ea
3053 923 3417 999 Methodus

107 1022 543 1097 observanda
598 1023 752 1112 erit,
807 1033 880 1096 ut
931 1025 1257 1098 universa
1310 1023 1576 1098 Salaria
1632 1032 1703 1097 et
1738 1023 2090 1119 Stipendia
2129 1024 2735 1119 Magistratualium
2790 1036 2862 1098 et
2912 1048 3190 1101 eorsum
3242 1048 3419 1122 spe-

107 1129 425 1198 ctantium
506 1126 778 1199 aliaeve
857 1130 1143 1222 quaevis
1220 1128 1667 1222 particulares
1766 1125 2141 1210 Comitatus
2219 1127 2590 1225 Expensae
2667 1127 2920 1201 exinde
2999 1129 3420 1224 persolvan-

107 1238 252 1317 tur3
331 1226 551 1301 Cassa
631 1227 809 1300 haec
884 1239 1115 1303 tamen
1175 1229 1571 1303 Domestica
1630 1253 1782 1302 cum
1839 1229 2403 1304 Contributionali
2482 1254 2818 1326 nunquam
2896 1234 3426 1306 commisceatur

109 1343 173 1405 et
224 1329 706 1421 confundatur,
785 1354 1028 1405 verum
1108 1343 1470 1427 separatae
1550 1343 1619 1406 et
1699 1333 2059 1406 distinctae
2139 1356 2347 1431 super
2416 1334 2551 1407 boc
2619 1334 2949 1408 Rationes
3003 1358 3044 1406 a
3096 1334 3413 1429 Percep-

107 1444 252 1508 tore
333 1437 699 1529 quotannis
780 1435 1399 1530 indispensabiliter
1476 1439 1879 1529 exigantur,
1962 1447 2349 1510 exactaeve
2429 1436 2910 1525 revideantur,
3010 1449 3418 1514 censui-atae

106 1559 277 1611 vero
382 1539 730 1630 utriusque
810 1537 1083 1612 Ordinis
1155 1539 1510 1627 Rationes,
1591 1550 1745 1615 esto
1824 1537 1911 1611 ab
1991 1542 2286 1613 invicem
2369 1549 2756 1635 separatae·
2831 1545 3224 1615 connexive
3301 1551 3419 1612 ta-

106 1663 263 1713 men
336 1662 416 1713 se
488 1638 848 1732 habentes,
929 1640 1171 1735 sigillo
1252 1640 1626 1715 Comitatus
1708 1653 1779 1715 et
1845 1641 2360 1739 Subscriptione
2440 1643 3043 1738 Magistratualiuni
3124 1643 3424 1716 authen-

106 1748 376 1831 ticatas,
457 1747 823 1817 constituto
895 1747 964 1815 in
1043 1745 1307 1839 Regnis
1387 1744 1731 1834 Croatiae,
1810 1745 2192 1819 Dalmatiae
2247 1756 2344 1818 -et
2421 1745 2839 1820 sclavoniae
2911 1745 3216 1819 Consilio
3267 1745 3429 1818 Re·-

103 1851 221 1941 gio
291 1845 752 1920 Varasdinum
825 1849 1193 1934 mittantur,
1275 1851 1382 1920 cui
1455 1871 1635 1921 nunc
1708 1848 1892 1921 dicto
1965 1847 2249 1922 Consilo
2302 1849 2526 1943 Regio
2579 1853 2648 1921 in
2704 1848 3016 1922 omnibus
3070 1850 3159 1922 ad
3209 1853 3426 1922 instar

104 1951 396 2022 aliorum
440 1946 898 2032 ‚Comitatuum
952 1949 1348 2044 Regnorum
1402 1949 1725 2024 Croatiae
1780 1961 1849 2023 et
1886 1950 2306 2025 Sclaveniae
2360 1951 2641 2042 suberit,
2697 1975 2785 2024 ac
2836 1952 3062 2025 medio
3115 1951 3426 2044 eiusdem

104 2053 193 2124 de
246 2054 512 2126 cunctis
564 2052 906 2126 demissas
962 2076 1124 2129 suas
1177 2053 1878 2149 Repraesentationes
1929 2054 2276 2146 Majestati
2326 2055 2623 2129 Nostrae
2677 2053 2981 2128 facturus
3021 2065 3090 2127 et
3126 2054 3422 2146 benigna

104 2159 312 2228 etiam
364 2153 683 2227 Mandata
737 2155 989 2229 Nostra
1044 2156 1292 2230 eodem
1344 2158 1568 2230 canali
1618 2168 2065 2252 percepturus
2121 2168 2246 2231 est.
2304 2153 2470 2230 Cum
2525 2180 2699 2231 vero
2754 2180 2877 2252 pro
2931 2157 3427 2252 pertractandis

101 2255 394 2353 publicis
447 2257 762 2350 Negotiis
815 2258 1077 2332 Domus
1132 2261 1487 2355 quaepiam
1542 2258 2050 2348 Comitatensis,
2122 2283 2255 2356 qua
2309 2284 2551 2334 omnes
2620 2260 2863 2356 reliqui
2915 2264 3123 2333 etiam
3178 2258 3421 2332 Comi-

103 2372 287 2434 tatus
340 2365 603 2455 provisi
650 2372 912 2450 essent,
968 2361 1148 2434 foret
1199 2366 1625 2453 necessaria,
1680 2385 1804 2458 pro
1857 2364 1978 2437 tali
2029 2367 2100 2436 in
2152 2363 2520 2457 deligendo
2576 2374 2735 2460 apto
2787 2363 2977 2436 Loco
3023 2362 3425 2457 errigenda,

102 2466 224 2536 vel
265 2485 443 2537 vero
480 2486 644 2537 aere
683 2474 923 2559 parato
978 2466 1460 2561 comparanda,
1516 2475 1966 2562 arrectaeque
2019 2468 2138 2540 vel
2174 2476 2611 2563 comparatae
2655 2465 2918 2539 Domus
2969 2465 3430 2539 Instructioae

101 2566 327 2641 Cassa
382 2567 787 2641 Domestica
843 2567 1242 2658 Comitatus,
1314 2569 1496 2642 unde
1552 2570 1811 2642 similes
1860 2572 2309 2662 erogationes
2365 2569 2513 2642 fleri
2559 2569 2900 2654 valerent,
2973 2569 3152 2640 nulla
3208 2568 3430 2641 adbuc

103 2673 651 2767 praeexistente
704 2670 1280 2766 Anticipatiouem
1334 2673 1593 2746 Decem
1644 2671 1835 2745 ltine
1888 2669 2302 2746 florenorum
2360 2694 2455 2744 ex
2506 2671 2802 2744 Aerario
2855 2671 3113 2745 Nostro
3168 2670 3430 2744 Came-

104 2773 260 2864 rali,
299 2795 385 2844 ea
420 2782 650 2845 tamen
698 2795 854 2847 cum
888 2773 1368 2868 obligatione:
1428 2775 1581 2862 Quo
1634 2774 1914 2849 summa
1966 2775 2145 2850 haec
2195 2777 2368 2848 intra
2426 2777 2952 2870 quinquennium
3006 2796 3158 2846 cnm
3207 2796 3431 2846 annua

106 2887 255 2949 rata
306 2875 734 2963 bonificetur,
769 2876 1066 2971 benigne
1099 2879 1558 2966 resolvimus·
1609 2878 1835 2975 Ipsam
1872 2887 2100 2952 autem
2138 2878 2731 2968 Bonificationem,
2786 2876 3010 2949 habita
3049 2875 3460 2960 reflexione⁸

107 2965 614 3054 Contribud'ntis
693 2980 953 3054 novelli
1006 2981 1206 3073 liujus
1258 2979 1636 3056 Comitatus
1686 2981 1955 3075 Populi,
2012 3004 2095 3055 ea
2150 2986 2418 3055 ratione
2497 2981 2978 3076 praestandam
3059 2982 3439 3054 clementer

111 3084 568 3158 admittimus:
669 3082 760 3156 Ut
811 3104 905 3156 ex
956 3085 1424 3158 interimaliter
1498 3081 1864 3157 Comitatui
1917 3084 2076 3156 buic
2130 3083 2456 3158 admensa
2513 3084 2651 3156 Ter
2697 3084 2884 3157 Mille
2937 3083 3434 3179 Septingento-

108 3209 259 3259 rum
319 3186 779 3280 Quadraginta
851 3186 1161 3261 Duorum
1228 3187 1668 3274 florenorum,
1716 3186 2242 3309 Quinquaginta
2312 3186 2845 3276 Cruciferorum,
2917 3187 3166 3273 Quotta
3235 3184 3435 3256 Con-

108 3290 550 3378 tributionali,
604 3311 730 3385 per
767 3289 1333 3386 Quinquennium,
1386 3289 1615 3362 donec
1666 3291 1982 3362 nimirum
2034 3293 2397 3385 anticipata
2432 3290 2611 3362 baec
2645 3291 2925 3362 Summa
2975 3293 3244 3381 integre
3291 3307 3435 3358 ex-

109 3402 362 3489 puncta
418 3392 647 3483 fuerit,
701 3393 819 3467 Bis
862 3392 1049 3469 Mille
1084 3392 1425 3468 florenis
1400 3415 1474 3464 ιιι
1507 3391 1781 3466 Sortem
1806 3391 2059 3479 Quanti
2097 3390 2697 3465 Contributionalis
2751 3393 3118 3487 imputatis,
3171 3384 3433 3462 Cassae

110 3497 385 3570 militari
456 3499 731 3570 nonnisi
801 3497 1029 3573 Annui
1099 3495 1286 3570 Mille
1354 3495 1789 3593 Septingenti
1838 3494 2305 3590 Quadraginta
2358 3494 2514 3567 Duo
2593 3493 2864 3582 floreni,
2939 3494 3436 3588 Quinquaginta

115 3597 485 3689 Cmciferi,
555 3598 955 3673 inferantur.
1059 3599 1373 3697 Denique
1452 3621 1655 3695 quum
1725 3599 1812 3672 ad
1881 3599 2153 3695 plenum
2208 3609 2279 3671 et
2329 3595 2706 3693 pes-fectum
2786 3594 3160 3668 Comitatus
3237 3594 3438 3685 huius
3495 3657 3504 3666 .

116 3701 659 3776 stabilimentum
712 3703 1163 3826 ejusdemque
1214 3703 1780 3778 hstaarationem
1828 3701 2222 3777 Concessio
2273 3700 2495 3796 sigilli
2549 3698 2965 3790 Anthentici,
3046 3695 3171 3772 sub
3243 3698 3440 3789 cujus

112 3806 444 3880 videlicet
496 3809 864 3882 munimine
889 3806 1303 3881 Judiciariae
1331 3804 1759 3896 Sententiae,
1812 3803 2219 3880 Contractus
2271 3807 2432 3878 item
2477 3802 2849 3893 solennes,
2904 3824 3037 3876 nec
3071 3823 3212 3875 non
3261 3800 3439 3874 Em-

116 3913 391 4007 ptiones
442 3933 530 3981 ac
570 3909 1023 3985 venditiones
1075 3910 1389 4004 aliaeque
1440 3909 1753 4005 publicae
1806 3909 2158 3983 Forenses
2211 3906 2536 3983 videlicet
2588 3917 2659 3979 et
2709 3906 3039 3980 Politicae
3089 3902 3436 3999 Negotia-

114 4019 349 4086 tio-es
404 4022 476 4086 et
524 4011 1019 4109 Expeditiones
1072 4012 1412 4088 firmiores
1463 4033 1551 4085 ac
1596 4009 2092 4106 fidedigniores
2142 4011 2341 4085 reddi
2390 4021 2702 4108 possent,
2766 4032 3079 4106 quaeque
3128 4007 3217 4081 ad
3267 4030 3440 4105 per-

118 4126 395 4213 petuam
452 4119 555 4190 rei
601 4120 1001 4190 memoriam
1050 4127 1532 4212 rectarumpe
1584 4116 1951 4189 Actionum
1987 4114 2312 4189 Not-mam
2364 4125 2439 4188 ut
2495 4116 2849 4210 plurimum
2883 4113 3168 4203 faciunt,
3219 4111 3478 4186 adbuc.

117 4218 671 4295 desideraretur:
726 4220 903 4293 Hinc
956 4220 1044 4292 ad
1095 4219 1527 4294 humillimmn
1579 4219 1908 4293 Fidelium
1963 4219 2370 4292 Nostrorum
2425 4222 2631 4291 totius
2682 4217 3163 4290 Universitatis
3215 4214 3441 4287 Prae-

122 4324 445 4413 laternm,
494 4323 869 4415 Bai-onum,
921 4323 1313 4415 Magnetum
1336 4331 1420 4395 αοι
1452 4320 1790 4396 Nobilium
1836 4323 2103 4397 novelli
2152 4322 2438 4415 hujusce
2493 4316 2867 4395 Comitatus
2913 4319 3441 4392 sse'verinensis

118 4425 732 4523 supplicationem,
786 4449 882 4500 ex
932 4430 1145 4523 prima
1200 4449 1329 4500 sua
1371 4429 1438 4499 in
1472 4424 1849 4522 Beiwopail
1905 4423 2250 4499 celebrata
2305 4424 2865 4519 Congregatione
2916 4421 3214 4498 Nostrae
3266 4443 3442 4517 pro-

125 4541 367 4627 pterea
444 4529 695 4603 factam
764 4528 1154 4622 majestati:
1264 4529 1414 4615 Quo
1484 4529 1665 4602 iden
1720 4552 1813 4601 ex
1868 4533 2088 4619 gratia
2141 4529 2211 4600 ἐι
2265 4527 2638 4600 Clementia
2707 4526 2959 4602 Nostra
3041 4525 3443 4599 Caesam-

125 4633 353 4727 Ragia
409 4633 496 4705 ad
546 4634 843 4726 legalem
894 4637 1325 4728 caeterisque
1376 4632 1819 4705 Comitatibus
1873 4655 2108 4729 parem
2163 4634 2424 4726 positus
2477 4631 2919 4702 Activitatem
2997 4627 3445 4701 Informatio-

126 4759 258 4810 nes
306 4759 477 4809 suas
534 4736 883 4809 altioribus
937 4738 1284 4827 Instantijs
1327 4736 1599 4810 Nostris
1652 4738 2067 4831 reliquorum
2121 4735 2586 4829 regulatornm
2641 4732 3092 4806 Comitatuum
3141 4731 3388 4803 adinst
3390 4751 3448 4800 ιι·

128 4840 261 4912 sub
316 4839 776 4931 lidedignitate
831 4839 919 4912 de
970 4839 1159 4933 Lege
1213 4839 1435 4932 Regni
1490 4838 1933 4912 Gon-natibus
1989 4849 2418 4933 competente
2490 4835 2912 4926 submittere,
3011 4835 3448 4908 Processns-

126 4967 271 5040 que
338 4942 684 5016 Juridicos
754 4965 988 5016 coram
1052 4967 1140 5017 ae
1204 4942 1723 5037 promovendos
1792 4965 1878 5013 ac
1931 4942 2104 5014 alms
2157 4952 2291 5013 tam
2345 4945 2414 5013 ιιι
2465 4940 2790 5012 Jnridicis
2868 4959 3068 5035 quam
3147 4936 3449 5009 Politia-is

134 5056 584 5120 oecnffentes
634 5043 1133 5169 Expeditiones
1184 5067 1346 5120 suas
1398 5044 1528 5118 sub
1578 5045 1971 5119 authentico
2023 5044 2292 5130 faeere,
2363 5042 2655 5138 Negotia
2727 5042 3024 5136 denique
3077 5039 3451 5114 Comitatus

133 5150 337 5243 basus
392 5158 579 5224 tanto
634 5152 877 5241 majori
944 5171 1095 5223 cum
1150 5146 1632 5222 We
1702 5147 2123 5243 mampnlara
2183 5150 2479 5244 possint,
2552 5169 2646 5218 ex
2697 5145 2984 5242 speciali
3053 5141 3454 5216 Caesareo-

128 5251 353 5348 Μία
426 5251 669 5327 Gratia
758 5252 1011 5328 Nostra
1094 5251 1315 5349 deque
1374 5271 1707 5347 supten-
1780 5249 2154 5324 Potestatis
2249 5249 2550 5343 Nostrae
2639 5247 3068 5322 monadi-0
3145 5246 3213 5319 id
3291 5247 3453 5320 ole-

128 5368 401 5432 moater
488 5355 967 5451 indulgendum
1052 5367 1119 5429 et
1196 5352 1715 5428 coneedend-
1806 5376 1972 5428 me
2043 5353 2406 5428 dumis:
2505 5351 2863 5438 Quietus
2933 5350 3248 5445 sgullum
3311 5367 3454 5445 pso
