3950 5917
3927 279 3930 382 w

3927 403 3930 432 ²

484 373 653 450 ⁴16

486 593 600 661 tes
634 585 995 677 Rationes,
1046 588 1115 661 in
1153 586 1355 660 simili
1407 585 1792 682 exemplari
1847 591 2049 660 etiam
2104 584 2414 683 fidelibus
2467 586 2764 661 Statibus
2803 594 2867 662 dc
2901 588 3260 666 Ordinibus
3307 588 3534 685 Regni
3586 595 3810 666 nostri
3929 597 3930 636 ³

496 685 821 764 ‘'roatiae
876 691 1163 786 singulis
1217 693 1413 765 annis
1468 687 1828 763 submittet.
1935 690 2306 764 Praeterea

794 792 861 866 N
878 817 1049 868 ono
1079 820 1098 870 ε
1172 793 1502 890 siquidem
1535 791 1794 887 Regias
1831 794 2246 869 Tricesimas
2302 804 2572 868 nostras
2627 795 2954 872 hactenus
2991 800 3060 870 in
3095 795 3337 871 finibus
3374 798 3794 873 Sclauoniae

480 901 823 977 adversus
873 900 1291 995 Hungariam
1347 903 1413 971 dc
1466 895 1805 971 Croatiam
1876 897 2167 988 habitas,
2237 897 2420 971 facta
2491 901 2706 972 semel
2769 904 3319 997 incorporatione
3389 926 3516 1000 per
3568 901 3798 976 Gom-
3929 973 3930 980 ,

481 1010 839 1082 missarios
917 1014 1193 1079 nostros
1271 1001 1562 1096 Regios,
1652 1001 1812 1074 inde
1864 1003 2007 1075 tolli
2061 1007 2127 1075 dc
2178 1002 2266 1075 ad
2319 1000 2623 1076 Confinia
2704 1027 2952 1079 versus
3031 1006 3391 1079 Turcicum
3469 1006 3793 1104 ponenda
3929 1001 3930 1064 3

468 1111 873 1200 mnsferri3
923 1110 1209 1183 Telonia
1262 1109 1538 1179 veroin
1572 1106 1799 1179 medio
1852 1105 2106 1202 Syrmii
2158 1111 2224 1179 d:
2269 1105 2680 1180 Sclauoniae
2732 1108 3113 1206 reperibilia
3170 1132 3501 1207 eousque,
3557 1111 3787 1185 donec
3929 1113 3930 1122 ’

476 1240 605 1314 per
677 1214 1145 1310 magistratum
1228 1209 1784 1297 Comitatensem,
1855 1209 1942 1282 ad
2013 1214 2428 1302 exigentiam
2505 1211 2762 1305 Legum
2843 1223 3128 1287 eatenus
3208 1220 3646 1304 sancitarum,
3725 1218 3797 1288 dc

476 1323 833 1415 signanter
908 1316 1368 1390 Articulorum
1442 1314 1560 1386 15.
1636 1312 1837 1386 1715
1892 1319 1958 1387 d:
2008 1314 2238 1387 itidem
2295 1315 2414 1388 15.
2490 1313 2718 1406 1723,
2795 1340 2930 1389 nec
2980 1340 3118 1390 non
3173 1318 3295 1390 28.
3358 1322 3786 1392 nouissimus·
3929 1349 3930 1352 ¹

472 1424 764 1498 Diaetae
839 1419 1344 1508 renidebuntur,
1416 1423 1482 1491 dc
1533 1440 1709 1514 quae
1762 1418 2062 1491 tollenda
2116 1429 2296 1510 sunt,
2349 1419 2692 1510 tollentur,
2764 1425 2830 1493 dc
2881 1420 3278 1495 stabilienda
3334 1422 3785 1514 stabilientur,
3929 1505 3930 1516 χ

472 1528 980 1623 vectigaliaque
1033 1523 1407 1599 eorundem
1458 1520 1936 1612 limitabuntur,
1991 1527 2058 1595 in
2112 1533 2290 1596 statu
2326 1545 2458 1618 quo
2497 1523 2934 1620 relinquenda
2980 1548 3143 1598 esse
3189 1525 3487 1619 benigne
3540 1528 3783 1600 resol-

466 1636 857 1721 vissemus;
907 1630 1065 1703 ideo
1121 1624 1513 1723 saepefatus
1566 1623 2003 1719 Magistratus
2056 1629 2125 1700 in
2177 1632 2442 1720 gremio
2497 1632 2602 1699 sui
2654 1632 2859 1702 etiam
2911 1629 3288 1726 praefatam
3332 1631 3776 1705 Teloniorum

474 1740 892 1811 reuisionem
949 1736 1354 1807 successive
1408 1739 1712 1803 assumet
1744 1734 1810 1802 dc
1846 1740 2158 1825 peraget,
2211 1730 2773 1828 Relationemque
2825 1732 3082 1806 idcirco
3136 1733 3446 1806 fidelibus
3488 1734 3796 1810 Statibus

488 1845 556 1914 ὦ
583 1837 944 1915 Ordinibus
974 1836 1290 1911 Croatiae
1326 1831 1709 1923 submittet3
1763 1835 1919 1908 illos
1954 1857 2128 1908 vero
2164 1833 2600 1908 Telouiorum
2633 1835 3120 1927 Possessores,
3174 1861 3456 1934 quorum
3508 1839 3804 1912 Telonia

484 1967 612 2042 pro
668 1945 1085 2017 necessariis
1138 1943 1424 2037 praevio
1480 1937 1684 2011 modo
1740 1941 2016 2012 inventa
2068 1944 2132 2012 dc
2168 1937 2459 2012 stabilita
2513 1938 2785 2032 fuerint,
2840 1940 2927 2013 ad
2972 1946 3472 2038 reparationem
3521 1965 3802 2039 quoque

487 2052 555 2121 ὦ
608 2047 1221 2121 Conservationem
1275 2043 1556 2116 Viarum
1611 2047 1675 2115 dc
1712 2041 2048 2131 Pontium,
2099 2042 2744 2139 observandumque
2798 2054 2867 2117 et
2907 2068 3045 2119 non
3100 2046 3572 2120 excedendum
3621 2049 3804 2143 ipsis

484 2155 975 2249 praescriptum
1029 2147 1374 2242 Vectigal,
1428 2146 1921 2220 extrahendum
1993 2151 2152 2220 item
2210 2150 2310 2239 (si
2363 2170 2500 2220 non
2551 2147 2841 2242 habent)
2913 2149 3203 2242 Regium
3255 2151 3577 2224 teloniale
3627 2150 3804 2223 Pri-
3847 2201 3852 2204 Α

479 2257 836 2349 vilegium,
892 2254 1159 2327 adeoue
1214 2249 1772 2326 satisfaciendum
1826 2250 2223 2345 obligationi
2276 2274 2471 2343 suae,
2515 2254 2714 2344 juxta
2747 2257 3157 2349 praecitatas
3191 2253 3420 2348 Leges
3474 2253 3802 2328 effectine

477 2361 902 2454 adstringet3
966 2360 1116 2432 sine
1168 2354 1565 2452 praehabito
1620 2365 1846 2428 autem
1897 2354 2123 2449 Regio
2176 2355 2511 2429 Teloniali
2561 2354 2929 2452 Priuilegio
2997 2358 3181 2431 nulla
3249 2381 3434 2432 nova
3502 2358 3794 2432 Telonia

474 2468 651 2558 erigi
704 2464 1026 2537 admittet.

790 2566 867 2640 In
917 2567 1181 2662 reliquo
1236 2572 1461 2636 autem
1507 2560 1855 2635 officiales
1894 2560 2268 2638 Comitatus
2321 2574 2457 2635 tam
2510 2566 2577 2635 in
2634 2574 2986 2653 concreto,
3036 2588 3234 2661 quam
3269 2570 3338 2640 in
3377 2565 3799 2661 particulari,

477 2675 700 2769 quiuis
751 2672 1019 2744 illorum
1090 2677 1409 2763 respectu
1478 2664 1782 2740 Muneris
1830 2671 1894 2739 dc
1947 2666 2170 2741 Officii
2224 2690 2350 2742 seu
2403 2668 2816 2761 generaliter
2885 2691 2969 2741 ea
3023 2674 3226 2742 etiam
3299 2669 3798 2758 observabunt,

474 2799 654 2873 quae
706 2775 936 2869 Leges
989 2773 1214 2866 Regni
1266 2769 1738 2866 praescribunt
1791 2775 1854 2843 dc
1890 2771 2130 2845 iisdem
2187 2771 2620 2845 observanda
2674 2777 3113 2869 praecipiunt.
3150 2815 3252 2826 -—-
3307 2773 3502 2861 Quae
3556 2777 3794 2847 omnia

475 2890 730 2969 autem,
784 2889 858 2951 ut
909 2875 1136 2950 debite
1189 2874 1648 2949 observentur
1699 2879 1763 2947 dc
1815 2877 1884 2948 in
1920 2875 2238 2949 effectum
2291 2876 2734 2964 deducantur,
2785 2875 3316 2950 Administrator
3360 2876 3583 2951 officii
3634 2877 3793 2950 Su·-

474 2985 693 3078 premi
746 2981 1027 3055 Comitis
1083 2978 1387 3054 sedulam
1443 3001 1528 3050 ac
1582 2978 1972 3072 diligentem
2030 2980 2277 3054 Curam
2329 2978 2626 3070 habebit,
2678 2979 3125 3077 Articuloque
3165 2982 3284 3054 56.
3337 2980 3525 3054 Anni
3579 2979 3790 3054 1723

475 3086 766 3181 aliisque
816 3085 1040 3178 Regni
1091 3083 1389 3178 Legibus
1445 3082 1532 3155 de
1585 3080 1846 3157 Officiis
1900 3085 2387 3182 Supremorum
2424 3081 2754 3157 Comitum
2811 3084 3206 3158 sonantibus
3259 3096 3482 3158 semet
3532 3095 3796 3159 exacte

474 3188 949 3263 conformabit.
1054 3187 1138 3260 Et
1193 3210 1346 3261 cnm
1403 3184 1778 3262 Comitatus
1832 3191 2038 3261 etiam
2087 3193 2427 3285 proprium
2483 3187 2790 3283 Sigillum
2826 3188 3278 3262 authenticum
3333 3188 3590 3262 habere
3641 3188 3794 3261 de-

469 3292 654 3383 beat,
708 3294 894 3383 ideo,
951 3297 1306 3388 utprimum
1356 3289 1795 3383 Magistratus
1873 3298 2157 3389 praeuio
2228 3291 2434 3366 modo
2504 3295 2844 3367 institutus
2897 3297 2961 3365 dc
3015 3292 3098 3364 ad
3151 3291 3590 3366 Actiuitatem
3641 3315 3802 3388 po-

471 3401 642 3472 situs
695 3396 925 3488 fuerit,
980 3419 1146 3468 mox
1200 3417 1321 3492 pro
1378 3395 1618 3489 Sigillo
1674 3395 1761 3468 ad
1810 3395 2244 3489 MaJestatem
2297 3406 2598 3470 nostram
2650 3406 2991 3486 reccuret,
3046 3401 3109 3469 dc
3159 3419 3295 3470 una
3349 3401 3552 3471 etiam
3604 3417 3796 3492 pro-

458 3503 718 3593 jectum
773 3502 949 3575 illius
986 3500 1202 3575 Nobis
1257 3497 1645 3590 exhibebit3
1695 3504 1958 3573 interea
2015 3511 2240 3573 autem
2294 3502 2363 3572 in
2395 3498 2678 3596 publicis
2731 3499 3294 3596 Expeditionibns
3333 3504 3475 3575 suis
3533 3500 3794 3595 Sigillo

461 3605 1055 3680 Administratoris
1107 3615 1351 3678 utetur.
1455 3603 1544 3675 Et
1597 3604 1774 3677 haec
1829 3613 2008 3694 sunt,
2083 3627 2259 3699 quae
2328 3602 2618 3700 praefati
2697 3602 3070 3677 Comitatus
3149 3603 3577 3699 Magistratui
3649 3627 3802 3700 pro⁴

464 3709 919 3784 Instructione
973 3710 1103 3782 hac
1155 3711 1314 3781 vice
1369 3713 1433 3781 dc
1487 3706 1710 3781 donec
1763 3706 1962 3781 aliter
2011 3707 2575 3804 disposuerimuS,
2654 3707 3074 3781 extradanda
3130 3708 3666 3783 esse-duximus
3721 3713 3802 3782 dt

467 3813 936 3888 concedenda.
1041 3812 1287 3885 Datum
1338 3815 1410 3884 in
1460 3810 1968 3885 Archi-Ducali
2022 3810 2312 3886 Ciuitate
2364 3821 2600 3886 nostra
2647 3810 2917 3885 Vienna
2969 3812 3323 3903 Austriae,
3395 3812 3507 3886 die
3561 3814 3788 3909 prima

298 3945 313 3964 ·
466 3921 728 4010 mensis
780 3917 966 4009 Julii,
1020 3916 1223 3989 Anno
1276 3915 1550 3988 Domini
1600 3915 1962 4004 millesimo
2019 3920 2627 4013 septingentesimo
2691 3915 3218 4012 quadragesimo
3273 3920 3534 4014 quinto,

777 4089 993 4164 Maria
1045 4089 1377 4165 Theresia
1430 4111 1518 4161 m.
1570 4112 1637 4187 p.

1620 4193 1623 4198 ’
1862 4227 1975 4323 (ι.
2051 4227 2166 4323 S.)

2228 4410 2482 4488 Comes
2532 4411 2922 4488 Ludovicus
2976 4411 3064 4486 de
3115 4411 3452 4511 Batthyan
3503 4435 3597 4487 m.
3630 4435 3705 4511 p.

2526 4569 2833 4644 Joannes
2881 4568 3142 4668 A'delsy
3194 4593 3280 4643 m.
3334 4594 3401 4667 p.

1717 4772 1793 4836 In
1842 4771 2148 4853 inferiori
2182 4776 2511 4854 marpinc:

773 4914 1219 4989 Extradatum
1272 4937 1397 5012 per
1447 4937 1573 4988 me.
1610 4913 1708 5010 lg.
1762 4914 2096 5010 Kovacsy
2145 4937 2236 4989 m.
2285 4939 2352 5013 p.
2440 4914 2682 5013 Inclyti
2734 4914 3108 4998 Comitatus
3162 4916 3589 5012 syrmiensis
3642 4917 3796 4992 Ju—

458 5031 679 5095 ratum
733 5019 1213 5094 Archivarium

454 5222 516 5279 In
549 5223 781 5280 meisve
814 5223 982 5294 Regni
1018 5189 1295 5277 Cronius
1344 5222 1481 5284 ⁴Acta
1515 5220 1574 5274 R.
1612 5219 2092 5291 Congregationum
2129 5221 2284 5276 1745.
2357 5301 2362 5307 .
