3950 5917
3284 431 3439 516 459

1572 1052 1990 1135 CCLX.

910 1343 1133 1411 Anno
1183 1340 1419 1412 1772&
1489 1343 1601 1410 dic
1659 1341 1730 1410 5.
1785 1339 2233 1432 Septembris.
2305 1338 2632 1411 Viennae.

110 1627 191 1702 B.
260 1624 898 1727 Rescriptum
989 1625 1078 1706 R.
1150 1625 1514 1706 Mariae
1587 1624 2134 1705 Tlieresiae
2229 1626 2380 1706 SS.
2465 1636 2556 1703 et
2619 1623 2784 1704 ΟΟ.
2879 1622 3441 1730 Regnorum

4 1767 6 1884 J
104 1762 690 1866 Dalmatiae,
757 1761 1219 1842 Croatiae
1283 1774 1366 1842 et
1412 1763 1948 1842 Slavoniae
2015 1768 2405 1842 missum
2472 1774 2566 1842 et
2629 1762 3127 1865 ordinans,
3193 1770 3440 1844 utin

4 1897 5 1900 ‘
105 1899 584 1978 cambium
648 1899 980 1978 Statui
1029 1899 1446 1980 Militari
1511 1925 2006 1980 cessarum
2071 1902 2578 2006 plagarum
2639 1896 2894 1981 Urbs
2962 1911 3036 1980 et
3097 1912 3439 2004 portus

100 2036 789 2117 Fluminensis
855 2062 1059 2116 cum
1110 2037 1647 2142 Podbregb
1713 2049 1804 2116 et
1865 2039 2338 2142 Lopacza,
2402 2062 2584 2117 nec
2646 2061 2833 2117 non
2900 2036 3156 2117 Bona
3194 2037 3440 2117 Buc-

105 2178 608 2277 carensia,
676 2173 1319 2254 Carlostadio
1381 2174 1776 2254 Flumen
1860 2200 2220 2254 versus
2286 2173 2392 2253 ad
2469 2175 2907 2254 dextram
2971 2180 3197 2254 viae
3264 2174 3437 2254 Ca-

102 2313 498 2390 rolinae
593 2314 818 2415 sita,
937 2337 1113 2391 nna
1209 2338 1413 2392 cum
1510 2311 1948 2391 Civitate
2048 2312 2765 2394 Carolostadio
2876 2313 3438 2393 immediate

4 2503 5 2506 w
106 2449 459 2553 Regno
557 2446 1034 2527 Croatiae
1119 2454 2072 2554 reincorporentur,
2168 2463 2264 2530 et
2355 2476 2468 2530 ex
2537 2455 3436 2554 neoincorporatis

106 2585 569 2689 partibus
663 2611 1003 2690 novuS,
1102 2586 1557 2666 Consilio
1621 2586 1941 2691 Regio
2038 2586 2516 2666 Croatico
2600 2587 3434 2689 subordinanduS,

1220 2723 1761 2804 Comitatus
1851 2730 2332 2830 erigatur.

4 3039 5 3114 χ
424 3008 636 3081 illaria
692 3009 1022 3081 Therasia
1099 3021 1227 3083 etc.
1337 3010 1759 3101 Reverendi,
1841 3010 2327 3103 Honorabiles,
2400 3010 2854 3107 spectabiles,
2935 3034 3022 3084 ac
3088 3009 3438 3108 magnifici

106 3116 269 3185 item
325 3111 610 3205 Egregii
674 3122 743 3182 et
795 3111 1104 3200 NobileS,
1158 3136 1293 3186 nec
1364 3136 1500 3186 non
1553 3112 1957 3200 PrudenteS,
2032 3136 2115 3184 ac
2172 3110 2689 3208 circumspecti,
2755 3113 2995 3188 fideles
3048 3114 3264 3189 Nobis
3321 3115 3436 3187 di-

104 3217 315 3287 lecti!
423 3214 590 3286 Tam
647 3237 740 3286 ex
811 3215 1343 3288 Intimationibus
1403 3215 1684 3288 Consilii
1738 3214 1964 3308 Regii,
2045 3238 2243 3310 quam
2319 3227 2389 3288 et
2439 3215 2712 3288 Publica
2785 3216 2966 3288 fama
3039 3230 3273 3288 notum
3329 3223 3435 3287 est

104 3322 409 3414 alioquin
482 3316 793 3391 fidelibus
845 3319 1242 3414 Regnorum
1314 3322 1598 3392 istorum
1670 3327 2059 3390 nostrorum
2116 3317 2243 3390 SS.
2314 3329 2384 3391 et
2436 3318 2825 3403 OrdinibuS,
2900 3330 3225 3392 cessante
3279 3341 3439 3394 cum.

105 3421 422 3493 Exordio
498 3425 656 3494 anni
725 3426 1038 3516 proxime
1120 3426 1463 3518 praeteriti
1519 3420 2105 3493 Commerciorum
2176 3417 2481 3493 Consilio
2535 3421 2812 3500 Aulico,
2886 3422 3197 3516 adeoque
3261 3443 3432 3515 per-

101 3529 449 3596 tractione
504 3523 929 3615 objectorum
987 3524 1576 3598 Commercialium
1643 3525 1838 3616 juxta
1894 3523 2274 3616 Benignam
2328 3534 2621 3595 mentem
2677 3535 2982 3597 nostram
3038 3525 3124 3595 ad
3178 3545 3432 3619 respe-

108 3632 296 3698 ctiva
351 3627 634 3699 Politica
690 3627 1146 3700 Provincialia
1186 3639 1255 3700 et
1288 3629 1533 3701 Aulica
1587 3628 1968 3700 Dicasteria
2023 3627 2403 3714 recidente,
2456 3625 2602 3697 Nos
2655 3648 2781 3721 pro
2835 3636 3142 3698 materna
3199 3636 3434 3699 nostra

103 3736 173 3801 in
231 3728 501 3825 publica
554 3730 781 3824 Regni
833 3731 1227 3823 Hungariae
1282 3742 1351 3804 et
1403 3731 1698 3803 Parlium
1755 3734 1817 3802 ei
1876 3729 2298 3803 adnexarum
2352 3727 2739 3818 commoda,
2803 3731 3432 3824 incrementumque

106 3835 444 3907 hactenns
518 3836 719 3905 etiam
791 3834 1166 3928 praehabiti
1235 3838 1303 3906 in
1377 3835 1482 3908 his
1539 3832 1952 3906 Commercii
2007 3833 2459 3907 sollicitudine
2511 3833 2822 3926 Benigne
2872 3834 3278 3914 resolvisse,
3360 3841 3436 3904 ut

112 3935 299 4008 Urbs
373 3944 441 4007 et
502 3940 761 4008 Portas
814 3938 1298 4023 Flumz'nense's,
1372 3959 1504 4010 nec
1557 3960 1695 4010 non
1750 3936 1942 4009 Bona
1994 3937 2507 4026 Buccariensia,
2581 3939 2649 4009 in
2704 3947 3023 4033 quantum
3081 3937 3194 4009 illa
3252 3935 3435 4008 Car-

104 4037 406 4112 lostadio
442 4038 726 4112 Flumen
778 4062 1029 4114 versus
1083 4039 1504 4135 proficiendo
1561 4039 1643 4112 ad
1702 4039 2012 4112 dextram
2068 4044 2227 4112 viae
2266 4037 2629 4114 carolinae
2686 4045 2812 4112 sita
2869 4051 3026 4115 sunt
3079 4040 3433 4136 (Buccari,

102 4143 528 4214 Buccaricza
604 4154 673 4213 et
743 4141 1179 4232 Porto-Ree,
1259 4155 1597 4239 tamquam
1672 4142 1760 4215 ad
1828 4145 2102 4217 laevam
2161 4143 2382 4217 dictae
2436 4147 2595 4217 viae
2650 4139 3015 4216 Cat-olinae
3088 4146 3234 4218 sitis
3307 4165 3431 4239 pro
3483 4181 3488 4186 ·

106 4246 307 4318 Statu
364 4244 633 4317 Militari
688 4247 983 4338 relictis)
1038 4250 1183 4341 ipsa
1239 4258 1597 4342 praeterea
1655 4246 1915 4321 Civitas
1970 4246 2545 4322 Carlostadiensis
2600 4250 2665 4318 in
2707 4246 3048 4338 Liberam,
3093 4246 3434 4341 Regiam-

102 4371 244 4443 que
300 4347 659 4421 Civitatem
718 4348 1102 4436 evehenda,
1162 4353 1557 4422 immediate
1616 4350 1862 4446 Reque
1916 4348 2077 4420 huic
2131 4353 2472 4422 Croatae'ae
2522 4356 3097 4444 incorporentur,-
3169 4372 3264 4422 ex
3315 4359 3434 4422 ta-

100 4453 269 4523 liter
319 4473 523 4546 porro
579 4451 1235 4548 neoincorporandis
1288 4452 1597 4527 Partibus
1650 4476 1876 4527 novus
1931 4450 2307 4526 Comitatus
2362 4457 2663 4546 erigatur
2715 4463 2785 4525 et
2851 4457 2921 4525 in
2979 4453 3291 4526 omnibus
3345 4452 3434 4524 ad

102 4577 421 4628 normam
502 4557 785 4628 aliorum
857 4555 1082 4648 Regni
1156 4555 1634 4647 Comitatuum,
1715 4561 1825 4644 iis,
1905 4579 2082 4653 quae
2163 4579 2330 4628 mox
2401 4555 2856 4628 declarandae
2928 4555 3284 4628 directioni
3366 4559 3436 4628 in

106 4659 375 4730 Puncto
432 4657 906 4731 Commerciali
976 4660 1365 4732 immediate
1418 4670 1971 4750 reservarentur,
2029 4662 2371 4754 exceptis,
2444 4661 2673 4754 Reqio
2729 4661 3133 4754 Regnorum
3189 4659 3434 4729 horum

112 4764 432 4832 Consilio
480 4762 997 4852 subordinatur,
1046 4769 1331 4856 ejusque
1366 4766 1863 4836 Jurisdz’cte'oni
1896 4762 2154 4850 subsit,-
2207 4784 2345 4834 non
2383 4761 2803 4848 absimiliter,
2843 4761 3022 4856 quod
3061 4784 3176 4834 res
3216 4761 3437 4834 Com-

108 4866 350 4955 mercij
391 4870 459 4937 in
495 4864 819 4938 Districtu
859 4876 927 4936 et
962 4865 1169 4938 Portu
1207 4867 1339 4938 boc
1376 4867 1796 4940 Fluminensi
1831 4890 1923 4939 ex
1958 4870 2106 4961 ipsa
2153 4868 2372 4957 magis
2429 4865 2737 4937 ordinata
2792 4875 2994 4959 atque
3059 4864 3434 4959 systema-

100 4980 269 5062 tyca
348 4969 871 5065 manipulatione
928 4969 1010 5039 ad
1070 4971 1327 5042 Statum
1382 4969 1844 5042 florentiorem
1928 4969 2288 5058 evehatur,
2370 4966 2517 5041 urbi
2572 4979 2642 5042 et
2694 4967 2926 5040 Portui
2981 4968 3139 5041 huic
3190 4968 3429 5060 Egre-

106 5075 324 5163 gium,
368 5071 675 5144 Fidelem
730 5070 944 5146 Nobis
979 5073 1319 5145 Dilectum
1359 5072 1731 5167 Josepbum
1769 5070 2046 5143 Mailath
2095 5072 2180 5144 de
2231 5070 2607 5168 Szekbely,
2664 5071 2954 5143 antebac
3000 5068 3431 5143 Cameralem

106 5174 436 5247 Nostrum
493 5171 966 5247 Consiliarium
1049 5175 1363 5248 Aulicum
1436 5185 1506 5246 et
1576 5175 2172 5264 Referendarium,
2246 5173 2556 5247 attributa
2611 5173 2695 5245 Ei
2766 5173 2987 5247 Intimi
3042 5171 3433 5268 Consiliary

108 5282 330 5353 nostri
383 5277 755 5371 Dignitate,
830 5282 896 5352 in
955 5281 1271 5374 qualitate
1330 5276 1847 5367 Gubernatoris,
1903 5288 1968 5351 et
2025 5300 2185 5377 ,cum
2240 5281 2413 5373 pari,
2470 5300 2553 5348 ac
2607 5276 2863 5351 Comes
2920 5301 2960 5349 a
3013 5274 3439 5349 Zinzendorf

110 5391 268 5455 actu
321 5382 641 5477 Tergesti
695 5381 978 5473 obtinet,
1033 5387 1408 5474 activitate,
1461 5404 1587 5478 per
1638 5404 1767 5456 nos
1819 5382 2130 5475 Benigne
2186 5380 2634 5476 praesectum,
2709 5381 3042 5558 simuggffie
3095 5396 3222 5476 pro
3276 5377 3423 5454 Su-
