3950 5917
3253 377 3420 475 ¹³²}

170 589 297 669 tn
364 587 763 677 musnet-ibi
808 600 883 679 et
927 593 1408 687 uanssunpmi
1482 588 1801 683 fecimus
1857 609 1987 684 pro
2067 586 2356 679 eisdemj
2409 586 2500 661 ad
2575 586 2935 665 nantelm-
3037 587 3288 663 Datum
3336 591 3414 665 in

168 692 514 790 Vyssegrad
560 692 730 771 feria
785 697 1014 789 quinta
1064 697 1380 789 proxima
1430 702 1592 779 *nte
1641 692 2073 799 Dominicnm
2123 694 2592 775 reminiscere.
2659 690 2866 767 Anno
2916 690 3191 767 Domini
3240 689 3408 765 Mit-

168 798 363 873 lesimo
408 800 887 877 trecentesimo
935 802 1451 895 septuagesimo
1502 799 1855 893 septimo„
1955 800 1975 810 '
2013 878 2022 887 ,
3359 830 3372 839 ·

166 963 275 1035 orig.
304 964 498 1019 membr.
530 968 584 1018 in
617 964 864 1021 Archivio
899 964 1066 1038 Regni
1099 964 1358 1021 croatiae.
1392 965 1527 1020 Prlv.
1561 963 1686 1019 Ero.
1721 965 1773 1018 Β.

1554 1450 1960 1536 xolx.

1098 1680 1105 1687 ’
1242 1714 1451 1789 Anno
1521 1710 1759 1786 1362.
1839 1712 2274 1811 zaqraecaa.

172 1946 909 2054 'transsumptum
988 1918 1540 2056 'privilegii
1628 1949 2306 2056 hospitibus
2395 1956 2500 2030 in
2591 1949 2958 2055 oppido
3047 1948 3422 2054 Pernja·

174 2088 401 2188 (nunc
484 2092 568 2168 in
661 2087 995 2167 banali
1091 2088 1590 2189 confinio)
1675 2112 1718 2166 a
1790 2087 2064 2195 Bela,
2148 2092 2559 2196 juniore
2642 2087 2953 2194 Rege,
3047 2112 3114 2166 a,
3181 2086 3414 2167 1225

382 2231 892 2333 concessi,
989 2252 1031 2307 a
1095 2224 1553 2333 Capitulo
1613 2225 2274 2335 Zagrabiensi
2333 2255 2410 2359 ει..
2466 2225 2696 2309 1362
2762 2227 3144 2309 factum.

418 2445 562 2520 Nos
618 2443 1000 2543 Capitulum
1056 2447 1358 2520 ecclesie
1410 2444 1896 2543 Zagrabiensis
1948 2451 2280 2522 memorie
2336 2444 2893 2522 commendantes
2945 2455 3188 2519 tenore
3240 2468 3413 2541 pre-

181 2552 417 2623 sencium
484 2550 956 2645 significamus
1029 2549 1267 2647 quibus
1339 2550 1616 2648 expedit
1681 2555 2056 2625 vniuersis.
2155 2551 2358 2640 Quod
2424 2574 2603 2626 anno
2676 2550 2934 2624 domini
2979 2544 3416 2622 M⁰Gcc⁰1x⁰

80 2716 81 2729 ,
180 2653 443 2744 amado,
493 2652 675 2727 feria
731 2665 965 2751 quarta
1018 2658 1333 2753 proxima
1385 2665 1543 2751 post
1594 2655 2001 2729 dominicam
2056 2654 2278 2747 Oculi,
2333 2653 2674 2748 Georgius
2721 2653 2896 2727 filius
2937 2651 3226 2745 chhlt,
3271 2652 3418 2725 vil-

182 2755 330 2843 licus,
370 2757 529 2831 Wlk
579 2758 767 2834 filius
817 2757 1108 2857 Petyne,
1158 2758 1357 2833 Tuxa
1410 2757 1591 2833 filius
1637 2756 1930 2852 Mareni,
1986 2769 2056 2833 et
2090 2758 2449 2834 Ghernech
2501 2758 2679 2833 filius
2735 2756 3058 2849 Gerdine,
3111 2757 3420 2853 hospites

78 2860 81 2905 f
190 2856 259 2941 de
288 2859 551 2959 Pernya,
605 2862 700 2935 ad
754 2873 1057 2939 nostram
1108 2862 1564 2960 personaliter
1626 2862 2040 2941 accedentes
2101 2867 2556 2961 presenciam,
2628 2861 3077 2937 exbibuerunt
3127 2872 3198 2935 et
3248 2883 3418 2958 pre-

186 2974 462 3043 tentarunt
528 2965 741 3043 nobis
820 2966 1150 3063 quasdam
1225 2967 1487 3042 litteras
1564 2967 2025 3063 priuilegiales
2104 2968 2330 3044 felicis
2405 2966 2920 3042 recordacionis
2995 2968 3432 3043 serenissimi

78 3160 79 3169 Ν
188 3068 435 3169 principis
505 3069 768 3145 domini
818 3070 986 3145 Bele
1041 3070 1329 3145 condam
1383 3074 1572 3166 regis
1625 3069 2002 3166 Hungarie,
2071 3075 2331 3147 tenoris
2385 3070 2858 3167 infrascripti3
2925 3080 3238 3167 petentes
3291 3091 3424 3144 nos

192 3191 297 3243 um
336 3176 688 3266 instancia,
740 3183 817 3247 vt
858 3185 1170 3248 tenorem
1225 3174 1599 3248 earundem
1649 3175 1736 3248 de
1788 3174 2009 3248 verbo
2061 3175 2149 3248 ad
2183 3174 2471 3250 verbum
2522 3174 2946 3265 transscribi,
2999 3184 3070 3245 et
3118 3196 3418 3271 presen-

193 3270 315 3358 ὼε
378 3280 582 3353 inseri
658 3277 897 3353 facere
967 3278 1444 3373 dignaremur3
1512 3300 1793 3377 quorum
1848 3301 1984 3357 nos,
2031 3278 2509 3376 peticionibus,
2578 3288 2815 3376 vtpote
2869 3281 3062 3353 iustis
3116 3288 3192 3350 et
3239 3301 3434 3351 eon--

183 3383 347 3477 gnie,
389 3393 795 3472 annuentes,
873 3393 1186 3457 tenorem
1238 3381 1608 3457 earundem
1662 3383 1751 3456 de
1802 3381 2022 3457 verbo
2076 3383 2167 3455 ad
2217 3382 2505 3458 verbum
2554 3380 2979 3471 transscribi,
3032 3390 3104 3455 et
3153 3403 3425 3478 appen-

182 3482 329 3567 sione
372 3491 587 3562 nostri
657 3488 865 3582 sigilli
919 3490 1264 3576 autentici,
1343 3485 1634 3561 fecimus
1715 3490 2133 3581 consignari,
2213 3510 2493 3583 quarum
2572 3496 2773 3559 tenor
2842 3487 3144 3580 sequitur
3196 3494 3266 3556 et
3315 3495 3430 3558 est

178 3582 333 3659 talis:
425 3588 499 3664 ln
548 3594 833 3666 nomine
904 3600 1142 3667 sancte
1210 3591 1555 3665 Trinitatis
1609 3600 1680 3664 et
1728 3590 2074 3665 indiuidue
2141 3594 2440 3667 vnitatis.
2518 3591 2687 3664 Bela
2753 3589 2866 3667 dei
2933 3592 3164 3682 gracia
3220 3587 3423 3661 Hun-

176 3692 773 3786 garie,.Da1macie,
846 3691 1163 3776 Croacie..
1220 3692 1505 3787 Galicie,
1571 3693 1817 3787 Rame,
1896 3695 2188 3788 Seruio,
2238 3695 2782 3793 Lodomerieque
2850 3693 3067 3789 Regis
3137 3691 3422 3767 Andros

181 3796 641 3891 pimogenitus,
720 3810 791 3872 et
866 3798 1024 3873 Rex
1093 3801 1162 3871 in
1214 3808 1633 3895 perpetuum.
1741 3797 1911 3872 Cum
1962 3798 2052 3872 de
2104 3798 2599 3879 beneuolencia
2679 3822 2764 3873 ac
2830 3798 3426 3897 predestinacione
3547 3806 3556 3814 ’

182 3905 421 3993 supremi
470 3903 691 3998 Regis
744 3902 830 3977 ad
884 3901 1020 3975 hoc
1072 3906 1284 3977 simus
1336 3901 1777 3999 preordinati,
1830 3912 1906 3977 vt
1950 3905 2235 4001 singuli-s
2289 3908 2357 3976 in
2411 3904 2893 3977 iurisdiccione
2944 3913 3182 3976 nostra
3236 3922 3418 3974 con-

178 4002 373 4078 rfitntis
436 4011 650 4081 simus
713 4006 1087 4082 secundum
1141 4007 1525 4103 apostolum
1578 4009 1648 4080 in
1700 4009 1964 4093 iusticia
2037 4004 2410 4097 debitores,
2478 4009 2887 4105 propensius
2943 4015 3012 4078 et
3064 4003 3428 4100 specialius

178 4098 451 4203 hospites,
505 4115 621 4207 qui
654 4119 964 4185 nostrum
1015 4108 1145 4185 sibi
1197 4114 1540 4187 senserint
1592 4108 1965 4184 subsidium
2016 4108 2464 4208 profuturum,
2520 4107 2743 4183 debita
2791 4108 3105 4183 volumus
3157 4110 3450 4181 iusticia-

179 4217 442 4300 potueri.
548 4215 725 4288 Hinc
778 4225 913 4306 est,
966 4214 1149 4315 quod
1198 4235 1332 4290 nos
1381 4224 1521 4291 tam
1570 4218 2033 4312 presencium,
2086 4236 2286 4310 quam
2338 4213 2717 4287 futurorum
2783 4212 3101 4287 volumus
3170 4213 3450 4287 noticie.

182 4308 506 4412 declarare,
587 4318 769 4416 quod
844 4316 1220 4415 hospitibus
1296 4320 1554 4395 nostris
1626 4317 1713 4393 de
1780 4317 2029 4393 Perina
2101 4319 2283 4412 (sic)
2355 4315 2957 4407 commorantibus,
3034 4314 3240 4390 talem
3290 4315 3446 4388 boc-

181 4415 338 4491 nodo
407 4425 880 4498 concessimus
957 4421 1366 4514 libertatem,
1444 4432 1521 4497 vt
1571 4445 1696 4519 per
1747 4432 2014 4519 septem
2081 4444 2303 4498 annos
2378 4424 2452 4497 in
2523 4421 2711 4497 nullo
2780 4418 2982 4497 nobis
3041 4428 3452 4519 teneantur,

180 4537 281 4591 nec
318 4523 561 4620 forum,
639 4526 821 4623 quod
868 4525 963 4600 ibi
1016 4524 1436 4619 celebratur,
1513 4547 1640 4622 per
1716 4529 2146 4623 septennium
2193 4526 2508 4600 tributum
2587 4524 2988 4623 persoluat;
3063 4526 3425 4599 transactis

180 4640 315 4697 vero
359 4633 582 4722 annis,
632 4633 972 4704 annuatim
1024 4639 1295 4705 centum
1346 4653 1601 4727 pensas
1643 4628 1867 4725 Regis
1918 4630 2314 4727 persoluant
2363 4631 2727 4721 maiestati,
2774 4628 2891 4703 uel
2942 4627 3428 4721 dexterarium,

182 4731 259 4817 ²9⁸
296 4736 515 4825 pensis
569 4736 937 4818 valentem..
989 4733 1217 4808 tributi
1271 4744 1495 4807 autem
1549 4732 1684 4807 fori
1733 4737 1950 4807 tercia
2003 4757 2191 4833 pars,
2261 4736 2504 4808 maiori
2573 4732 2880 4807 eiusdem
2929 4732 3092 4806 ville
3164 4743 3430 4829 spectet

182 4828 622 4930 iurisdiccioni,
666 4842 1046 4935 quicunque
1095 4838 1325 4931 fuerit,
1375 4838 1691 4913 residuas
1740 4847 1969 4911 autem
2020 4848 2250 4934 partes
2288 4837 2513 4933 Regie
2567 4836 2949 4911 celsitudini
3009 4837 3215 4911 debet
3266 4859 3428 4911 am-

188 4935 553 5031 ministrari3
602 4964 733 5016 nec
784 4942 1043 5039 aliquis,
1078 4946 1269 5040 ipsos
1336 4952 1569 5039 preter
1628 4940 2069 5043 defensorem
2141 4945 2470 5039 ipsorum,
2524 4965 2566 5015 a
2619 4940 2894 5016 domino
2947 4940 3146 5037 Rege
3199 4950 3446 5015 statu-.

188 5040 314 5129 hm,
377 5043 621 5118 audeat
667 5046 998 5139 iudicare,
1069 5057 1141 5121 et
1200 5048 1261 5120 si
1314 5044 1398 5119 ab
1451 5048 1753 5141 ipsorum
1820 5044 2192 5120 defensore
2263 5046 2836 5141 conquerentibus
2905 5044 3222 5120 satisfieri
3289 5059 3429 5117 non

188 5148 415 5240 poterit,
475 5147 565 5223 ad
609 5147 861 5225 domini
908 5150 1128 5246 Regis
1175 5153 1609 5249 presenciam
1679 5148 1859 5223 dicta
1931 5172 2139 5224 causa
2194 5148 2632 5224 discucienda
2707 5148 3179 5238 transferatur,
3249 5156 3321 5220 et
3370 5150 3454 5221 si»

191 5242 289 5337 ‘mi
331 5272 559 5326 coram
621 5254 847 5330 iudice
898 5271 1303 5354 quemquam
1362 5257 1749 5352 inpeterent
1816 5276 2024 5350 super
2091 5253 2342 5350 aliquo,
2414 5257 2520 5328 eis
2565 5253 2899 5329 iudicetur
2962 5253 3436 5326 iuramentum.

195 5342 518 5433 Summus
586 5362 829 5451 eciam,
899 5360 1081 5457 quod
1133 5363 1197 5438 si
1244 5359 1476 5436 Banus
1529 5361 1633 5435 eis
1687 5357 1774 5432 ad
1824 5357 2137 5432 valorem
2197 5361 2397 5434 vnius
2468 5379 2700 5433 marce
2753 5356 3113 5453 dampnum
3162 5354 3446 5451 fecerit,
