3950 5917
3300 385 3460 484 {83

137 610 538 702 Vicebanus,
612 610 916 686 Comites
969 612 1086 686 vel
1137 607 1636 704 Vicecomites,
1691 635 1777 686 ac
1828 613 2113 690 Judices
2184 610 2508 688 nobilium
2580 612 2913 687 dictorum
2967 608 3457 706 comitetumn,

138 714 537 812 quibuspiam
591 714 994 808 Reguicolis
1069 717 1140 788 in
1213 714 1412 789 dictis
1466 712 1912 790 comitatibus
1990 715 2470 805 existentibus,
2546 725 2707 813 post
2757 737 3114 792 recessum
3195 714 3460 792 dominii

143 821 333 892 nostri
381 816 604 911 Regis
659 817 748 891 de
797 829 1020 914 reg-no
1073 813 1426 910 Hungarie
1493 816 1779 906 factum,
1850 819 2075 915 aliqua
2124 817 2313 892 facta
2362 822 2797 921 potentian-ia,
2874 819 3328 917 dampnaque,
3378 821 3463 894 et

141 943 345 994 rerum
395 918 809 1011 ablationes,
861 920 1349 1010 mutilationes,
1401 919 1954 1010 verherationes,
2011 926 2420 1017 sanguinum
2474 921 2856 1013 efusiones,
2928 923 3277 997 hominum
3306 924 3453 997 'iu-2

143 1023 593 1115 terfectiones,
671 1026 1196 1121 possessionum
1249 1035 1321 1098 et
1370 1033 1708 1106 terrarum
1760 1028 2281 1121 occupationes,
2354 1026 2625 1122 aliaque
2678 1027 3011 1099 malorum
3065 1039 3327 1121 genera
3380 1023 3458 1100 et

144 1137 531 1201 nocumenta
612 1131 834 1201 minus
905 1129 1095 1219 ¹iuste
1165 1138 1236 1201 et
1287 1126 1586 1201 indebite
1666 1135 2183 1225 perpetrassent
2256 1129 2378 1202 vel
2455 1138 2958 1224 perpetrarunt,
3042 1129 3460 1203 intullissent

143 1230 241 1302 vel
301 1231 713 1320 intulerunt,
788 1240 1046 1305 extunc
1114 1249 1246 1305 uos
1316 1230 1689 1327 specialem
1767 1232 2116 1306 hominem
2193 1241 2502 1305 nostrum
2575 1253 2712 1305 vna
2785 1253 2940 1305 cum
3002 1230 3203 1307 dictis
3287 1237 3454 1306 octo

145 1333 242 1405 vel
288 1355 420 1406 sex
469 1330 841 1418 nobilibus,
893 1333 1013 1406 vel
1065 1331 1375 1408 adminus
1431 1343 1746 1429 quatuor,
1800 1356 1887 1407 ac
1937 1333 2291 1408 Judicibus
2362 1333 2686 1408 nobilium
2756 1335 3068 1409 similiter
3136 1343 3454 1432 quatuor,

147 1445 244 1507 aut
289 1434 592 1527 duobus,
646 1435 734 1509 ad
787 1436 1037 1510 faciem
1110 1440 1581 1533 possessionis
1633 1434 1799 1510 facti
1849 1440 2222 1534 perpetrati
2275 1436 2361 1510 ad
2414 1437 2938 1512 ammonendum
2993 1448 3064 1512 et
3116 1437 3454 1513 satisfacs

145 1541 321 1611 tionis
389 1539 973 1634 complementum
1039 1539 1565 1634 impendendum
1638 1550 1709 1613 et
1758 1544 2096 1637 premissa
2176 1540 2727 1635 investigandum
2809 1540 3256 1642 destinemus,
3337 1537 3457 1637 qul

147 1639 419 1737 prefatus
473 1641 688 1716 homo
739 1652 1003 1733 noster,
1076 1651 1147 1714 et
1197 1641 1360 1716 dicti
1409 1643 1679 1718 nobiles
1733 1666 1818 1717 ac
1870 1643 2153 1717 Judices
2222 1642 2574 1730 nobilium,
2653 1647 2907 1717 rescita
2958 1647 3455 1740 premissorum

149 1767 312 1816 mera
361 1752 688 1835 veritate,
760 1748 822 1819 si
871 1768 998 1842 per
1048 1755 1415 1821 annotatos
1463 1746 1918 1836 Vicebannm,
1990 1744 2327 1821 Comitem
2379 1768 2467 1819 ac
2519 1745 3044 1838 vicecomitem,
3108 1767 3245 1822 nec
3312 1751 3457 1821 non

151 1846 443 1921 rammam
498 1848 908 1938 eorundem,
958 1870 1046 1923 eo
1103 1848 1308 1924 modo
1379 1847 1563 1922 facta
1617 1847 1772 1924 fore
1825 1852 2311 1946 compererint,
2392 1857 2649 1922 extunc
2725 1850 2909 1922 facta
2965 1851 3455 1924 ammonitione

149 1974 229 2022 ex
272 1962 457 2047 parte
527 1952 767 2025 talium
835 1953 955 2026 vel
1001 1952 1160 2025 talis
1212 1962 1750 2050 perpetratorum
1803 1954 1923 2025 vel
1975 1955 2469 2049 perpetratoris
2524 1951 2612 2024 ad
2665 1952 3039 2047 plenariam
3117 1950 3454 2028 nusfacu

152 2058 375 2128 tionem
426 2064 502 2128 et
556 2056 972 2130 solutionem
1041 2057 1447 2151 astringant,
1527 2065 1597 2130 et
1666 2058 1727 2131 si
1793 2060 2203 2153 premissam
2281 2054 2823 2130 satisfactionem
2896 2064 2969 2128 et
3037 2055 3458 2129 solutionem

152 2157 356 2233 iacere
407 2167 776 2232 recusaret
824 2155 946 2233 vel
995 2169 1425 2250 recusarent,
1497 2169 1755 2234 extunc
1821 2162 2313 2256 possessiones
2381 2157 2714 2234 habentes
2785 2177 2912 2255 per
2962 2161 3458 2257 occupationes

153 2264 647 2357 possessionum
701 2260 1106 2352 eorundem,
1160 2266 1224 2338 si
1272 2279 1450 2337 vero
1501 2265 2105 2359 impossessionati
2151 2261 2524 2352 extiterint,
2600 2282 2729 2358 per
2779 2260 3159 2335 afflafiones
3212 2259 3451 2334 hone*-

153 2387 275 2439 uuu
329 2375 402 2439 et
447 2385 686 2439 rerum
757 2381 1058 2456 suarum,
1138 2381 1301 2464 ymo
1358 2367 1417 2440 si
1470 2383 1769 2440 necesse
1838 2361 2045 2439 fuerit
2113 2385 2270 2439 cum
2338 2363 2733 2439 detentione
2800 2369 3259 2462 personarum·
3320 2361 3459 2461 ipsi

154 2468 279 2543 leso
326 2479 395 2543 et
444 2465 833 2566 querulanti
911 2467 1451 2544 satisfactionem
1502 2469 1790 2543 valeant
1836 2478 2042 2565 atque
2096 2470 2400 2565 possint3
2470 2467 2751 2565 insuper
2816 2467 3241 2541 huiusmodi·
3273 2487 3458 2563 ρος-ι

157 2575 479 2648 sessiones
536 2581 920 2670 occupatas
961 2571 1247 2662 tamdiu,
1301 2579 1658 2670 quousque
1711 2594 1750 2644 a
1803 2573 2030 2667 Regia
2074 2569 2443 2666 Maiestate
2490 2569 2621 2645 sibi
2665 2570 2756 2645 de
2788 2569 3097 2645 remedio
3142 2572 3457 2668 gratioso

157 2677 470 2770 provisum
508 2675 744 2766 fuerit,
794 2674 980 2748 idem
1015 2676 1382 2773 querulans
1436 2695 1864 2750 conservare
1893 2675 2133 2750 valeat
2185 2684 2388 2772 atque
2420 2678 2681 2772 possit3
2735 2695 2789 2748 e·
2814 2679 3163 2748 converso
3199 2677 3459 2763 autem,

55 2805 56 2878 l
159 2777 1258 2958 Eissffqssssmfflffiioiffffl
1293 2776 2623 2980 ἵῖῗμῗὲᾙῖἒήέῃίρξῗψῖῗέἓέῐὲῗζ
2682 2775 3464 2977 ῗῖῒέῗῗεῗωᾞὲῗᾶ

161 2997 657 3084 cousequantur.
712 2981 1036 3060 Ceterum
1088 2988 1314 3060 extitit
1364 2985 1908 3074 determinatum,
1962 2983 2147 3083 quod
2197 2983 2455 3058 Prehti
2504 2994 2574 3058 et
2606 2981 2948 3076 Berones,
3000 3003 3087 3057 ac
3118 2987 3463 3080 proceres

161 3098 220 3159 et
257 3088 516 3165 nobiles
565 3093 776 3185 regni
822 3092 894 3163 in
945 3091 1138 3185 ipsas
1189 3087 1399 3164 sedes
1461 3088 1864 3182 judiciarias
1925 3099 2239 3185 tempore
2309 3091 2707 3162 odenatum
2752 3086 3218 3186 predictarum
3273 3091 3462 3160 conk‘

165 3188 445 3283 Montes,
498 3215 646 3268 non
693 3187 1002 3289 pluribus
1047 3193 1187 3266 nisi
1239 3196 1664 3289 quan-aginta
1739 3191 2081 3288 equitibus
2133 3246 2151 3262 .
2181 3246 2199 3263 .
2240 3189 2427 3263 facta
2497 3211 2741 3265 eorum
2807 3197 3312 3288 prosequentes
3364 3179 3461 3262 ad

161 3291 474 3370 ludicium
513 3289 1045 3394 progredientes
1094 3298 1342 3369 venite
1392 3295 1701 3386 valeant,
1750 3297 1850 3368 itu
1898 3294 2252 3382 videlicet,
2306 3291 2491 3391 qnod
2539 3294 2852 3367 vniversl
2903 3302 2975 3364 et
3014 3291 3277 3396 singuli
3322 3307 3463 3364 cn-

165 3397 504 3497 iuscunque
589 3407 804 3475 status
858 3409 929 3472 et
976 3398 1385 3472 conditionis
1437 3399 1754 3473 homines
1806 3403 2132 3486 existant,
2202 3395 2291 3469 ad
2339 3396 2577 3471 sedem
2640 3395 3089 3470 ,iudiciariam
3144 3397 3464 3490 tempore

164 3501 434 3592 predicto
484 3505 561 3577 in
613 3502 951 3576 Iudicium
1003 3502 1423 3577 accedentes
1500 3504 1830 3593 inermes,
1898 3501 2227 3576 videlicet
2285 3504 2439 3574 sine
2511 3501 2775 3589 loricis,
2846 3500 3115 3596 clipeis,
3185 3496 3466 3592 gladiis,

161 3607 374 3699 ungitis
404 3629 495 3679 ae
525 3605 686 3682 aliis
718 3604 1086 3703 quibusuis
1104 3626 1452 3679 armoru-
1498 3602 1906 3701 generibus,
1954 3602 2251 3702 demptis
2298 3601 2631 3678 duntaxat
2672 3601 2969 3692 Mis,
3020 3602 3271 3675 venire
3314 3598 3481 3690 dea,

162 3701 340 3781 team
385 3718 460 3784 et
507 3719 900 3800 teneantur,
951 3708 1271 3806 aliudque
1321 3730 1463 3783 non
1517 3711 1664 3782 sint
1702 3710 1855 3783 ausi
1903 3705 2147 3782 facere
2198 3704 2407 3781 modo
2460 3705 2755 3801 aliquali.
2828 3703 2919 3778 Et
2970 3706 3034 3779 si
3082 3706 3235 3800 quis
3288 3724 3465 3776 ausu

163 3814 497 3887 temeruio
554 3820 796 3886 contra
846 3811 1028 3886 hanc
1075 3813 1388 3909 previam
1442 3809 1959 3907 dispositionem
2008 3812 2432 3910 processerit
2480 3809 2601 3885 vel
2634 3807 2907 3900 fecerit,
2959 3807 3114 3881 talis
3167 3808 3240 3880 in
3287 3827 3465 3903 per-

165 3932 312 3985 sona
357 3917 766 4013 captiuetur,
819 3936 907 3988 ac
957 3917 1194 4005 armis,
1248 3923 1320 3988 et
1369 3914 1579 3990 rebus
1633 3924 1705 3989 et
1755 3912 1955 3996 bonis
2011 3918 2196 3989 cirea
2244 3916 2467 4010 ipsum
2538 3911 2792 3990 habitis
2848 3934 2986 4008 ,per
3038 3907 3465 4000 vinebunt-a

165 4022 225 4085 et
267 4011 565 4093 Comites
644 4016 993 4115 predictos
1067 4020 1377 4113 priuetur
1426 4027 1498 4091 et
1550 4017 2001 4107 desumatur3
2079 4017 2218 4090 hoc
2282 4038 2425 4090 nou
2474 4018 2950 4113 pretermisso,
3029 4011 3215 4109 quod
3282 4001 3469 4086 idem

167 4115 403 4195 nobiles
454 4120 661 4196 nobis
713 4131 991 4219 propter
1043 4118 1439 4195 fidelitatem
1494 4120 1770 4195 domino
1824 4130 2063 4196 nostro
2114 4118 2298 4214 Regi
2350 4118 2884 4208 observandam,
2939 4125 3013 4191 et
3047 4114 3276 4212 quoad
3325 4113 3469 4188 de-

167 4217 524 4297 fensionem
597 4234 668 4298 et
733 4227 1089 4298 tuitionem
1160 4222 1510 4298 dictorum
1565 4222 2023 4297 Gcmiutnum
2074 4232 2162 4296 et
2229 4225 2713 4296 vniversorum
2781 4223 3270 4319 premissorum
3340 4239 3472 4315 pre

169 4323 563 4414 perfectione
616 4338 688 4402 et
737 4327 1136 4425 impletione
1205 4330 1369 4404 totis
1437 4325 1701 4402 viribus
1769 4330 1970 4420 juxta
2050 4346 2263 4424 posse
2340 4329 2649 4422 ipsorum
2700 4323 2929 4399 fidelia
2989 4324 3273 4398 servitia
3323 4343 3473 4394 ex·-

173 4423 376 4504 hibere
446 4441 992 4528 assumpserunt,
1066 4452 1241 4526 quos
1295 4439 1366 4504 et
1412 4453 1545 4505 nos
1601 4434 1787 4505 serie
1838 4431 2258 4529 presentium
2338 4440 2712 4527 protegere
2766 4425 3285 4524 spopondimus,
3352 4423 3476 4498 ubi

171 4548 276 4602 nos
322 4532 550 4626 talem,
600 4533 722 4610 vel
773 4534 976 4624 tales,
1029 4538 1146 4631 qui
1195 4537 1268 4608 in
1317 4536 1673 4631 premissis
1744 4537 2123 4632 persistere
2191 4532 2479 4622 nollent,
2551 4542 2623 4606 et
2673 4553 2754 4606 se
2808 4532 3162 4627 premissis
3236 4548 3472 4626 oppo-

173 4651 314 4706 nere
344 4645 819 4734 attemptarent
869 4648 987 4712 aut
1020 4637 1527 4730 rebellizarent,
1579 4637 2105 4733 huiusmodique
2157 4633 2588 4733 dispositioni
2625 4645 2697 4709 et
2730 4632 3141 4707 ordinationi
3176 4634 3470 4728 aquies-

63 4763 64 4824 ᾗ
173 4755 309 4808 cere
353 4741 637 4832 nollent,
689 4741 808 4815 vel
858 4751 1096 4815 contra
1164 4743 1500 4837 premissa
1555 4763 1730 4814 ausu
1780 4742 2150 4814 temerario
2205 4749 2276 4813 et
2323 4736 2705 4812 rebellione
2757 4734 3243 4835 procederent,
3309 4757 3469 4808 cum

63 4897 64 4902 ,
175 4843 392 4915 uostris
439 4842 700 4918 viribus
757 4843 844 4917 ad
894 4847 1232 4941 premissa
1285 4842 1604 4918 facienda
1660 4854 1731 4917 et
1782 4843 2189 4940 complenda
2245 4845 2633 4937 astringere
2686 4851 2759 4914 et
2789 4842 3078 4913 vincere
3130 4860 3271 4912 non
3323 4859 3472 4911 va·—

179 4936 435 5021 leremus
487 4957 604 5021 aut
652 4969 795 5024 non
844 4969 1239 5045 possemus,
1294 4958 1367 5021 et
1417 4948 1614 5022 dictis
1665 4946 2006 5022 nobilibus
2059 4948 2260 5041 regni
2310 4948 2674 5041 insurgere
2747 4942 3255 5033 mandaremus,
3321 4961 3467 5013 ex-

179 5048 311 5117 tunc
348 5052 652 5125 vniversi
702 5052 1217 5143 vniversaliter,
1272 5061 1343 5125 et
1375 5051 1627 5147 singuli
1671 5051 2135 5147 singulariter,
2187 5048 2516 5123 videlicet
2566 5070 2723 5121 cum
2775 5043 3112 5142 equitibus
3151 5054 3222 5119 et
3255 5042 3469 5141 pedi-

181 5143 349 5241 tibus,
419 5151 710 5251 demptis
763 5155 1112 5253 orphanis,
1165 5153 1420 5246 viduis,
1493 5153 1779 5230 infirmis
1831 5164 1903 5228 et
1952 5151 2215 5227 viribus
2269 5151 2608 5227 destitutis
2659 5154 3053 5245 insurgere,
3105 5157 3178 5223 et
3227 5156 3471 5221 contra

181 5246 352 5326 talem
396 5257 513 5331 vel
554 5259 732 5334 tales
800 5259 1212 5356 procedere,
1283 5269 1356 5333 et
1407 5258 1692 5333 eosdem
1756 5259 1957 5352 iuxta
2025 5278 2269 5331 eorum
2338 5254 2497 5329 dem
2526 5306 2745 5329 .....
2794 5275 2923 5352 per
2974 5252 3473 5349 occupationes

181 5362 653 5443 mansionum
717 5384 992 5440 suarum
1061 5366 1304 5462 punire
1355 5361 1742 5455 valeamus,
1815 5371 2021 5461 atque
2090 5361 2284 5458 possi
2311 5414 2328 5432 .
2358 5415 2375 5432 .
2406 5414 2424 5433 .
2478 5362 2573 5435 itu
2626 5368 2885 5449 umen,
2956 5355 3141 5455 quod
3211 5351 3473 5429 fratres
