3950 5917
3274 423 3427 497 475

108 635 458 722 Mamnrci,
527 634 821 706 Domina
897 620 1245 705 Marcbiae
1315 632 1776 704 sclavonicae
1833 641 1902 701 et
1951 628 2388 717 Mecbliniae,
2459 628 2680 701 Vidua
2734 629 2895 701 Dux
2947 630 3429 723 Lotharingiae

112 747 181 808 et
230 737 447 820 Barri,
501 736 751 829 Magna
810 736 970 808 Dux
1022 735 1380 808 Hetrnriae
1419 739 1547 807 dcc.
1629 731 2006 806 Memoriae
2057 733 2614 805 commendamus
2670 741 2912 804 tenore
2966 736 3438 828 praesentium.

112 839 573 934 significantes
631 838 873 936 quibus
929 838 1208 934 expedit
1260 837 1670 911 Universis:
1780 835 1978 924 Quod
2032 834 2207 924 Nos,
2261 846 2707 932 posteaquam
2759 858 2884 931 pro
2941 837 3269 927 singulari
3310 837 3428 910 illa

110 965 414 1037 vereque
466 941 805 1033 Materna,
861 964 993 1036 qua
1045 944 1117 1014 in
1168 941 1576 1038 percharum
1628 936 1845 1011 Nobis
1897 938 2296 1033 Hungariae
2364 938 2683 1033 Regnum
2753 937 3130 1034 Partesque
3183 938 3474 1014 Eidem.

114 1044 419 1118 adnexas
469 1047 657 1128 nullo
689 1066 831 1118 non
865 1053 1176 1139 tempore
1228 1042 1537 1133 ferimur,
1589 1040 2079 1137 Propensionis
2124 1051 2195 1115 et
2235 1040 2780 1115 Benevolentiae
2833 1043 3081 1131 studi'o,
3137 1044 3429 1135 incens-

116 1152 285 1221 santi
339 1153 407 1219 in
460 1147 927 1244 provehendis
1006 1151 1190 1220 omni
1241 1150 1508 1218 ratione
1589 1144 1811 1218 fidelis
1865 1142 2080 1240 Nobis
2137 1142 2446 1217 subditae
2503 1144 2741 1217 Gentis
2794 1146 3163 1238 Hungarae
3220 1168 3430 1219 com·
3483 1229 3488 1236 ,

113 1251 330 1325 modis
402 1252 769 1345 vigilantes
841 1273 1005 1322 cura
1061 1260 1131 1322 et
1183 1248 1662 1340 sollicitudine,
1736 1247 2238 1320 Commercium
2311 1270 2581 1344 quoque
2649 1246 2875 1342 Regni
2946 1248 3173 1341 hujus,
3246 1248 3431 1344 quod

114 1357 417 1446 angustis
473 1359 748 1427 nimium
818 1352 1261 1447 hucadusque
1333 1350 1678 1425 Limitibus
1760 1354 2340 1446 circumscriptum
2397 1360 2570 1442 erat,
2656 1374 2751 1423 ex
2802 1373 2937 1447 quo
2993 1352 3425 1427 nihilominus

112 1461 506 1530 innumerae
562 1467 834 1530 omnem
888 1459 958 1528 in
1001 1454 1514 1552 Rempublicam
1569 1463 1975 1551 promanant
2026 1452 2390 1543 Utilitates,
2443 1453 2716 1551 quodve
2771 1454 2857 1526 ad
2913 1454 3202 1528 solidam
3256 1478 3427 1551 per-

110 1559 495 1655 fectamque
563 1558 791 1653 Regni
859 1562 1170 1658 qu'usvis
1241 1558 1633 1631 felicitatem
1706 1567 1779 1630 ut
1831 1557 2184 1653 plurimum
2258 1556 2633 1646 conferret,
2712 1561 2916 1631 novis
2987 1561 3426 1635 incrementis

112 1684 396 1756 augere,
450 1662 705 1736 illudve
750 1666 819 1735 in
858 1672 1256 1758 perpetuum
1307 1660 1599 1733 Materni
1654 1661 1939 1732 affectus
2000 1659 2236 1733 Nostri
2288 1661 2812 1736 Testimonium
2833 1671 2903 1734 et
2955 1671 3430 1756 argumentum

108 1787 339 1858 quam
332 1764 751 1838 firmissime
806 1765 1110 1838 stabilire
1161 1764 1458 1858 benigne
1514 1764 2102 1854 decrevissemus,
2155 1773 2357 1859 atque
2403 1764 2537 1837 boc
2574 1761 2878 1837 Consilio
2933 1765 3427 1840 ardentissimis

104 1865 635 1962 Regnicolarnm
689 1872 874 1941 votis
920 1868 1063 1960 jam
1120 1866 1367 1939 dudum
1422 1876 1847 1962 exoptatam,
1915 1869 2335 1962 summisque
2407 1871 2593 1940 omni
2660 1878 2972 1963 tempore
3043 1867 3427 1960 Desiderijs

108 1974 515 2065 suspiratam
564 1971 863 2043 Partium
918 1969 1430 2060 Maritimarum,
1485 1992 1664 2065 quae
1717 1969 2067 2043 dissolutis
2121 1958 2475 2045 Maritimis
2528 1970 2753 2065 Regni
2809 1969 3126 2043 Creatiae
3182 1970 3427 2044 Comi-

103 2072 352 2146 tatibus
407 2074 741 2148 distinctis
797 2072 1083 2146 subinde
1141 2071 1504 2165 Gubernijs
1560 2072 1863 2146 creditae
1918 2072 2139 2162 erant,
2192 2067 2921 2169 Reincorporationem
2993 2083 3180 2146 motu
3253 2096 3428 2170 pro-

104 2179 293 2271 prio,
337 2199 422 2248 ac
470 2187 783 2272 tempore
835 2175 949 2249 ubi
1003 2180 1279 2249 minime
1332 2175 1712 2271 putabatur,
1789 2174 2091 2270 benigne
2169 2177 2731 2266 resolvissemus,
2811 2177 3076 2271 hacque
3156 2183 3424 2250 ratione

102 2282 364 2352 iteratis
418 2284 485 2352 in
540 2277 767 2373 Regni
818 2279 1081 2351 Diaetis
1136 2289 1610 2353 antenatorum
1678 2279 2012 2352 Fidelium
2067 2278 2377 2352 Statuum
2432 2290 2510 2353 et
2554 2273 2879 2353 Ordinem
2954 2279 3179 2375 Regni
3250 2303 3423 2377 pre-
3477 2299 3484 2306 ·

103 2382 315 2457 cibus'
354 2383 731 2457 clementer
784 2382 1191 2471 deferendo,
1260 2382 1487 2454 factae
1541 2385 1745 2456 etiam
1796 2381 2080 2457 Eisdem
2129 2382 2675 2477 Inaugurationis
2745 2382 3043 2456 Nostrae
3114 2393 3422 2479 tempore

104 2486 378 2559 solenni
431 2486 520 2558 de
570 2484 1073 2581 reapplicandis
1127 2487 1533 2559 successive
1587 2484 1848 2557 Sacrae
1902 2484 2128 2579 Regni
2181 2484 2501 2560 Coronae
2570 2485 2815 2578 ijsdem
2871 2487 3299 2560 Districtibus
3355 2496 3426 2559 et

99 2587 519 2681 Provincijs,
573 2610 744 2684 quas
798 2587 885 2659 ad
938 2586 1248 2661 Eandem
1302 2588 1386 2659 ab
1433 2588 1593 2660 olim
1646 2588 1813 2661 Jnre
1865 2590 2303 2684 pertinuisse,
2355 2598 2869 2685 temporumque
2923 2591 3423 2663 vicissitudini-

102 2690 231 2764 bus
312 2713 399 2763 ac
453 2712 579 2785 per
625 2693 860 2765 varias
938 2694 1482 2765 circumstantias
1565 2691 1844 2764 avulsas
1923 2713 2088 2765 esse
2166 2691 2707 2785 dignoverimuS,
2780 2696 2851 2765 in
2903 2692 3139 2765 Verbo
3193 2692 3416 2786 Regio

102 2793 551 2868 Promissioni
585 2793 882 2869 Nostrae
921 2794 1529 2884 satisfecissemus,
1566 2791 1966 2890 vigoreque
2002 2795 2357 2890 Benignae
2393 2791 2862 2870 Resolution‘is
2898 2796 3098 2888 hujus
3127 2795 3424 2871 Nostrae

100 2896 436 2972 Portus
488 2896 918 2988 Buccari,
969 2897 1537 2969 Buccaricza
1593 2908 1665 2970 et
1714 2897 2227 2984 Porto—Re,
2284 2922 2434 2970 cum
2475 2903 2659 2972 omni
2704 2903 2901 2992 Juxta
2938 2899 3140 2972 Viam
3196 2899 3428 2973 Caro-

102 3000 310 3071 linam
358 3003 578 3096 posita
616 2998 930 3091 ColonIa,
983 2998 1516 3095 praehabitoqne
1549 2998 1796 3072 ibidem
1837 2998 2316 3073 Commerciali
2347 3001 2699 3094 Districtu,
2745 3001 2894 3075 Sex
2928 3001 3428 3080 Castellanatus

100 3102 450 3175 Bonorum
485 3102 1043 3177 Buccariensinm
1081 3102 1603 3199 complectente,
1642 3107 1859 3199 ipsam
1899 3112 2257 3197 praeterea
2296 3102 2658 3178 Civitatem
2714 3102 3424 3181 Carlostadien-

101 3227 137 3279 s
160 3230 199 3277 e
221 3227 288 3277 m
322 3210 392 3278 in
415 3205 728 3278 Liberam
752 3204 1178 3300 Regiumque
1210 3205 1567 3278 Civitatem
1604 3203 2061 3295 evehendam,
2098 3204 2345 3300 Regno
2377 3205 2694 3281 Croatiae
2732 3212 2796 3280 in
2829 3212 3061 3302 specie
3099 3214 3423 3281 reincor-

99 3312 334 3404 porari
385 3306 844 3398 fecissemus3
915 3310 1088 3381 ultra
1141 3307 1316 3380 baec
1369 3329 1575 3403 porro
1632 3305 1883 3380 Urbem
1947 3319 2018 3379 et
2070 3307 2347 3381 Portum
2400 3309 2684 3383 liberum
2741 3310 3420 3384 Fluminensem

96 3433 452 3508 peraeque
503 3411 1006 3507 incorporando
1079 3410 1621 3502 adJecissemu83
1691 3409 2002 3505 Benigne
2057 3433 2187 3483 una
2244 3408 2834 3502 decrevimus,‚ut
2887 3436 2978 3485 ex
3035 3416 3420 3486 neo-rein-

100 3519 485 3612 corporatis
521 3519 803 3611 praevia
843 3519 1107 3587 ratione
1141 3513 1453 3587 Partibus
1492 3515 1617 3605 (ijs
1654 3515 1909 3604 unice,-
1937 3535 2115 3608 quae
2152 3535 2277 3608 pro
2314 3513 2446 3587 Rei
2484 3513 3004 3590 Commercialis
3025 3514 3417 3613 Manipula-

94 3622 292 3691 tione
342 3622 817 3711 necessariae,
869 3617 953 3690 ad
990 3616 1442 3690 immediatam
1482 3617 1703 3713 quoad
1743 3619 2066 3692 universa
2119 3615 2529 3708 Publica,
2584 3617 2987 3690 Politica
3044 3628 3113 3691 et
3163 3618 3207 3690 J
3224 3618 3424 3693 udi-

97 3721 387 3793 cialia
443 3744 580 3795 non
636 3742 843 3795 secus
897 3731 968 3794 et
1020 3720 1577 3796 Oeconomicalia
1641 3723 1986 3794 constituti
2056 3731 2345 3795 eatenus
2426 3719 2913 3795 Gubernatoris
2967 3720 3424 3797 Fluminensis

94 3823 581 3920 Littoralisque
632 3824 1010 3918 Hungarici
1061 3824 1612 3897 Jurisdictionem
1667 3823 2126 3920 pertinebunt,
2181 3834 2251 3897 et
2303 3824 2735 3918 adjicientur,
2798 3824 3004 3897 Portu
3062 3835 3297 3922 utpote
3352 3836 3424 3899 et

99 3926 277 4001 urbe
313 3926 733 4002 Fluminensi
768 3950 901 4000 nec
935 3947 1076 4000 non
1113 3928 1266 4019 alijs
1302 3925 1513 4000 tribus
1548 3925 1886 4000 Portubus
1923 3927 2243 4030 Buccari,
2277 3927 2692 4002 Buccaricza
2732 3939 2802 4002 et
2835 3928 3227 4021 Porto-Re,
3267 3953 3422 4002 cum

92 4030 357 4105 Incolis
412 4053 496 4103 ac
540 4030 865 4105 Terrenis
920 4035 1089 4122 suis,
1143 4031 1428 4125 aliisque
1479 4029 1685 4104 Locis
1738 4030 2099 4106 Districtus
2145 4019 2466 4124 ejusdem
2517 4030 2755 4106 Littori
2790 4031 2999 4107 Haris
3054 4036 3423 4126 contiguis,

95 4135 327 4230 qualia
382 4144 621 4209 essent
651 4133 1079 4223 Tersactum‚
1135 4131 1470 4208 Costrena
1508 4144 1578 4207 et
1611 4137 2005 4231 respective
2043 4134 2303 4229 Draga,
2358 4138 2737 4231 exceptis),
2791 4138 2856 4208 in
2891 4140 3152 4210 veteris
3190 4136 3420 4209 Vino-

93 4238 431 4311 doliensis
458 4237 832 4312 Comitatus
867 4239 1092 4310 locum
1120 4258 1343 4311 novus
1382 4235 1896 4312 Comitatus
1933 4238 2668 4312 Szeverinensis
2703 4238 3049 4314 Nomine
3030 4243 3420 4334 insignien-

94 4341 232 4416 dus
270 4340 667 4415 efformetur
700 4350 771 4415 et
803 4344 1163 4436 errigatur,
1213 4340 1592 4437 Eidemque
1624 4361 1765 4414 non
1799 4340 2034 4432 modo,
2088 4351 2161 4414 ut
2203 4343 2458 4434 justam
2497 4339 2870 4416 Comitatus
2922 4342 3422 4418 Extensionem

89 4446 565 4536 nanciscatur,
618 4443 1192 4541 serendorumque
1244 4444 1571 4533 Onerum,
1620 4448 1988 4541 praecipue
2038 4466 2211 4518 vero
2267 4444 2791 4519 conservandae
2827 4446 3002 4519 Viae
3058 4445 3422 4521 Carolinae

88 4570 229 4645 par
280 4547 639 4636 efficiatur,
694 4571 937 4621 verum
984 4547 1492 4644 Manipulationi
1548 4554 1754 4621 etiam
1808 4547 2286 4621 Commerciali
2358 4550 2578 4643 aptior
2627 4548 2975 4642 reddatur,
3052 4549 3416 4626 Districtus

88 4650 819 4748 Trans-Colapianus,
891 4654 1002 4747 qni
1054 4650 1386 4728 hactenus
1437 4651 1707 4747 quidem
1759 4651 2225 4726 Jurisdictioni
2275 4648 2650 4726 Comitatus
2701 4652 3189 4747 Zagrabiensis
3243 4653 3419 4728 sub-

92 4764 280 4845 erat,
337 4755 426 4828 ob
477 4759 915 4827 remotiorem
968 4763 1198 4828 tamen
1251 4759 1450 4829 situm
1502 4754 1863 4829 difficulter
1914 4755 2275 4828 admodum
2314 4755 2929 4848 administrabatur,
2981 4759 3224 4848 maJori
3278 4777 3420 4851 pu-

86 4858 263 4931 blici
312 4859 598 4931 utilitate
651 4858 1024 4951 adjiciatur.
1125 4858 1512 4933 Praemissa
1565 4868 1791 4932 autem
1846 4862 2111 4931 ratione
2166 4859 2627 4953 errigendum,
2682 4859 2885 4955 atque
2939 4881 3064 4956 per
3110 4881 3419 4956 operan-

86 4973 241 5035 tem
296 4971 451 5035 actn
505 4966 574 5035 in
627 4965 907 5056 negotio
977 4960 1591 5057 Excorporationis
1665 4959 2044 5057 Corporum
2099 4972 2168 5034 et
2219 4961 2657 5036 Districtuum
2716 4986 2810 5035 ex
2861 4962 3275 5035 Provinciali
3330 4959 3418 5034 ad

89 5064 396 5139 Militare
455 5065 778 5138 Localem
843 5062 1412 5139 Commissionem
1484 5067 1626 5138 suis
1687 5063 2033 5137 Limitibus
2090 5076 2415 5140 accurate
2467 5064 3040 5162 distinguendum,
3097 5065 3185 5139 ad
3222 5064 3419 5138 Nor·-

92 5190 284 5241 mam
342 5178 412 5242 et
463 5167 551 5240 ad
602 5171 817 5242 instar
869 5165 1153 5241 aliorum
1208 5166 1433 5262 Regni
1483 5166 1877 5260 Hungariae
1932 5169 2364 5264 Partiumque
2420 5170 2644 5242 eidem
2695 5169 3113 5242 adnexarum
3173 5165 3420 5242 Comi·-

90 5282 360 5345 tatuum
435 5270 777 5345 efformari
830 5282 900 5346 et
951 5275 1018 5345 in
1074 5271 1384 5345 omnibus
1462 5269 1887 5344 conformem
1967 5270 2118 5344 fieri
2170 5271 2469 5368 benigne
2520 5275 2861 5368 volumus.
2966 5271 3198 5368 Atque
3251 5269 3416 5345 ideo

88 5375 413 5452 Politice.
444 5379 730 5471 quaevis
785 5386 855 5449 et
896 5374 1351 5450 Provincialia
1407 5374 1704 5469 objecta,
1757 5374 2148 5451 modalitate
2203 5377 2372 5452 alias
2424 5380 2492 5450 in
2547 5375 2792 5472 Regno
2843 5375 3002 5551 1322
3029 5373 3420 5451 introducta
