3950 5917
3283 400 3439 476 241-

1533 919 2038 1003 cmxln.

1008 1210 1217 1279 Anno
1275 1207 1511 1278 1499.
1565 1211 1678 1280 die
1733 1207 1802 1277 5.
1854 1207 2252 1279 Februarii.
2306 1205 2577 1278 Budae.

55 1523 58 1536 .
169 1468 720 1549 vladislaus
781 1467 981 1549 Rex
1072 1466 1415 1573 Regno
1478 1468 2026 1578 Slavoniae
2119 1469 2265 1573 jus
2329 1466 3054 1573 appellationis
3118 1466 3232 1547 ad
3295 1466 3442 1547 so-

1165 1631 1361 1686 rum
1423 1606 1784 1686 Banale
1872 1607 2423 1685 confirmat.

1990 1865 2362 1927 Commi-uio
2402 1868 2677 1947 propria
2724 1865 2981 1928 Domini
3026 1866 3233 1946 Regis.

447 2057 896 2146 wladislaus,
967 2057 1096 2129 Dei
1150 2062 1384 2151 gracia
1437 2057 1594 2131 Rex
1653 2056 2000 2149 Hungarie
2063 2067 2133 2128 et
2193 2057 2521 2130 Bohemie
2582 2068 2711 2129 etc.
2794 2056 3135 2131 Fidelibus
3188 2060 3443 2131 nostris

169 2163 478 2234 vniuersis
533 2170 605 2233 et
659 2161 943 2254 singulis
1015 2159 1363 2234 Nobilibus
1415 2172 1486 2233 et
1537 2163 1816 2234 alterius
1888 2165 2186 2233 cuiusuis
2258 2171 2473 2234 status
2527 2172 2596 2232 et
2649 2161 3070 2234 condicionis
3142 2182 3444 2255 posses-

170 2266 424 2337 sionatis
492 2263 877 2337 bominibus
948 2268 1168 2337 tocius
1239 2265 1464 2359 Regni
1535 2264 1906 2338 Sclauonie
1978 2266 2264 2337 salutem
2336 2275 2407 2336 et
2457 2269 2778 2359 graciam.
2886 2265 3067 2336 Inter
3119 2265 3248 2337 alia
3302 2286 3442 2338 ne—

168 2369 368 2457 gocia,
417 2391 545 2463 pro
602 2367 841 2463 quibus
895 2366 1136 2440 fideles
1190 2378 1464 2442 nostros
1532 2367 1876 2462 Egregios
1929 2368 2337 2440 Bernaldum
2392 2369 2477 2440 de
2530 2368 2870 2442 Thwrocz
2925 2380 2993 2440 et
3042 2367 3447 2463 Magistrum

55 2477 56 2528 l
166 2467 486 2544 Nicolaum
563 2471 877 2567 Woykfy
949 2471 1032 2543 de
1089 2472 1518 2562 Kereztbwr,
1598 2472 2186 2546 Prothonotarium
2264 2482 2595 2560 vestrum,
2649 2472 2952 2545 Nuncios
3027 2483 3303 2547 vestros
3355 2470 3446 2545 ad
3500 2559 3505 2564 ¹

167 2570 563 2647 Maiestatem
647 2586 947 2648 nostram
1030 2581 1395 2664 miset-atie,
1476 2579 1680 2649 etiam
1760 2580 1826 2648 in
1899 2575 2033 2647 hoc
2103 2576 2440 2648 Maiestati
2520 2587 2754 2649 nostre
2835 2577 3288 2671 supplicastis,
3366 2585 3448 2649 vt

169 2674 478 2774 Egregios
555 2679 994 2774 Stephanum,
1070 2678 1440 2774 Georgium
1496 2691 1564 2753 et
1617 2679 2055 2754 Franciscum
2111 2679 2198 2751 de
2253 2678 2553 2754 Zenche.
2622 2703 2752 2752 nec
2806 2703 2943 2752 non
2998 2679 3442 2775 Stephanum,

55 2775 56 2780 ’
167 2777 518 2854 Ladislaum
577 2793 647 2854 et
697 2783 1109 2855 Ludouicum
1166 2785 1252 2855 de
1305 2782 1554 2870 Peker,
1630 2794 1698 2856 et
1754 2781 2125 2874 Georgium
2200 2781 2600 2878 Castelanl'y
2654 2808 2737 2854 ac
2789 2784 3141 2856 Nicolaum
3197 2784 3444 2881 Acacy

169 2883 239 2954 de
283 2885 708 2976 Zentblelek,
781 2909 903 2982 pro
965 2889 1094 2959 illis
1149 2887 1587 2969 excessibus,
1656 2911 1782 2983 pro
1855 2887 2095 2984 quibus
2164 2910 2294 2962 nos
2351 2898 2586 2961 contra
2642 2891 2832 2983 ipsos
2886 2911 3201 2962 essemus
3254 2887 3443 2962 indi-

55 2999 56 3038 ῑ
166 2994 348 3078 gnati,
399 3001 470 3062 et
520 3012 646 3084 pro
703 2990 943 3086 quibus
997 2995 1197 3064 etiam
1253 2990 1431 3065 bona
1510 3014 1745 3065 eorum
1801 2995 2007 3065 certis
2066 2990 2373 3064 fidelibus
2444 2995 2699 3064 nostris
2772 2977 3303 3081 contuleramus
3371 2995 3443 3064 in

55 3097 56 3100 ’
168 3087 403 3164 Curiam
469 3104 776 3167 nostram
830 3094 1144 3189 Regiam,
1217 3095 1305 3168 ad
1374 3097 1683 3169 standum
1757 3106 1990 3168 contra
2064 3117 2193 3168 nos
2247 3095 2392 3167 Juri
2447 3117 2582 3167 non
2640 3097 3235 3191 compelleremus
3318 3095 3442 3169 sed

168 3197 318 3288 quod
383 3201 752 3291 negocium
825 3197 1204 3272 huiusmodi
1277 3203 1343 3272 in
1392 3203 1751 3295 presencia
1824 3200 1994 3270 Bani
2056 3198 2279 3292 Regni
2333 3203 2547 3271 nostri
2601 3199 2969 3272 Sclauonie
3049 3201 3447 3273 diffiniretur

169 3309 225 3368 et
264 3301 760 3374 diiudicaretur.
869 3301 1200 3397 Quodque
1252 3302 1431 3375 bona
1485 3302 1729 3398 prefati
1782 3301 2064 3395 Georgii
2118 3302 2206 3374 de
2258 3302 2562 3388 Zenche,
2636 3326 2767 3399 que
2821 3326 3001 3375 nunc
3053 3302 3229 3398 apud
3284 3325 3444 3374 ma-

129 3424 268 3475 nus
315 3417 591 3478 nostras
641 3404 995 3497 habentur,
1052 3406 1273 3478 eidem
1328 3410 1592 3480 interim
1648 3411 1893 3479 remitti
1959 3406 2193 3477 facere
2267 3406 2720 3498 dignaremur.
2826 3407 2974 3480 Nos
3038 3428 3201 3478 vero
3256 3417 3442 3478 tam-

55 3513 56 3516 ’
167 3511 272 3578 etsi
334 3511 534 3582 aliter
605 3510 970 3603 superinde
1045 3514 1499 3584 statuerimus.
1603 3511 1860 3583 Tamen
1933 3510 2252 3583 volentes
2304 3514 2375 3581 in
2426 3508 2562 3581 boc
2614 3509 2815 3584 vobis
2888 3510 3323 3606 complacere
3375 3520 3447 3582 et

163 3607 516 3686 huiusmodi
570 3616 892 3708 peticioni
947 3625 1182 3687 vestre
1233 3615 1460 3687 locum
1516 3613 1706 3706 dare,
1763 3617 2065 3687 contenti
2118 3634 2378 3702 sumus,
2451 3623 2527 3684 vt
2578 3617 2941 3707 negocium
2993 3617 3447 3711 prescriptum

165 3719 312 3787 inter
353 3740 482 3790 nos
543 3730 608 3789 et
666 3716 970 3812 prefatos
1039 3717 1351 3808 Nobiles,
1425 3741 1707 3814 quorum
1779 3717 1958 3792 bona
2032 3716 2181 3790 aliis
2253 3717 2685 3806 contulimus,
2752 3739 2889 3789 non
2958 3717 3070 3789 bic
3117 3721 3184 3789 in
3242 3714 3448 3790 Curia

55 3853 56 3856 ¹
163 3830 366 3892 nostra
418 3819 670 3912 Regia,
726 3820 851 3894 sed
906 3844 1141 3894 coram
1192 3822 1383 3896 Bano
1437 3832 1704 3910 vestro,
1760 3831 2083 3917 presente
2153 3822 2359 3895 etiam
2408 3830 2853 3917 procuratore
2906 3829 3169 3905 nostro,
3242 3843 3445 3916 quem

55 3961 56 3986 η
163 3920 294 3993 illac
342 3936 704 4020 propterea
770 3929 1042 3998 missuri
1095 3949 1354 4016 sumus,
1427 3927 1878 4013 discuciatur3
1950 3937 2020 3997 et
2069 3936 2338 4021 postea,
2396 3931 2453 3998 si
2509 3948 2639 4020 qua
2711 3929 2998 4022 partium
3063 3924 3448 3999 huiusmodi

55 4077 56 4108 ἦ
157 4024 399 4100 Judicio
480 4039 799 4102 contenta
856 4052 994 4101 non
1045 4029 1274 4117 fuerit,
1346 4030 1590 4102 eadem
1645 4053 1853 4102 causa
1909 4029 2043 4100 huc
2092 4033 2163 4102 in
2217 4027 2487 4102 Curiam
2540 4041 2844 4103 nostram
2898 4030 3185 4123 Regiam
3257 4034 3444 4103 iuxta

55 4117 56 4176 ³
153 4135 472 4226 antiquam
528 4131 708 4205 illius
758 4132 982 4226 Regni
1038 4131 1601 4207 consuetudinem
1672 4136 2068 4206 remittatur.
2174 4132 2675 4206 Remissionem
2752 4145 2977 4207 autem
3026 4137 3175 4206 siue
3226 4136 3445 4206 resti-

160 4239 473 4308 tucionem
529 4247 1055 4330 preattactorum
1113 4237 1442 4310 bonorum
1498 4237 1654 4310 dicti
1710 4235 1992 4332 Georgii
2043 4236 2373 4332 Zeuchey
2441 4249 2720 4333 propter
2788 4240 3017 4334 plures
3086 4246 3443 4335 respectus

157 4336 369 4414 facere
425 4351 618 4414 certe
672 4362 807 4414 non
860 4363 1246 4437 possumus
1351 4341 1523 4413 Nam
1579 4353 1648 4414 et
1699 4342 1998 4436 alioquin
2077 4342 2381 4437 plerique
2454 4352 2610 4413 sunt
2679 4365 2773 4414 ex
2841 4343 2973 4415 illis
3041 4342 3442 4436 Regnicolis
3516 4386 3523 4393 -

162 4452 414 4530 nostris,
469 4449 829 4539 presertim
881 4468 1055 4518 vero
1111 4445 1380 4518 domina
1435 4446 1670 4518 relicta
1727 4455 1796 4518 et
1847 4445 1988 4518 filie
2042 4445 2329 4517 condam
2384 4442 2651 4518 Nicolai
2703 4446 3102 4535 Borothwa,
3158 4450 3269 4542 qui
3305 4446 3443 4518 ali-

161 4549 298 4638 quid
348 4551 531 4623 Juris
584 4547 674 4619 de
727 4547 1058 4643 aliquibus
1129 4549 1354 4638 boniS,
1426 4573 1557 4646 que
1627 4555 1775 4645 ipse
1840 4548 2182 4640 Georgius
2254 4548 2582 4646 Zeuchey
2650 4551 2981 4644 possedit,
3054 4573 3134 4623 se
3186 4549 3442 4623 habere

158 4650 386 4742 dicunt,
442 4666 511 4726 et
563 4651 721 4724 ideo
773 4676 907 4727 nos
957 4652 1132 4726 bona
1188 4654 1300 4725 illa
1354 4655 1515 4726 nulli
1566 4654 1757 4742 dare,
1813 4654 1938 4727 sed
1993 4676 2077 4726 ea
2113 4657 2182 4725 in
2224 4651 2528 4725 manibus
2584 4657 2837 4727 nostris
2889 4666 3129 4728 tenere
3183 4655 3442 4728 decre·-

161 4758 382 4843 uimus,
438 4779 795 4854 quovsque
850 4756 914 4829 id
971 4758 1058 4830 de
1112 4757 1275 4829 Jure
1331 4756 1761 4830 renidebitur.
1872 4757 2101 4843 Quare
2170 4757 2513 4846 volumus,
2583 4768 2660 4829 vt
2721 4758 2807 4830 ad
2862 4780 3066 4830 vnum
3138 4758 3317 4832 diem
3373 4769 3445 4832 et

163 4856 385 4947 locum,
441 4863 527 4935 ad
579 4882 781 4955 quem
834 4865 1038 4934 etiam
1088 4883 1219 4934 nos
1273 4861 1684 4935 directorem
1739 4883 2099 4935 causarum
2152 4870 2564 4946 nostrarum,
2617 4872 2694 4935 vt
2745 4866 3201 4957 premisimus,
3272 4866 3441 4937 mit—

162 4969 289 5035 tere
366 4966 821 5055 decredimus,
900 4965 1283 5038 huiusmodi
1361 4988 1569 5038 causa
1627 4976 1696 5038 et
1746 4968 2110 5056 negocium
2179 4967 2333 5038 istic
2400 4969 2472 5038 in
2536 4965 2652 5038 illo
2705 4964 2951 5061 Regno
3021 4976 3289 5054 nostro,
3363 4977 3442 5040 vt

165 5066 500 5155 prefertur,
558 5069 842 5144 iuridice
911 5069 1323 5158 renideatur,
1379 5080 1452 5141 vt
1505 5073 1710 5141 etiam
1761 5090 1891 5140 nos
1943 5077 2185 5162 postea
2241 5071 2581 5163 possimus
2636 5072 2822 5142 iuxta
2875 5069 3258 5144 huiusmodi
3307 5092 3437 5143 re·-

168 5172 474 5246 uisionem
527 5173 613 5248 de
667 5173 864 5247 dictis
917 5171 1115 5247 bonis
1186 5173 1574 5267 disponere.
1679 5171 1773 5244 Vt
1823 5181 2050 5243 autem
2102 5174 2252 5265 ipse
2308 5169 2648 5265 Georgius
2702 5173 2792 5247 de
2842 5173 3121 5248 Zencbe
3189 5172 3437 5247 habeat

169 5280 568 5350 securitatem
636 5280 708 5350 in
774 5278 1106 5352 medium·
1142 5279 1357 5350 vestri
1425 5275 1844 5362 transeundi,
1913 5298 2000 5346 ac
2051 5275 2194 5346 Juri
2248 5283 2319 5347 et
2368 5277 2635 5350 iusticie
2704 5277 2953 5368 standi,
3031 5278 3437 5354 admittimus

167 5376 344 5452 vobis
395 5391 466 5453 et
508 5379 939 5480 presentibus
990 5390 1397 5479 potestatem
1455 5379 1732 5453 damus:
1810 5388 1888 5453 vt
1936 5382 2211 5452 nomine
2260 5388 2496 5454 nostro
2549 5378 2775 5476 Regio
2842 5384 3065 5478 ipsum
3134 5403 3435 5460 assecu-

347 5512 500 5579 (νυ-
523 5513 562 5568 1.
597 5514 773 5568 mvn.
806 5524 860 5569 ee
891 5513 1112 5583 uben.)
2921 5485 3014 5560 31
