3950 5917
3305 452 3474 545 asf-

145 676 627 771 prerogatiuam
736 684 806 744 et
858 671 1267 763 libertatem,
1348 676 1419 746 in
1474 696 1605 769 qua
1661 677 2056 746 conseruati
2107 674 2401 749 fuissent
2452 700 2576 773 per
2631 676 2915 750 Sacram
2972 700 3242 773 quoque
3297 681 3458 752 olim

152 775 497 849 Cesaream
569 774 999 872 Regiumque
1050 775 1484 850 Maiestatem
1556 777 1869 873 preclare
1922 783 2255 851 memorie
2309 779 2673 852 Dominum
2741 793 2812 854 et
2865 781 3261 854 Genitorem
3315 805 3460 855 no-

150 889 339 952 strum
391 879 971 969 colendissimum‚
1024 901 1151 976 per
1197 902 1330 952 nos
1384 901 1657 979 quoque
1711 881 2089 954 clementer
2143 880 2501 956 obseruari
2556 883 2812 957 facere.
2923 884 3224 971 Quorum
3281 908 3459 981 sup—

150 982 506 1077 plicacione
561 982 942 1056 clementer
993 979 1314 1056 exaudita
1371 993 1442 1056 et
1487 982 1808 1058 admissa.
1917 982 2136 1069 Quum
2191 1008 2322 1058 nos
2376 1009 2502 1082 pro
2558 991 2857 1084 suscepti
2909 992 3260 1082 regiminis
3314 1012 3458 1062 no-

150 1089 252 1156 stri
300 1085 525 1158 officio
579 1089 905 1160 vniuersa
959 1090 1133 1159 iusta
1193 1096 1262 1158 et
1314 1088 1614 1180 legitima
1673 1086 2095 1161 subditorum
2146 1098 2537 1163 nostrorum
2591 1091 2756 1163 Jura
2813 1101 2882 1163 et
2933 1090 3283 1165 libertates
3335 1097 3456 1165 in-

148 1188 529 1261 uiolabiliter
582 1188 668 1261 ab
741 1187 1053 1264 omnibus
1127 1188 1512 1280 obseruari,
1592 1213 1725 1263 nec
1795 1194 2192 1287 quempiam
2250 1196 2320 1265 in
2393 1196 2496 1267 eis
2545 1193 2867 1288 ‚indebite
2937 1217 3022 1266 ac
3099 1195 3459 1289 illegitime

146 1291 375 1363 turbari
423 1292 768 1365 velimus:
871 1292 1208 1366 Fidelitati
1260 1304 1499 1366 vestre
1556 1304 1625 1366 et
1675 1304 1984 1366 vestrum
2041 1296 2327 1389 singulis
2382 1296 2618 1369 harum
2674 1301 2860 1370 serie
2915 1296 3195 1370 firmiter
3249 1320 3455 1370 com-

144 1399 436 1468 mittimus
513 1405 584 1468 et
636 1395 1062 1486 mandamus,
1141 1407 1473 1492 quatenus
1546 1401 1851 1493 acceptis
1904 1399 2337 1492 presentibus
2393 1409 2463 1471 et
2514 1400 2723 1474 rebus
2780 1405 2907 1491 sic,
2960 1412 3037 1474 vt
3088 1402 3453 1496 prefertur,

144 1497 445 1574 stantibus
502 1508 577 1571 et
631 1522 710 1572 se
762 1497 1199 1588 habentibus.
1247 1510 1667 1572 memoratos
1722 1500 2176 1590 Vicebauum,
2225 1503 2773 1575 Protonotarium
2828 1515 2915 1576 et
2933 1505 3460 1599 Viceprotouo⁶

142 1605 383 1690 tarium,
464 1623 601 1675 nec
654 1625 790 1675 non
845 1603 1343 1676 Vicecomitem
1418 1613 1487 1674 et
1554 1603 1834 1675 Judices
1888 1604 2231 1677 Nobilium
2303 1595 2464 1678 dicti
2516 1607 2741 1699 Regni
2813 1613 3029 1681 nostri
3084 1608 3456 1683 Sclauonie

144 1708 203 1778 in
251 1727 506 1793 eorum,
560 1716 639 1778 vt
684 1710 1091 1801 premissum
1147 1717 1277 1795 est
1335 1711 1606 1801 antiqua
1662 1718 1994 1780 consueta
2046 1707 2363 1781 libertate
2418 1720 2487 1782 et
2537 1716 2972 1805 prerogatiua
3031 1733 3454 1785 conseruare

143 1817 201 1877 et
245 1830 362 1902 per
429 1809 608 1882 alios
665 1813 895 1900 etiam,
968 1832 1253 1904 quorum
1308 1813 1618 1896 interest,
1702 1815 2106 1884 conseruari
2177 1811 2456 1901 facere3
2536 1836 2669 1885 nec
2721 1815 2934 1887 vllum
2988 1837 3270 1887 censum
3326 1838 3453 1889 seu

141 1921 373 2003 texam,
448 1916 522 1985 in
595 1911 881 2010 publicis
935 1913 1540 1987 constitucionibns
1597 1935 2030 2008 expressam,
2103 1937 2145 1987 a
2201 1916 2467 1988 colonis
2538 1919 2840 2012 ipsorum
2895 1915 3229 1990 bonorum
3283 1919 3450 1990 vbi-

142 2037 382 2109 cuuque
433 2019 504 2089 in
545 2016 792 2109 Regno
838 2026 1076 2088 nostro
1115 2015 1485 2089 Sclauonie
1525 2020 2005 2103 existencium
2060 2027 2194 2090 tam
2233 2023 2582 2114 preterite,
2640 2044 2838 2115 quam
2895 2020 3119 2093 future
3172 2031 3334 2092 taxe
3381 2033 3452 2094 et

141 2140 366 2191 census
436 2124 725 2191 racione
780 2124 1071 2213 exigere
1126 2120 1241 2191 vel
1297 2124 1483 2214 exigi
1539 2119 1778 2192 facere
1832 2120 2141 2193 debeatis
2199 2132 2266 2193 et
2340 2127 2730 2195 teneamini.
2839 2123 3063 2199 Secus
3118 2147 3254 2196 non
3328 2125 3451 2196 fa—

139 2226 307 2293 cturi.
411 2222 858 2296 Presentibus
929 2224 1252 2318 perlectis
1328 2223 1677 2295 exhibenti
1746 2228 2094 2298 restitutis.
2201 2225 2447 2297 Datum
2502 2225 2782 2300 Posonii
2852 2231 3194 2322 vigesima
3263 2250 3449 2301 nona

136 2321 273 2395 Julii
324 2326 535 2399 Anno
585 2326 859 2398 Domini
913 2325 1277 2399 Millesimo
1335 2330 1882 2421 quingentesimo
1940 2332 2386 2420 sexagesimo
2443 2333 2754 2425 septimo.

527 2530 1036 2604 Maximilianus
1094 2553 1179 2602 m.
1235 2553 1298 2625 p.

1227 2759 1552 2840 (Sipillnm
1597 2759 1865 2839 Reyium
1911 2770 2338 2840 oppressum.)

1883 2976 2212 3050 Nicolaus
2268 2976 2524 3052 Olahus
2582 2978 3079 3074 Strigoniensis
3137 3007 3220 3055 m.
3276 3007 3340 3078 p.

2096 3156 2439 3251 Georgius
2491 3157 2828 3255 Bochkay
2879 3184 2968 3246 m.
3023 3183 3088 3255 p.

1281 3463 1543 3527 Tenon·
1609 3464 2272 3528 ludorsationis:

416 3679 647 3754 1567.
722 3680 923 3753 Feria
982 3690 1181 3754 sexta
1236 3685 1548 3777 proxima
1617 3691 1776 3777 post
1826 3681 2080 3755 festum
2134 3680 2315 3754 beati
2366 3679 2692 3755 Matthaei
2742 3682 3066 3779 Apostoli
3118 3687 3189 3757 iu
3240 3681 3442 3757 Con-

127 3794 317 3856 uentu
367 3785 682 3880 generali
736 3784 1136 3878 Regnorum
1193 3783 1511 3858 Croatiae
1567 3796 1637 3858 et
1691 3784 2109 3859 Sclauoniae
2163 3794 2570 3882 praesentes
2624 3784 2895 3859 litterae
2951 3792 3439 3883 exemptioua-

126 3886 217 3960 les
268 3886 665 3962 Caesareae
718 3898 788 3959 et
822 3888 1090 3981 Regiae
1132 3887 1514 3961 Maiestatis
1570 3899 2057 3983 praesentatae
2099 3901 2167 3961 et
2205 3889 2550 3963 exhibitae
2607 3900 2763 3964 sunt
2817 3889 3109 3966 dominis
3162 3890 3438 3984 Regni-

38 3981 39 3990 '
129 3990 300 4064 colis.
411 3991 827 4064 Conclusum
885 4003 1019 4081 est
1090 4001 1166 4063 vt
1236 3990 1708 4065 obseruentur.
1818 3992 2126 4066 Joannes
2198 3992 2699 4084 Petricheuich.,
2754 3993 3440 4092 Viceprotonotarius

128 4090 331 4187 Regni
384 4118 593 4167 manu
639 4097 932 4191 propria.

121 4339 251 4413 (hig.
285 4347 336 4399 iu
372 4347 604 4400 Archivo
649 4344 827 4417 Regni
858 4346 1114 4401 croatiae.
1170 4347 1306 4400 Priv.
1342 4346 1404 4400 N.
1446 4348 1562 4400 134.

317 5551 466 5617 (rm
498 5551 535 5606 1.
573 5553 744 5608 rava.
779 5562 832 5607 οι
864 5553 1081 5622 uben.)
2908 5524 3009 5598 36
