3950 5917
3329 418 3506 503 Ᾰ186

1728 926 1739 937 ⁴
1792 942 1908 1028 0·

1220 1282 1288 1291 -·
1402 1204 2231 1336 miser—1391]
2327 1204 2338 1213 ³

164 1538 676 1644 Superius
754 1516 1469 1651 Privileg‘ium,
1504 1514 1873 1646 Regno
1954 1514 2418 1625 croatiae
2494 1564 2535 1617 a
2586 1535 3138 1619 Ludovico
3217 1490 3493 1644 Rege

164 1701 447 1758 anno
514 1675 750 1758 1359
845 1676 1199 1782 datum,
1260 1702 1328 1761 a.
1418 1675 1651 1761 1364
1735 1679 2438 1783 confirmatur,
2530 1686 2829 1781 atque
2912 1701 2954 1756 a
3040 1674 3500 1781 Capitate

977 1790 1485 1897 Casmensi
1578 1814 2747 1898 a.1391transsu1nitur.

504 2086 657 2162 Nos
708 2084 1084 2184 Capitulum
1134 2085 1455 2164 Ecclesia
1493 2038 1984 2183 Zagrabiensis
2035 2091 2370 2164 memorie
2423 2086 2983 2162 commendantes
3029 2097 3276 2162 tenore
3326 2109 3501 2184 pre-

166 2194 491 2270 sentium
541 2190 1004 2286 significamus
1056 2190 1298 2288 quibus
1351 2192 1632 2288 expedit
1680 2194 2063 2268 universis:
2139 2192 2325 2290 quod
2374 2214 2554 2267 auno
2606 2192 2882 2266 Domini
2931 2191 3292 2266 millesimo
3343 2199 3502 2265 tre·-

176 2297 582 2371 contesimo
651 2298 1104 2389 nonagesimo
1173 2299 1417 2391 primo,
1496 2294 1671 2371 feria
1741 2306 1941 2370 sexta
2008 2301 2323 2393 proxima
2388 2307 2552 2393 post
2623 2294 2875 2371 festum
2943 2298 3242 2369 omnium
3308 2291 3501 2370 Sne

172 2410 462 2475 ctorem
534 2402 849 2495 proxime
924 2403 1345 2496 preteritum,
1422 2398 1672 2476 Paulus
1748 2400 1926 2475 filius
2002 2401 2288 2476 Andree
2368 2399 2455 2474 de
2532 2397 2958 2475 Bliznafsfeu
3035 2398 3122 2473 ad
3196 2408 3503 2474 nostram

180 2503 659 2605 personaliter
729 2504 1078 2577 veniendo
1153 2506 1594 2600 presentiam,
1671 2503 1980 2579 exhibuit
2053 2513 2126 2579 et
2174 2508 2598 2601 presentavit
2663 2502 2863 2577 nobis
2932 2501 3258 2599 quasdam
3308 2503 3500 2577 litte-

174 2629 309 2685 ras
378 2607 851 2706 privilegiales
904 2606 1345 2683 serenissimi
1393 2607 1724 2705 Principis
1775 2608 2050 2682 Domini
2098 2608 2373 2683 Domini
2421 2607 2755 2684 Lodovici
2807 2608 2967 2681 olim
3018 2607 3236 2702 Regis
3297 2606 3501 2681 Hun-

167 2713 389 2808 garie
444 2710 669 2784 felicis
739 2720 811 2785 et
878 2711 1284 2787 excellentis
1363 2714 1722 2804 memorie,
1801 2709 2067 2788 duobus
2146 2712 2403 2808 Sigillis
2465 2715 2635 2802 suis,
2704 2711 3031 2785 videlicet
3107 2712 3381 2807 antiquo
3432 2713 3505 2784 in

174 2815 457 2889 Bounia
534 2813 916 2911 deperdito,
996 2825 1067 2888 et
1133 2837 1320 2890 nouo
1396 2824 1558 2912 post
1632 2814 1770 2891 hoc
1837 2826 2185 2914 reparato,
2261 2819 2334 2890 in
2384 2815 2708 2913 pendenti
2781 2818 2972 2890 veris
3024 2824 3096 2890 et
3147 2817 3502 2890 autenticis

176 2921 413 3016 ipsius
483 2917 746 3014 sigillis
815 2919 1150 3015 sigillatas
1167 2971 1194 3011 ,
1270 2921 1343 2992 in
1411 2928 1788 3016 tenoreque
1860 2920 2238 2994 earundem
2310 2943 2444 2994 nec
2521 2919 2770 3016 ubique
2847 2922 3121 2993 vitiatas
3139 2971 3165 3012 ,
3242 2921 3502 2993 tenoris

180 3022 639 3120 infrascripti,
716 3045 873 3095 cum
947 3023 1061 3097 illa
1140 3022 1483 3098 clausula:
1563 3022 1655 3097 ad
1726 3033 2125 3121 perpetuam
2192 3026 2297 3098 rei
2364 3027 2763 3097 memoriam
2841 3033 2974 3097 etc.
3049 3033 3294 3119 petens
3370 3044 3503 3099 nos

184 3148 350 3201 cum
422 3128 772 3218 instantia,
842 3136 917 3200 ut
972 3130 1164 3224 ipsas
1232 3127 1491 3203 litteras
1569 3125 1657 3202 de
1733 3126 1954 3203 verbo
2033 3127 2125 3203 ad
2174 3125 2463 3204 verbum
2529 3126 2927 3203 transscribi
2994 3125 3385 3201 faceremus
3435 3134 3508 3201 et

186 3230 283 3304 ad
326 3233 795 3304 testimonium
844 3240 919 3303 et
968 3229 1174 3304 iidem
1245 3229 1726 3324 firmissimam,
1803 3230 2031 3328 quoad
2098 3240 2411 3305 tenorem
2491 3230 2889 3323 earundem,
2960 3229 3203 3326 Sigillo
3266 3239 3505 3307 nostro

186 3337 792 3428 consignaremus.
879 3332 1093 3427 CuJus
1139 3356 1271 3410 nos
1321 3333 1781 3431 petitionibus,
1841 3344 2075 3431 utpote
2118 3338 2325 3427 iustis
2396 3345 2467 3409 et
2507 3336 2650 3429 juri
2700 3337 3028 3412 consonis
3099 3343 3504 3425 annuentem

9 3452 10 3521 ι
174 3438 658 3536 preallegatas
733 3439 996 3513 litteras
1062 3436 1262 3513 nobis
1320 3449 1753 3537 presentatus
1819 3461 2034 3515 veras
2101 3437 2585 3536 approbantes,
2656 3439 2937 3514 easdem
3008 3437 3096 3512 de
3142 3434 3362 3512 verbo
3414 3436 3506 3514 ad

178 3540 489 3619 verbum
541 3540 941 3619 transscribi
1006 3542 1326 3636 fecimus,
1395 3553 1467 3617 et
1530 3544 1735 3637 sigilli
1802 3546 2020 3618 nostri
2087 3543 2460 3619 authentici
2527 3545 2951 3634 communiri,
3020 3545 3093 3617 in
3158 3539 3363 3616 fidem
3433 3550 3506 3615 et

180 3649 658 3723 testimonium
728 3649 1025 3721 omnium
1112 3646 1716 3743 infrascriptorum.
1823 3647 2124 3737 Quarum
2200 3647 2475 3744 quidem
2540 3648 2916 3721 litterarum
2983 3646 3504 3743 privilegialium

180 3758 397 3826 tenor
452 3753 783 3846 sequitur,
837 3759 909 3823 et
959 3761 1067 3825 est
1117 3750 1320 3825 talis:
1422 3750 1818 3828 Lodovicus
1868 3752 2001 3827 Dei
2050 3756 2271 3845 gratia
2322 3753 2700 3849 Hungarie,
2768 3751 3134 3843 Dalmatio,
3200 3747 3503 3841 Oroatie,

185 3853 446 3945 Bane,
499 3854 750 3929 Servio
802 3852 1113 3940 Gallicie,
1166 3852 1604 3949 Lodomerie,
1662 3852 2018 3945 Comanis,
2067 3857 2525 3953 Bulgarieque
2566 3856 2751 3948 Rex,
2803 3856 3132 3952 Princeps
3184 3854 3501 3931 Salerni·-

182 3968 429 4049 tanus,
481 3968 554 4032 et
601 3958 902 4034 Honoris
951 3956 1206 4033 Montis
1257 3956 1494 4033 Sancti
1542 3958 1799 4055 Angeli
1849 3960 2210 4051 Dominus,
2279 3959 2591 4034 omnibus
2645 3957 2895 4034 Christi
2955 3957 3295 4047 fidelibus,
3361 3966 3503 4030 tan

184 4062 664 4162 presentibus,
718 4085 922 4159 quam
973 4060 1216 4137 futuris
1265 4066 1681 4158 presentium
1733 4067 1989 4138 notiam
2041 4061 2367 4138 habituris
2420 4062 2709 4136 salutem
2760 4066 2830 4136 in
2884 4063 3184 4135 omnium
3234 4058 3499 4134 Salva-

188 4176 373 4242 tore.
430 4166 730 4241 Proinde
778 4166 864 4240 ad
912 4170 1389 4240 universorum
1439 4170 1747 4240 notitiam
1794 4167 2029 4240 harum
2086 4169 2268 4240 serie
2319 4166 2638 4240 volumus
2687 4168 3082 4262 pervenire,
3131 4163 3316 4261 quod
3364 4185 3498 4239 nos

184 4271 286 4345 de
340 4280 523 4346 statu
577 4271 997 4366 tranquiliori
1064 4269 1360 4344 fidelium
1436 4282 1827 4346 nostrorum
1893 4270 2216 4345 nobilium
2291 4270 2620 4344 videlicet
2686 4281 2759 4343 et
2809 4270 3094 4342 aliorum
3164 4290 3501 4364 quorum-

193 4374 369 4449 libet
421 4374 764 4449 hominnm
815 4378 886 4448 in
920 4396 1140 4469 regno
1180 4383 1418 4449 nostro
1455 4374 1828 4450 Sclavonie
1879 4377 2317 4449 existentium
2367 4372 2840 4471 providentes,
2890 4372 3276 4447 huiusmodi
3325 4394 3500 4467 gra·-

194 4484 364 4555 tiam
450 4478 716 4554 eisdem
794 4477 1111 4555 duximus
1188 4478 1704 4554 concedendam
1755 4501 1883 4554 seu
1931 4477 2347 4571 faciendam,
2398 4488 2474 4552 ut
2516 4477 2740 4552 nullus
2810 4479 3086 4551 omnino
3156 4476 3502 4551 bominum

190 4587 397 4681 ipsos
450 4586 523 4654 iu
577 4581 848 4656 Curiam
898 4593 1230 4674 nostram,
1299 4584 1419 4656 vel
1469 4587 1540 4657 in
1593 4584 1970 4678 aliquorum
2023 4584 2228 4656 alium
2276 4582 2591 4658 Judicum
2659 4590 3169 4672 extraneorum,
3223 4603 3317 4654 ex
3367 4583 3500 4656 ista

196 4696 401 4785 parte
454 4685 645 4761 fluvii
686 4687 921 4760 Drave
974 4688 1435 4778 existentium,
1513 4691 1926 4783 presentiam
1989 4691 2204 4761 citare
2252 4688 2510 4776 valeat,
2564 4695 2680 4759 ant
2729 4682 2976 4758 alicubi
3027 4707 3143 4758 res
3198 4695 3270 4758 et
3319 4683 3502 4760 bona

192 4789 586 4864 eorundem
657 4789 1044 4886 prohibere,
1118 4791 1245 4888 sed
1312 4793 1377 4866 si
1444 4794 1556 4888 qui
1605 4814 1759 4864 cum
1819 4790 2083 4866 eisdem
2151 4795 2349 4885 regni
2400 4790 2772 4865 Sclavenie
2841 4786 3226 4864 hominibus
3297 4793 3500 4886 quic—-

195 4917 404 4992 qnam
462 4893 672 4968 habet
721 4897 1035 4985 actionis,
1088 4898 1158 4968 in
1200 4899 1545 5019 presentia
1567 4894 1740 4968 Bani
1789 4898 2003 4991 ipsius
2054 4899 2255 4988 regni
2288 4895 2685 4984 Sclavenie,
2738 4891 2857 4966 vel
2908 4896 3104 4968 vices
3157 4898 3307 4968 eius
3357 4914 3500 4986 ge·-

194 5002 443 5089 rentis,
514 4999 818 5092 legitime
871 5009 1282 5096 exequatur·
1355 5008 1426 5071 et
1475 5002 1537 5074 si
1583 5002 1654 5072 in
1705 4998 1972 5072 Judicio
2025 5001 2239 5094 ipsius
2289 4998 2485 5088 Bani,
2555 4997 2672 5070 vel
2723 4999 2921 5071 vices
2991 5001 3140 5071 eius
3189 4998 3501 5090 gerentis

194 5103 444 5201 uliquis
500 5104 986 5226 querulantium
1018 5106 1424 5199 suspicatus
1470 5101 1701 5193 fuerit,
1756 5125 1890 5176 nec
1940 5111 2301 5176 contentus
2353 5124 2517 5175 esse
2565 5101 2888 5191 voluerit,
2942 5112 3195 5175 extunc
3245 5100 3500 5173 seriem

193 5206 450 5283 «ludicii
502 5228 632 5303 per
678 5210 900 5305 ipsum
945 5207 1234 5299 Banum,
1300 5207 1421 5281 vel
1470 5210 1666 5280 vices
1721 5210 1868 5281 eius
1922 5216 2277 5301 gerentem
2330 5205 2518 5298 sacti,
2582 5209 2650 5279 in
2704 5216 3001 5279 nostram
3057 5212 3128 5275 et
3175 5200 3497 5275 Prelato-

196 5334 349 5389 rum
404 5333 495 5386 ac
544 5308 885 5386 Beronum
963 5322 1355 5388 nostrorum
1404 5315 1843 5407 presentiam,
1924 5317 1992 5383 in
2047 5308 2313 5383 Curiam
2396 5320 2700 5383 nostram
2775 5306 3219 5380 transducere
3270 5306 3505 5379 valeat

199 5426 411 5516 atque
462 5419 689 5514 possit
735 5438 865 5515 pro
919 5415 1408 5507 deliberatione
1461 5413 1685 5490 fienda
1739 5436 1944 5512 super
1993 5413 2259 5489 Judicio
2332 5425 2711 5511 prenotato.
2811 5408 2893 5488 ln
2944 5433 3135 5503 cums
3186 5413 3294 5490 rei
3341 5433 3514 5513 rue-z
