3950 5917
443 336 604 452 224

440 544 566 617 vel
619 554 769 616 arte
819 542 1240 631 auferamus,
1296 543 1423 616 sed
1476 547 1945 639 permittamus
2001 554 2072 617 et
2124 548 2476 640 patiamur.
2586 544 2783 631 Quod
2839 549 3027 617 iuxta
3082 554 3396 618 veterem
3472 566 3793 619 consue-

441 647 747 719 tudinem
803 669 888 719 ac
938 646 1320 732 libertatem
1399 650 1705 740 ipsorum
1784 652 1956 721 certi
2008 647 2095 720 de
2145 671 2383 721 eorum
2465 648 2693 721 medio
2764 670 2890 743 per
2957 652 3149 743 ipsos
3229 652 3643 721 vnanimiter
3698 650 3787 721 ad
3920 743 3921 746 Ἴ

448 750 586 824 boc
629 750 929 844 eligendi
983 760 1055 823 et
1103 749 1468 845 deputandi
1519 751 1704 822 illam
1756 761 2036 824 teneant
2089 763 2159 822 et
2211 762 2646 825 conseruent.
2724 749 3059 846 Quodque
3115 760 3409 825 castrum
3464 751 3788 848 Wysse-

448 853 820 948 gradiense
873 876 997 949 pro
1055 857 1602 926 consetuacione
1654 857 1868 950 ipsius
1909 852 2185 927 Corone
2238 853 2324 926 ab
2363 860 2637 950 antiquo
2693 856 3109 950 deputatum,
3162 854 3248 925 ad
3287 877 3528 926 manus
3581 859 3789 951 ipso-

448 979 599 1029 rum
654 967 1217 1031 consen-natorum
1276 957 1585 1030 eiusdem
1625 954 1900 1031 Corone
1958 958 2103 1029 dari
2160 968 2229 1029 et
2273 962 2615 1052 assignari
2668 957 3024 1030 faciamus.
3080 957 3251 1029 Item
3287 961 3787 1053 promittamuS,

449 1060 631 1155 quod
713 1059 1119 1150 Morauiam,
1199 1083 1334 1133 nec
1411 1081 1548 1132 non
1634 1061 1931 1134 Slesiam
2004 1071 2072 1132 et
2135 1059 2496 1133 Lusaciam
2566 1070 2895 1155 vtrasque
2949 1084 2988 1132 a
3046 1058 3321 1133 Corona
3393 1071 3463 1132 et
3533 1060 3789 1155 Regno

445 1165 797 1257 Hungarie
851 1186 990 1236 non
1044 1162 1517 1253 alienabimus,
1573 1164 1697 1238 sed
1753 1162 1927 1236 infra
1983 1174 2251 1258 tempus
2322 1165 2828 1260 redempcionis
2899 1168 3087 1236 iuxta
3160 1167 3662 1259 inscripciones
3718 1175 3795 1236 et

446 1266 921 1361 obligaciones
975 1267 1146 1340 alias
1199 1271 1269 1340 in
1326 1268 1503 1339 dieta
1561 1265 2006 1340 olomucensi
2059 1267 2308 1354 factaS,
2364 1268 2452 1341 ad
2505 1272 2721 1363 ipsam
2777 1263 3120 1339 Coronam
3174 1267 3526 1360 Hungarie
3582 1290 3787 1343 sem-

443 1392 572 1466 per
624 1369 1032 1458 tenebimus,
1104 1380 1173 1444 et
1226 1374 1285 1444 si
1340 1392 1470 1443 nos
1525 1370 1706 1444 forte
1762 1370 2024 1466 absque
2078 1369 2337 1444 herede
2389 1371 2721 1465 legittimo
2777 1369 3141 1444 decedere·
3176 1374 3634 1464 contingeret,
3691 1375 3788 1442 ita

447 1473 956 1570 prouidebimus
1009 1478 1078 1546 in
1134 1478 1298 1560 uita,
1355 1474 1537 1569 quod
1591 1477 1793 1546 etiam
1850 1484 2008 1569 post
2060 1473 2313 1546 obitum
2367 1485 2677 1548 nostrum
2733 1473 2817 1545 ab
2873 1474 3117 1547 eadem
3175 1471 3446 1547 Corona
3503 1484 3572 1546 et
3621 1472 3787 1546 Re-
3920 1553 3921 1556 Ἴ

446 1600 587 1671 gno
640 1575 815 1649 infra
873 1588 1139 1672 tempus
1193 1578 1701 1673 redempcionis
1756 1577 1882 1651 sub
1939 1578 2167 1672 aliquo
2224 1578 2463 1650 colore
2516 1578 2634 1650 vel
2685 1580 2802 1650 via
2856 1598 2995 1649 non
3049 1577 3447 1648 alienentur.
3518 1576 3611 1648 Et
3663 1582 3787 1649 in-

449 1703 660 1777 super
713 1680 1217 1754 elaborabimus
1271 1690 1343 1754 et
1395 1681 1802 1769 efficiemus,
1858 1682 2042 1775 quod
2080 1703 2212 1754 sex
2263 1685 2601 1768 ciuitates,
2655 1685 2843 1753 iuxta
2897 1690 3098 1775 pacta
3137 1690 3208 1753 et
3246 1680 3788 1776 disposicionem

446 1789 516 1857 in
570 1784 873 1879 predicta
931 1784 1109 1857 dieta
1167 1782 1446 1874 factam,
1500 1787 1717 1859 instar
1768 1785 2032 1857 illarum
2090 1785 2374 1857 aliarum
2426 1783 2941 1857 Prouinciarmn
2997 1806 3077 1857 se
3131 1784 3356 1856 eidem
3408 1783 3659 1877 Regno
3714 1794 3792 1856 et

448 1884 726 1959 Corone
781 1887 1133 1981 Hungarie
1182 1886 1683 1961 inscribent·et
1736 1887 2157 1982 obligabunt,
2215 1898 2286 1959 et
2337 1888 2705 1984 superinde
2776 1887 3038 1960 litteras
3109 1908 3349 1960 eorum
3404 1886 3662 1959 dabunt
3713 1897 3789 1959 et

449 1994 755 2072 emanari
824 1990 1105 2080 facient,
1177 1991 1467 2086 illasque
1523 1991 1610 2063 ad
1663 1991 1938 2065 domum
1992 1991 2560 2070 Thauernicalem
2631 1988 2910 2064 Corone
2979 1989 3332 2084 Hungaria
3402 1994 3641 2085 reponi
3715 2000 3793 2063 et

448 2097 792 2187 assignari
843 2092 1222 2184 faciamus3
1276 2098 1548 2169 sivero
1604 2117 1937 2170 successu
1994 2105 2370 2190 temporum
2426 2094 2692 2191 prefata
2748 2093 3047 2166 dominia
3101 2117 3140 2165 a
3179 2091 3453 2167 Corona
3510 2104 3583 2165 et
3624 2092 3787 2165 Re-

444 2220 585 2292 gno
664 2197 1015 2291 Hungarie
1094 2220 1221 2293 per
1296 2199 1480 2287 illos,
1563 2197 1804 2292 quibus
1885 2202 2075 2271 iuxta
2147 2202 2644 2293 inscripciones
2717 2207 2786 2269 et
2858 2194 3330 2291 obligaciones
3410 2195 3787 2292 superinde

444 2300 695 2390 factas,
748 2305 1100 2397 competit,
1180 2301 1706 2391 redimerentur,
1780 2312 2037 2374 extunc
2104 2302 2285 2373 illam
2358 2311 2573 2373 totam
2643 2323 2974 2374 summam
3046 2304 3341 2397 pecunie
3395 2300 3483 2372 ad
3536 2323 3787 2386 manus

449 2414 1014 2477 conseruatorum
1071 2402 1347 2477 Corone
1402 2405 1489 2477 ad
1533 2403 1970 2499 Wyssegrad
2030 2427 2244 2499 penes
2282 2402 2625 2477 Coronam
2678 2426 2803 2500 pro
2840 2403 3068 2497 Regni
3117 2407 3537 2478 necessitate
3594 2426 3786 2475 con-

446 2508 858 2581 seruandam
914 2511 1378 2603 assignemus,
1434 2509 1844 2603 tandemque
1900 2509 1985 2579 ad
2042 2506 2520 2581 defensionem
2579 2518 2648 2579 et
2699 2507 3054 2580 vtilitatem
3108 2506 3337 2600 Regni
3390 2511 3580 2578 iuxta
3634 2530 3787 2579 vo-

444 2612 771 2684 luntatem
828 2620 898 2683 et
951 2608 1324 2683 Consilium
1380 2610 1804 2684 dominorum
1861 2610 2284 2684 Prelatorum
2343 2622 2412 2683 et
2464 2610 2805 2684 Baronum
2863 2631 3292 2706 exponamus
3349 2621 3417 2682 et
3468 2632 3787 2681 conuer-

446 2724 698 2805 tamus,
782 2724 852 2786 et
905 2713 993 2786 de
1046 2717 1195 2809 ipsa
1250 2719 1541 2810 pecunia
1627 2725 1857 2809 preter
1936 2716 2357 2787 voluntatem
2433 2738 2517 2785 ac
2573 2715 2930 2788 consilium
2987 2723 3056 2786 et
3107 2713 3392 2786 liberum
3473 2736 3787 2808 expres-
3920 2809 3921 2812 Ἴ

452 2839 738 2912 sumque
794 2839 1211 2890 consensum
1295 2818 1670 2890 eorundem
1753 2818 2178 2890 dominorum
2259 2817 2682 2890 Prelatorum
2740 2827 2810 2889 et
2860 2816 3204 2889 Baronum
3259 2817 3439 2889 nulla
3494 2820 3786 2888 racione

447 2921 889 3015 disponamus
957 2920 1294 3014 quidpiam
1350 2921 1468 2993 vel
1522 2943 1828 3014 agamus.
1899 2921 2097 3012 Item,
2154 2920 2335 3016 quod
2385 2943 2479 2995 ex
2534 2943 2666 3015 quo
2720 2920 3026 3017 prefatus
3100 2920 3387 2993 condam
3463 2920 3786 2993 dominus

445 3022 606 3095 Rex
675 3021 1023 3096 Austriam
1099 3034 1167 3095 et
1237 3025 1558 3096 nonnulla
1633 3033 1859 3096 castra
1932 3034 2000 3096 et
2075 3028 2397 3107 ciuitates
2457 3027 2524 3096 in
2599 3024 2829 3113 Stiria,
2912 3022 3253 3095 Carintbia
3310 3034 3380 3095 et
3435 3021 3786 3095 Carniolia

448 3125 775 3200 thesauro
828 3126 1055 3221 Regni
1109 3127 1460 3221 Hungarie
1514 3132 1876 3222 acquisinit
1929 3138 1999 3199 et
2051 3125 2358 3217 obtinuit,
2432 3126 2522 3200 ob
2575 3128 2709 3201 hoc
2761 3130 3230 3222 promittamus
3285 3137 3354 3198 et
3406 3149 3537 3201 nos
3592 3126 3788 3198 obli-
3920 3143 3921 3162 ¹

444 3251 716 3324 gemus,
791 3231 974 3325 quod
1047 3229 1399 3306 Austriam
1471 3235 1690 3327 ipsam
1747 3242 1817 3303 et
1869 3241 2104 3303 cetera
2157 3232 2312 3303 loca
2369 3228 2676 3306 Cesaree
2728 3229 3073 3310 Maiestati
3144 3238 3261 3303 aut
3313 3230 3786 3302 Serenissimo

447 3334 725 3408 domino
776 3332 1244 3407 Romanorum
1299 3334 1479 3428 Regi
1530 3335 1649 3406 vel
1705 3357 1941 3406 eorum
1996 3334 2365 3408 heredibus
2420 3333 2681 3430 absque
2738 3334 3020 3429 speciali
3075 3343 3146 3406 et
3200 3355 3538 3429 expresso
3596 3355 3787 3404 con-

447 3459 655 3510 sensu
715 3447 784 3508 et
835 3436 1051 3509 libera
1106 3438 1459 3511 voluntate
1533 3439 1959 3511 dominorum
2014 3437 2437 3509 Prelatorum
2497 3449 2567 3509 et
2617 3437 2959 3509 Baronum
3032 3458 3374 3532 nunquam
3445 3440 3786 3508 restitua-

443 3563 621 3630 mus,
680 3540 805 3613 sed
859 3551 1216 3614 teneamus
1273 3540 1357 3613 ad
1400 3540 1750 3614 Coronam
1781 3541 2131 3634 Hungarie
2189 3540 2776 3635 defendamusque
2832 3551 2903 3612 et
2952 3550 3264 3611 tueamur
3316 3549 3551 3611 contra
3606 3555 3789 3635 pre-'-
3868 3581 3884 3590 -

448 3643 625 3717 fatas
677 3642 1105 3734 Maiestates,
1158 3667 1293 3742 nec
1349 3646 1573 3740 aliqua
1628 3645 1860 3716 mundi
1913 3648 2027 3717 via
2085 3643 2169 3715 ab
2223 3644 2573 3738 Hungaria
2654 3644 3056 3716 alienemus.
3161 3643 3329 3715 Item
3384 3642 3570 3738 quod
3625 3665 3789 3714 cum

445 3747 644 3820 dictis
725 3746 1196 3822 Maiestatibus
1279 3746 1539 3843 absque
1622 3749 1941 3834 consilio,
2023 3769 2373 3822 consensu
2446 3758 2518 3821 et
2584 3746 2799 3820 libera
2873 3768 3347 3842 expressaque
3425 3746 3788 3818 voluntate

377 3843 390 3860 ’
447 3850 823 3924 eorundem
908 3851 1335 3924 dominorum
1388 3850 1816 3924 Prelatorum
1871 3860 1942 3923 et
1994 3850 2337 3924 Baronum
2395 3849 2762 3946 superinde
2816 3872 2954 3922 non
3010 3849 3541 3938 concordemus,
3597 3860 3668 3920 et
3723 3852 3789 3922 si

442 3954 626 4027 forte
682 3957 1138 4047 contingeret,
1194 3954 1372 4049 quod
1431 3956 1518 4027 de
1573 3977 1814 4029 eorum
1868 3955 2250 4045 voluntate,
2306 3955 2600 4028 consilio
2657 3964 2728 4026 et
2781 3957 3160 4026 annuencia
3219 3952 3593 4026 concordia
3649 3976 3789 4025 se-

448 4068 797 4153 queretur,
869 4057 936 4130 id
1001 4067 1242 4148 totum,
1322 4058 1501 4153 quod
1557 4081 1652 4132 ex
1702 4057 2179 4132 huiuscemodi
2257 4057 2629 4130 concordia
2707 4067 2943 4131 nostra
3026 4060 3297 4129 veniret
3349 4067 3420 4129 et
3473 4055 3789 4140 cederet,

446 4165 508 4235 si
559 4161 628 4234 id
681 4170 866 4234 tetra
921 4172 1037 4233 aut
1090 4161 1786 4257 dominiumaliquod
1842 4160 2066 4252 fieret,
2119 4171 2449 4257 perpetuo
2506 4161 2593 4232 ad
2647 4161 3065 4255 Hungariam
3121 4170 3191 4231 et
3237 4164 3386 4234 eius
3434 4156 3791 4233 Coronam

443 4275 916 4354 annectamus,
997 4266 1416 4361 applicemus
1472 4276 1542 4339 et
1595 4263 2075 4354 inscribamus,
2157 4269 2217 4338 si
2283 4288 2459 4338 vero
2531 4274 2765 4360 parata
2847 4287 2972 4337 seu
3052 4273 3405 4336 numerata
3487 4268 3789 4359 pecunia

441 4367 667 4457 fieret,
719 4369 906 4441 illam
958 4377 1170 4441 totam
1225 4392 1556 4443 summam
1611 4370 1696 4440 ad
1757 4391 1998 4441 manus
2056 4378 2619 4442 conseruatorum
2677 4365 2953 4440 Corone
3005 4367 3090 4438 ad
3144 4366 3589 4463 Wyssegrad
3641 4389 3789 4462 pe-

441 4494 569 4545 nes
626 4468 969 4545 Coronam
1042 4495 1167 4569 pro
1222 4472 1448 4567 Regni
1521 4476 1941 4546 necessitate
2027 4470 2601 4561 conseruandam,
2682 4475 3147 4565 assignemus,
3225 4468 3634 4565 tandemque
3693 4469 3791 4544 ad

444 4574 923 4650 defensionem
978 4586 1049 4648 et
1102 4577 1457 4649 vtilitatem
1509 4576 1736 4669 Regni
1775 4575 2085 4648 eiusdem
2149 4578 2336 4648 iuxta
2389 4575 2813 4648 voluntatem
2865 4584 2936 4648 et
2986 4574 3342 4647 consilium
3402 4571 3793 4647 eorundem

445 4678 874 4752 dominorum
942 4678 1372 4771 Prelatorum
1444 4690 1516 4751 et
1581 4679 1927 4751 Baronum
2000 4700 2430 4774 exponamus
2488 4689 2557 4750 et
2610 4687 3121 4767 conuertamuS,
3193 4675 3280 4750 de
3347 4681 3494 4772 ipsa
3550 4687 3791 4751 autem

443 4786 736 4879 pecunia
816 4793 1050 4880 preter
1126 4783 1551 4857 voluntatem
1624 4791 1693 4855 et
1764 4781 2149 4872 consilium,
2235 4805 2320 4855 ac
2372 4782 2659 4854 liberum
2732 4791 2804 4855 et
2874 4803 3282 4877 expressum
3361 4802 3791 4856 consensum

444 4886 824 4961 eorundem
903 4886 1334 4961 dominorum
1409 4884 1832 4958 Prelatorum
1890 4895 1961 4958 et
2013 4885 2357 4958 Baronum
2430 4886 2627 4958 aliter
2696 4886 2878 4958 nulla
2947 4888 3230 4958 racione
3310 4882 3789 4981 disponamus.

442 4989 615 5064 Item
672 4990 854 5085 quod
924 5012 1051 5086 pro
1124 4992 1365 5063 maiori
1436 5000 1630 5085 parte
1685 4994 1756 5063 in
1808 4989 2159 5084 Hungaria
2231 5012 2659 5078 maneamus,
2738 5000 2813 5062 ut
2866 4987 3292 5062 commodius
3371 4987 3789 5084 faciliusque

444 5092 677 5189 Regni
729 5092 1253 5167 necessitatibus
1302 5094 1667 5167 consulere
1705 5104 1774 5165 et
1808 5093 2174 5190 prouidere
2208 5096 2595 5189 possimus,
2649 5115 2805 5164 cum
2843 5102 3066 5165 autem
3123 5114 3334 5165 causa
3389 5095 3795 5187 requirente

445 5202 646 5272 exire
714 5198 1164 5288 voluerimus,
1241 5197 1555 5293 Regnum
1628 5198 1792 5270 illud
1860 5196 2045 5271 bono
2103 5198 2249 5289 (in)
2306 5196 2548 5270 ordine
2618 5206 2824 5290 atque
2879 5197 3346 5292 disposicione
3415 5196 3788 5290 relinqua—

444 5322 598 5375 mus
651 5323 876 5397 vsque
930 5301 1019 5374 ad
1071 5300 1346 5377 felicem
1399 5313 1708 5379 nostrum
1760 5301 2074 5375 reditum.
2179 5300 2349 5373 Item
2404 5300 2586 5396 quod
2640 5299 2796 5372 dum
2843 5302 2910 5371 in
2946 5299 3295 5394 Hungaria
3348 5297 3784 5373 manebimus
