3950 5917
3330 439 3444 526 87

1605 1061 1922 1145 ml.

1079 1377 1289 1448 Anno
1350 1374 1587 1449 1246.
1648 1374 1721 1448 6.
1778 1375 1944 1447 Kal.
1999 1373 2430 1449 Decembris.

130 1630 317 1714 Bela
401 1633 529 1716 IV.
632 1631 839 1716 Rex
928 1633 1414 1717 Demetrii
1521 1635 1637 1716 de
1731 1662 2108 1743 genere
2200 1636 2403 1717 Aba
2497 1639 2587 1717 in
2681 1663 2973 1719 sacra
3075 1654 3438 1723 contra

128 1771 660 1854 Saracenos
745 1773 1398 1878 expeditione
1479 1800 1588 1853 ac
1652 1775 1851 1856 filii
1932 1777 2150 1883 ejus
2229 1774 2782 1857 Alexandri
2877 1781 2967 1857 in
3046 1787 3434 1886 pugnis

128 1923 413 1991 contra
495 1910 980 1991 Tartaros
1061 1914 1505 2017 insignia
1576 1917 1917 1993 merita
2001 1925 2475 1994 recenset
2536 1939 2644 1993 ac
2704 1916 2987 1996 villis
3050 1916 3430 1998 Adrian

1100 2061 1193 2128 et
1266 2049 1623 2130 Csatar
1702 2062 2410 2131 remuneratur.

371 2318 541 2393 Bela
609 2319 747 2392 Dei
801 2322 1020 2413 gratia
1071 2319 1494 2416 Hungariae‚
1547 2320 1970 2412 Dalmatiae,
2029 2317 2376 2416 Omanae,
2432 2321 3042 2416 Sclavoniae.,
3097 2321 3430 2419 serviae,

130 2415 403 2515 ethnae,
452 2419 930 2498 Lodomeriae
984 2430 1056 2496 et
1108 2419 1482 2496 Cumaniae
1531 2421 1693 2497 Rex
1747 2434 1879 2497 eto.

130 2646 259 2715 reite.
288 2649 451 2707 Codex
484 2651 633 2724 Dipl.
673 2652 845 2723 Regni
880 2652 1053 2724 flung.
1086 2653 1142 2706 Τ.
1178 2652 1261 2707 w.
1296 2652 1401 2708 vol.
1438 2651 1521 2707 ΙΠ.
1556 2668 1680 2724 pag.
1716 2651 1837 2707 ⁴1¹7.

124 2849 209 2923 (ln
244 2851 403 2917 hocce
443 2856 637 2920 titulo
687 2851 828 2916 Sc!
840 2871 881 2916 a
900 2856 1101 2917 noni
1115 2873 1160 2917 a
1204 2854 1406 2935 Requi
1449 2857 1708 2918 nominc
1745 2856 2028 2936 primum
2071 2857 2375 2935 occurrit,
2419 2853 2591 2936 quod
2633 2867 2946 2939 nusquam
2990 2855 3107 2919 sub
3145 2853 3428 2937 Refibns

1015 2957 1436 3042 Arpadianae
1480 2968 1540 3021 ee
1581 2959 1820 3022 mixtae
1874 2960 2100 3040 stirpis
2143 2960 2490 3037 invenias.)

1611 3587 1898 3672 mv.
1948 3531 1984 3538 ”

906 3903 1115 3974 Anno
1175 3900 1414 3991 1248,
1486 3903 1601 3975 die
1674 3901 1804 3975 29.
1855 3901 2123 3974 Martii.
2226 3902 2568 3999 Luqdum‘.

115 4181 734 4273 Innocentius
797 4186 925 4269 lv,
1019 4189 1102 4271 P.
1184 4190 1283 4271 M.
1379 4195 1868 4296 episcopo
1963 4189 2513 4293 Segniensi
2608 4186 3155 4293 (Philippo)
3250 4189 3414 4268 dat

112 4331 466 4424 petitam
548 4329 1142 4410 facultatem
1205 4327 1543 4409 divina
1609 4328 1969 4407 officia
2033 4326 2467 4430 slavice,
2551 4325 2895 4404 littera
2961 4327 3406 4433 glagoli-

1286 4471 1521 4572 tica,
1587 4464 2202 4547 celebrandi.

363 4755 725 4856 Episcopo
780 4752 1165 4831 Sceuiensi.
1219 4756 1549 4830 Porrecta
1602 4752 1802 4830 nobis
1869 4766 1984 4829 tua
2038 4757 2276 4852 petitio
2330 4750 2759 4844 continebat,
2831 4752 3014 4850 quod
3064 4754 3137 4828 iu
3189 4750 3410 4829 Scla-

112 4860 275 4929 tonia
321 4872 427 4935 est
475 4863 687 4935 litera
740 4861 1088 4957 specialis,
1146 4883 1347 4957 quam
1399 4862 1613 4955 ipsius
1685 4869 1914 4933 terrae
1986 4860 2224 4932 clerici
2272 4879 2352 4932 se
2418 4854 2678 4933 habere
2732 4879 2773 4929 a
2826 4855 2895 4930 h.
2975 4856 3408 4954 Hieronymo
3527 4939 3532 4944 ¹

112 4973 457 5041 merentes
511 4988 678 5040 eam
750 4963 1123 5040 obser-nant
1172 4968 1244 5038 in
1313 4962 1566 5040 divinis
1636 4961 1889 5038 officiis
1943 4961 2374 5036 celebrandis
2396 5012 2422 5052 ‚
2491 4960 2676 5034 unde
2746 4969 2823 5036 ut
2869 4961 3005 5036 illis
3075 4959 3412 5033 efficiaris

112 5064 433 5141 conformis
486 5079 561 5142 et
615 5072 689 5142 in
735 5077 967 5142 terrae
1021 5066 1615 5158 consuetudinem,
1669 5070 1740 5140 in
1791 5087 1923 5162 qua
1981 5067 2306 5140 consistis
2378 5067 2775 5161 episcopus,
2831 5062 3227 5137 celebrandi
3279 5060 3406 5132 di·-

110 5165 233 5238 vim
278 5171 656 5247 secundum
709 5171 956 5245 dictam
1027 5173 1292 5246 literam
1348 5191 1389 5244 a
1442 5169 1641 5244 nobis
1692 5171 2087 5267 suppliciter
2135 5171 2483 5242 licentiam
2537 5170 2916 5264 postulasti.
2994 5164 3145 5237 Nos
3196 5166 3414 5256 igitur

112 5272 513 5361 attendentes,
570 5274 759 5371 quod
815 5295 1045 5349 sermo
1100 5278 1203 5348 rei
1258 5286 1328 5350 et
1387 5295 1524 5349 non
1600 5293 1717 5348 res
1790 5283 1898 5349 est
1962 5276 2264 5346 sermoni
2319 5271 2673 5366 subjecta,
2752 5272 3102 5342 licentiam
3157 5265 3279 5338 tibi
3331 5270 3410 5339 in

114 5367 214 5448 ilis
259 5377 603 5453 dumtaxat
658 5378 771 5453 ubi
826 5376 914 5454 de
977 5378 1473 5455 consuetudine
1527 5376 1980 5455 obseruantur
2028 5380 2393 5475 premissa,
2465 5373 2832 5450 dummodo
2907 5371 3252 5448 sententia
3308 5391 3408 5444 ex

2873 5499 2972 5572 9⁴}
