3950 5917
3370 404 3524 522 299

178 615 438 704 dicant,
496 626 567 688 et
617 614 704 686 ad
759 637 970 687 vnum
1022 611 1229 701 diem,
1285 636 1409 708 per
1463 615 1655 708 ipsos
1709 611 2207 708 prefigendum,
2264 614 2781 684 vniuersitatem
2846 621 3177 697 vestram,
3250 613 3529 688 nemine

179 719 458 812 penitus
514 727 812 812 excepto
866 718 1325 813 personaliter
1378 725 1790 790 conuocent.
1894 715 2329 810 Requirimus
2412 718 2616 807 igitur
2685 713 3051 787 fidelitates
3104 721 3378 787 vestras
3455 721 3525 788 et

177 820 588 906 mandamus
641 821 847 895 vobis
903 831 974 892 et
1024 823 1392 916 vnicuique
1447 828 1755 891 vestrum
1809 818 2047 890 harum
2104 821 2288 891 serie
2361 819 2815 904 strictissime„
2888 825 3224 911 quatenus
3297 811 3522 896 habita

175 927 618 1017 presencium
674 926 954 1011 noticia,
1034 926 1223 994 iuxta
1305 925 1836 1018 requisicionem
1917 931 1987 993 et
2039 920 2608 994 informacionem
2689 918 3145 1015 prefatorum,
3188 915 3525 993 Johannis

175 1026 373 1098 Tbuz
432 1024 521 1102 de
569 1025 714 1098 Lak
768 1036 838 1098 et
888 1024 1188 1104 Ladislai
1239 1026 1436 1116 Bani,
1510 1026 1598 1097 ad
1652 1024 1831 1097 diem
1886 1034 1957 1097 et
2009 1025 2264 1114 locum,
2346 1046 2549 1118 quem
2630 1026 2757 1118 ipsi
2810 1020 3012 1095 vobis
3096 1017 3521 1117 prefixerint,

177 1132 590 1215 conuenire,
646 1140 716 1201 et
769 1127 1329 1223 congregatione
1378 1127 1632 1216 habita,
1715 1150 1847 1200 vos
1899 1131 2029 1222 ipsi
2085 1149 2633 1222 vnumquemque
2688 1135 2825 1197 tam
2869 1123 3263 1219 Magnatem
3319 1145 3522 1220 quam

178 1230 501 1304 Nobilem
560 1234 865 1306 cuiusuis
922 1243 1136 1304 status
1192 1242 1261 1303 et
1314 1230 1741 1304 condicionis
1795 1234 2388 1327 possessionatum
2443 1230 2789 1302 hominem
2844 1250 3372 1319 connumerare,
3455 1233 3525 1302 et

173 1345 347 1428 quot
402 1337 694 1429 quisque
765 1334 1079 1408 homines
1134 1334 1221 1406 ad
1276 1332 1753 1408 defensionem
1810 1344 1880 1404 et
1934 1337 2533 1408 conseruationem
2607 1337 2757 1406 eius
2827 1332 3054 1426 Regni
3123 1327 3342 1406 nostri
3393 1339 3523 1427 'pro

175 1436 512 1510 facultate
593 1437 961 1532 disponere
1034 1442 1277 1533 possit,
1361 1436 1651 1509 fideliter
1731 1447 2130 1532 computare
2184 1448 2254 1510 et
2306 1441 2629 1508 estimare
2711 1433 3048 1526 debeatis,
3129 1435 3523 1507 decernatis

177 1562 456 1635 qnoque
512 1539 639 1613 sub
690 1562 874 1636 pena
926 1539 1178 1630 debita,
1251 1551 1326 1613 vt
1378 1545 1568 1612 iuxta
1624 1541 2305 1612 connumerationem
2360 1550 2429 1612 et
2482 1529 3016 1636 disposicionem
3071 1547 3378 1611 vestram
3428 1560 3520 1611 eo

177 1665 502 1732 numero,
577 1665 710 1738 quo
766 1666 901 1715 vos
956 1648 1023 1715 in
1079 1666 1162 1715 ea
1222 1642 1782 1738 Congregatione
1863 1643 2273 1734 indixeritis,
2356 1647 2669 1739 quotiens
2725 1664 2849 1738 pro
2904 1639 3315 1716 defensione
3370 1645 3519 1715 eius

173 1744 408 1840 Regni
480 1751 700 1819 nostri
781 1757 1228 1842 opportunum
1313 1746 1542 1837 fuerit,
1623 1750 2091 1842 vnusquisque
2172 1747 2627 1841 personaliter
2706 1751 3069 1840 insurgere
3150 1743 3399 1817 debeat
3453 1758 3522 1816 et

173 1857 515 1921 teneatur.
623 1849 957 1924 Volumus
1013 1860 1265 1935 autem,
1319 1860 1396 1921 vt
1449 1853 1516 1922 in
1571 1849 1815 1921 eadem
1872 1846 2429 1942 Congregatione
2503 1860 2737 1922 vestra
2812 1853 2957 1944 pari
3023 1849 3376 1920 voluntate
3452 1861 3521 1919 et

177 1957 527 2046 communi
598 1953 887 2026 consilio
943 1975 1159 2048 penes
1214 1953 1473 2026 Banum
1555 1963 1865 2026 nostrum
1944 1975 2152 2025 vnum
2237 1954 2505 2046 eligatis
2591 1951 3037 2048 Capitaneum
3119 1953 3520 2047 specialem,

177 2059 294 2148 qui
346 2053 555 2128 vobis
636 2059 858 2149 magis
937 2056 1230 2131 idoneus
1312 2054 1690 2144 videbitur3
1772 2060 1884 2152 qui
1937 2078 2075 2128 vna
2131 2078 2282 2127 cum
2338 2059 2489 2152 ipso
2545 2055 2736 2127 Bano
2810 2065 3048 2128 nostro
3132 2054 3521 2127 defensioni

174 2167 418 2230 vestre
475 2158 755 2231 assidue
808 2160 1196 2253 inuigilare,
1253 2171 1323 2231 et
1374 2164 1690 2255 quotiens
1747 2169 2193 2254 opportunum
2250 2157 2456 2247 foret,
2531 2163 2717 2231 iuxta
2785 2159 3317 2253 disposicionem
3372 2181 3516 2229 ve-

173 2272 386 2332 stram
473 2283 715 2335 omnes
771 2261 856 2333 ad
912 2262 1398 2355 insurgendum
1483 2263 1927 2358 compellere,
2005 2284 2275 2357 vosque
2332 2274 2400 2335 et
2451 2263 2771 2357 Regnum
2856 2262 3014 2333 illud
3080 2260 3164 2332 ab
3221 2262 3515 2334 hostium

26 2396 35 2429 ÷
167 2362 683 2437 incursionibus
765 2386 1145 2460 precauere
1226 2365 1475 2438 debeat
1546 2375 1617 2438 et
1668 2364 2061 2438 defensare.
2168 2366 2438 2439 Interea
2512 2388 2712 2454 vero,
2767 2376 2844 2439 vt
2897 2387 3029 2437 vos
3085 2375 3156 2437 et
3206 2367 3517 2438 vniuersi

26 3782 36 4315 ᾧ

175 2466 565 2560 Regnicole
639 2471 788 2541 eius
863 2468 1091 2562 Regni
1161 2472 1379 2542 nostri
1452 2472 1641 2543 vires
1699 2490 1786 2541 eo
1840 2467 2110 2541 facilius
2181 2490 2535 2542 resumere
2593 2481 2661 2541 et
2714 2466 3102 2541 defensioni
3175 2470 3517 2541 communi

173 2591 261 2642 eo
319 2569 703 2643 feruentius
756 2571 1115 2644 intendere
1171 2576 1449 2667 possitis
1506 2582 1577 2645 et
1627 2572 1930 2654 valeant,
1986 2572 2051 2643 id
2110 2595 2201 2644 ex
2260 2573 2541 2668 speciali
2616 2576 2850 2665 gracia
2908 2581 3143 2645 nostra
3197 2571 3513 2670 duximus

170 2671 377 2744 vobis
434 2674 895 2766 annuendum,
961 2685 1038 2746 vt
1089 2673 1247 2746 hinc
1302 2675 1388 2747 ad
1445 2686 1734 2769 quatuor
1788 2697 2119 2747 annorum
2177 2680 2481 2771 spacium
2538 2674 2622 2748 ab
2683 2680 2865 2748 omni
2937 2675 3295 2748 solucione
3350 2684 3512 2746 taxe

171 2780 476 2871 exempti
560 2779 709 2849 sitis
784 2788 854 2849 et
905 2781 1177 2874 penitus
1261 2783 1656 2874 supportati.
1764 2778 2013 2850 Datum
2069 2782 2137 2850 in
2195 2782 2468 2851 ciuitate
2550 2790 2782 2850 nostra
2868 2775 3361 2872 Corneuburgh
3446 2783 3512 2849 iu

173 2876 355 2952 sesto
436 2877 622 2952 beati
701 2878 888 2952 Luce
968 2880 1441 2975 Euangeliste,
1523 2882 1730 2954 Anno
1789 2881 2062 2954 Domini
2143 2882 2507 2956 Millesimo
2565 2937 3171 2955 .............
3203 2885 3513 2974 agesimo

169 2984 494 3077 septimo,
548 2981 950 3076 Regnorum
1006 2994 1399 3058 nostrorum
1452 2985 1805 3078 Hungarie
1860 2995 1990 3058 etc.
2049 3007 2229 3059 anno
2288 2989 2657 3081 vigesimo,
2715 2983 3046 3059 Bohemie
3086 3010 3177 3057 ve
3208 3037 3468 3058 ......

1013 3186 1334 3266 (8ἰ9ἱ11ηηι
1380 3185 1646 3267 Reyt‘um
1718 3206 1904 3248 cerae
1955 3187 2194 3249 rubrae
2242 3187 2668 3268 impressum.)

169 3389 436 3461 0ιὶρωΙο
471 3394 526 3444 in
563 3390 793 3446 Archtvo
828 3391 999 3462 Regni
1036 3391 1292 3448 Croniae.
1330 3393 1464 3446 Priv.
1501 3392 1562 3445 N.
1601 3395 1686 3446 ⁴5.

1593 3946 2076 4029 (JXIAEV.

267 4234 478 4306 Anno
534 4209 770 4304 3468.
828 4233 1198 4305 Subballio
1245 4254 1457 4328 prosc.
1508 4241 1672 4329 post
1720 4237 1972 4324 festum
2029 4235 2105 4306 S.
2139 4236 2523 4306 Francae'sce'
2564 4237 3027 4328 confessoris.
3088 4242 3401 4313 Posom'e‘.

155 4494 574 4576 Bathias
636 4494 843 4576 Rex
918 4496 1368 4576 omnibus
1431 4494 1751 4602 Regni
1815 4501 1964 4576 sui
2032 4499 2586 4579 Slavoniae
2682 4508 3499 4604 possessionatis

157 4632 719 4715 bominibus
815 4640 1369 4739 praecipit,
1465 4647 1563 4714 ut
1656 4634 2131 4740 decimas,
2239 4635 2737 4742 Episcopo
2833 4638 3497 4746 Zagrabiensi

1307 4771 1742 4877 debitaS,
1818 4787 2356 4878 praestent.

2041 5047 2417 5107 Commi-uio
2458 5050 2735 5127 propria
2776 5053 3043 5112 Domini
3080 5048 3289 5131 Reqt's.

467 5230 792 5322 Hathias,
870 5232 1003 5305 Dei
1081 5236 1318 5327 gracia
1397 5232 1559 5304 Rex
1636 5232 2013 5326 Hungarie,
2096 5234 2473 5327 Dalmacie,
2555 5237 2848 5314 Croacie
2910 5253 3042 5316 etc.
3149 5243 3494 5318 Fidelibns

157 5342 406 5414 nostris
482 5336 830 5410 vainei-sis
887 5347 960 5410 et
1011 5336 1299 5432 siugulis
1379 5333 1734 5410 Nobilibus
1788 5347 1859 5410 et
1912 5338 2194 5412 alterius
2275 5343 2575 5416 cuiusuis
2658 5353 2874 5419 status
2953 5350 3491 5442 possessionatis

352 5487 518 5556 (rm
551 5484 593 5538 ι.
627 5485 802 5539 mvn.
838 5496 890 5539 et
925 5486 1145 5555 men.)
2972 5466 3073 5540 27
