3950 5917
10 3613 13 3670 l

3267 401 3432 536 ²46²?

150 749 159 758 .
414 666 739 761 Legalem
804 665 980 738 hanc
1040 676 1108 740 et
1162 688 1332 737 vere
1384 662 1765 738 Maternam
1818 664 2201 739 Maiestatis
2254 663 2552 740 Vestrae
2607 661 3132 743 Sacratissimae
3184 671 3435 768 provi-

100 772 430 859 dentiam,
506 770 695 842 velut
748 771 1187 864 caeteroquin
1246 768 1333 839 ad
1388 767 1703 841 effectum
1759 768 1984 863 Regni
2040 769 2298 862 Legum
2354 773 2538 843 circa
2596 793 2861 861 eorum,
2916 785 3107 866 quae'
3147 771 3235 846 ad
3288 769 3436 845 Sa?—

99 897 289 946 cram
346 873 571 967 Regni
640 872 1034 967 Hungariae
1090 870 1432 945 Coronam
1498 873 1745 967 jurane
1797 870 2025 967 Regni
2078 875 2443 968 pertinent,
2491 873 3074 972 reincorporanda
3126 874 3432 972 Legibus

97 976 326 1069 Regni
399 979 762 1050 constituta
833 982 993 1050 sunt
1060 996 1214 1048 cum
1285 972 1534 1047 effectu
1602 973 1904 1068 benigne
1976 983 2049 1048 et
2097 984 2409 1050 materne
2476 969 3032 1073 praesusceptam
3104 977 3191 1050 de
3244 1001 3432 1074 genn

100 1080 474 1151 humillime
547 1081 961 1152 veneramur
1033 1087 1105 1152 et
1170 1076 1514 1151 Maiestati
1564 1075 1864 1152 Vestrae
1933 1076 2462 1153 sacratissimae
2512 1077 2851 1154 Dominae
2919 1091 3202 1155 nostrae
3256 1079 3432 1155 Cle-

101 1185 574 1255 mentissimae
625 1181 1047 1255 immortales
1102 1189 1170 1254 et
1240 1183 1310 1253 in
1378 1184 1620 1254 animis
1673 1184 1928 1256 nostris
1998 1204 2342 1277 nunquam
2411 1185 2949 1256 intermorituras
3020 1184 3427 1260 humillimas

102 1291 371 1380 agimus
425 1288 711 1379 gratiaS,
766 1285 1037 1358 devotis
1086 1284 1354 1357 Animis
1410 1293 1481 1356 et
1514 1283 2013 1378 h'omagialibus
2067 1290 2253 1359 votis
2306 1289 2561 1361 nostris
2613 1287 2681 1358 id
2718 1297 3171 1382 exoptantes3
3206 1296 3280 1361 ut
3314 1288 3433 1360 al-

100 1392 365 1461 tissime
422 1392 674 1460 intenta
731 1397 1188 1484 susceptaque
1234 1387 1643 1460 Commercii
1688 1392 2034 1483 ¹promotio
2090 1411 2184 1461 ex
2220 1399 2414 1484 parte
2466 1411 2738 1484 quoque
2791 1399 3027 1464 nostra
3080 1394 3434 1488 pro‘omni

98 1496 349 1563 virium
396 1491 843 1586 possibilitate
897 1487 1373 1585 ho‘magialiter
1434 1490 1901 1581 secundanda,
1955 1492 2241 1565 effectus
2306 1515 2506 1587 quam
2544 1494 3006 1588 optatissimos
3058 1493 3432 1589 producat;

102 1595 493 1666 firmissima
548 1599 617 1666 in
671 1595 932 1690 reliquo
988 1616 1114 1688 spe
1166 1604 1506 1679 tenemur,
1563 1593 1741 1689 quod
1793 1593 2123 1669 Maiestas
2168 1593 2422 1670 Vestra
2476 1595 2954 1671 sacratissima
3007 1619 3132 1692 pro
3187 1605 3434 1671 tenore

98 1697 328 1790 Regni
377 1697 636 1791 Legum
712 1697 796 1769 ab
853 1696 1164 1771 omnibus
1234 1697 1690 1789 illegabiiibus
1744 1698 2221 1772 exactionibus
2275 1697 2696 1793 Regnicolas
2767 1702 2835 1771 in
2907 1697 3428 1775 antelatis-Co-

100 1804 512 1872 merciorum
567 1801 741 1874 locis
805 1804 1140 1873 immunes
1196 1803 1598 1874 conservari
1652 1800 1889 1873 facere
1941 1802 2477 1875 clementissime
2531 1800 2934 1896 dignabitur.

414 1901 671 1976 Verum
726 1907 881 1999 quia
934 1913 1128 2000 parte
1174 1902 1259 1976 ab
1297 1927 1429 1977 una
1485 1903 2360 1999 praenotatae*Maritimae
2411 1916 2670 2001 partes,
2717 1906 2908 1977 Bona
2964 1910 3209 2001 quippe
3255 1905 3418 1979 Ma-

100 2011 345 2079 rittima
399 2005 1259 2102 Frangepano-Zrinyana'
1311 2008 1456 2099 jam
1513 2011 1580 2079 in
1637 2006 1926 2080 exordio
1982 2008 2095 2080 hic
2144 2018 2218 2081 nt
2268 2010 2553 2104 primum
2605 2008 2932 2081 videlicet
2982 2012 3052 2082 in
3107 2007 3424 2084 Succes-

104 2114 370 2181 sionem
448 2121 519 2182 et
579 2109 779 2203 Regii
830 2109 1208 2201 Majestatis
1261 2107 1559 2184 Vestrae
1615 2110 2141 2184 sacratissimae
2208 2111 2396 2185 Fisci
2473 2132 2716 2186 manus
2796 2112 3120 2184 devoluta
3204 2124 3428 2205 erant,

99 2235 223 2308 per
275 2213 656 2285 Articulum
712 2211 834 2286 71.
897 2212 1125 2304 1681,
1183 2222 1398 2285 tractu
1452 2235 1626 2287 vero
1681 2219 2007 2310 temporis
2046 2237 2185 2313 per
2237 2214 2360 2287 44.
2419 2212 2649 2307 1715,
2722 2213 2845 2288 94.
2904 2214 3104 2287 1723
3161 2238 3244 2288 ac
3300 2215 3423 2289 52.

106 2314 299 2388 1741
364 2317 763 2390 articulares
819 2311 1169 2391 Diaetales
1222 2315 1748 2408 conclusiones,
1804 2317 2273 2393 communibus
2327 2316 2625 2412 legibus,
2698 2316 3022 2393 oneribus
3078 2329 3146 2391 et
3197 2318 3425 2415 Regni

92 2418 549 2511 jurisdictioni
624 2419 958 2510 subjecta,
1031 2443 1235 2506 nunc,
1310 2420 1467 2493 dum
1519 2417 1765 2512 Regno
1818 2423 2368 2518 incorporantur,
2435 2425 2732 2494 maxima
2806 2426 2910 2495 sui
2964 2425 3033 2494 in
3086 2433 3280 2520 parte
3335 2422 3420 2495 ab

98 2527 247 2616 ipsa
302 2521 532 2616 Regni
585 2532 654 2595 et
705 2523 963 2617 Legum
1034 2513 1547 2615 jurisdictione'
1586 2521 1885 2597 abstrahi
1941 2535 2011 2595 et
2063 2527 2400 2619 privative
2456 2528 2742 2622 cuipiam
2801 2523 3194 2598 Guberniali
3247 2525 3422 2598 Flu-

98 2628 394 2698 minensi
442 2627 795 2699 directioni
844 2628 1200 2718 ,reservari
1239 2650 1322 2697 ac
1359 2623 1645 2718 subjici3
1723 2637 1915 2722 parte
1968 2649 2143 2700 vero
2191 2625 2275 2702 ab
2324 2628 2537 2701 altera
2590 2628 2830 2700 horum
2882 2631 3121 2701 intuitu
3172 2629 3421 2721 Regno

97 2731 688 2825 incorporatorum
783 2731 1230 2825 aequivalens
1288 2753 1381 2801 ex
1433 2730 1643 2802 altera
1719 2732 1965 2803 actuali
2018 2732 2245 2823 Regni
2306 2730 2782 2822 jurisdictione
2838 2755 2877 2802 a
2932 2730 3132 2804 nobis
3203 2755 3422 2828 prae-

101 2831 412 2905 standum
470 2845 564 2904 e'x
614 2833 966 2906 tenoribus
1035 2832 1344 2924 ejusdem
1401 2831 1676 2926 benigni
1728 2837 2044 2931 rescripti
2093 2835 2571 2929 intelligimus:
2626 2856 2766 2906 non
2819 2856 3184 2929 possumus
3238 2857 3422 2908 con-

98 2941 371 3031 ceptum
428 2936 679 3008 exinde
734 2940 939 3008 animi
992 2959 1270 3010 sensum
1326 2959 1464 3009 non
1519 2937 1912 3031 explicare3
1966 2961 2050 3009 ac
2105 2941 2344 3012 intuitu
2397 2937 2668 3034 quidem
2722 2937 3019 3030 Legibus
3072 2938 3300 3034 Regni
3354 2948 3425 3010 et

97 3038 568 3133 Diplomaticis
607 3039 841 3112 Sacris
897 3040 1551 3130 assecurationibus,
1603 3044 1673 3113 in
1712 3040 2013 3112 articulis
2071 3043 2272 3112 etiam
2328 3039 2399 3113 3.
2455 3039 2654 3114 1715
2710 3051 2781 3113 et
2830 3042 2900 3113 8.
2959 3039 3154 3115 1741
3197 3043 3425 3140 palam

98 3146 483 3236 expressis,
538 3153 952 3238 praecautae
1005 3147 1142 3215 imo
1195 3142 1426 3216 Nobis·
1463 3145 1742 3237 ignotae
1800 3141 2230 3217 Gubernialis
2312 3143 2941 3236 administrationis,
3023 3154 3424 3218 occurreret

98 3245 287 3330 illud,
361 3245 540 3340 quod
593 3259 825 3341 partes
882 3256 951 3319 et
1004 3246 1344 3319 districtus
1402 3245 1485 3316 ad
1544 3245 1829 3317 Sacram
1901 3244 2127 3341 Regni
2196 3246 2590 3340 Hungariae
2663 3246 3032 3332 Coronam,
3105 3246 3421 3339 adeoque

90 3350 246 3439 jura
283 3346 510 3442 Regni
548 3359 964 3445 spectanteS,
1020 3358 1090 3421 et
1126 3370 1529 3442 quocunque
1577 3356 1887 3441 tempore
1941 3351 2514 3443 incorporandae,
2568 3373 2703 3421 non
2754 3351 2840 3422 ad
2874 3369 3184 3420 normam
3237 3350 3420 3419 alia-

95 3474 242 3522 rum
297 3450 844 3535 Provinciarum,
899 3452 1023 3526 sed
1080 3454 1367 3547 propriis
1421 3453 1634 3546 ipsius
1688 3449 1911 3543 Regni
1960 3450 2359 3543 Hungariae
2410 3451 2811 3523 Diaetaliter
2875 3452 3220 3524 conclusis
3274 3450 3420 3521 Le-

98 3553 298 3647 gibus
354 3554 621 3628 subsint
674 3565 743 3627 et
794 3553 1282 3650 gubernandae
1335 3558 1657 3644 veniant3
1712 3564 2246 3650 consequenter,
2301 3553 2455 3625 dum
2494 3553 2577 3625 ad
2621 3553 2940 3625 effectum
2995 3551 3419 3626 conditarum

90 3669 386 3732 eatenus
440 3657 698 3753 Legum
754 3657 1000 3753 Regno
1052 3668 1122 3730 et
1173 3659 1324 3750 ejus
1370 3658 1827 3749 jurisdictioni
1881 3659 2406 3753 reapplicantur,
2456 3657 2635 3729 nulla
2691 3660 2761 3728 in
2804 3659 2888 3730 iis
2929 3655 3420 3730 Gubernatoris

94 3760 580 3847 Fluminensis,
635 3762 825 3834 velut
878 3764 1319 3857 caeteroquin
1374 3760 1457 3862 ab
1512 3762 1888 3836 universali
1940 3761 2168 3855 Regni
2218 3760 2478 3856 Legum
2535 3770 2911 3858 systemate
2979 3770 3297 3856 separata
3351 3770 3423 3833 et

94 3865 487 3959 Tergestini
525 3865 1013 3938 Gubernatoris
1049 3866 1407 3938 Activitati
1460 3863 1914 3954 conformata,
1962 3865 2349 3956 jurisdictio
2389 3874 2458 3938 et
2498 3865 2985 3937 administratio
3043 3887 3170 3937 seu
3214 3866 3418 3936 etiam

94 3968 550 4064 dependentia
631 3972 949 4042 sustineri
1002 3971 1259 4063 possit3
1338 3979 1524 4040 tanto
1581 3968 1851 4062 quidem
1908 3969 2321 4060 evidentius,
2395 3969 2577 4066 quod
2640 3968 3126 4041 administratio
3191 3970 3418 4060 juris-

93 4073 441 4167 dictioque
495 4074 648 4145 talis
694 4071 1123 4145 Gubernialis
1180 4075 1518 4145 communi
1577 4095 1727 4144 cum
1775 4070 2137 4163 Majestate
2173 4070 2426 4147 Vestra
2464 4072 2942 4146 Sacratissima
2991 4071 3298 4144 Statuum
3350 4080 3421 4143 et

92 4174 427 4247 Ordinum'
495 4174 720 4269 Regni
771 4176 1164 4270 Hungariae
1247 4197 1619 4264 consensu,
1704 4174 2019 4272 adeoque
2100 4177 2394 4249 Diaetali
2474 4173 2957 4249 constitutione
3037 4175 3419 4247 introducta
3487 4215 3504 4234 ι

92 4278 525 4373 stabilitaque
597 4302 734 4352 non
791 4284 896 4354 sit.
973 4281 1118 4365 Qua
1176 4278 1263 4350 de
1321 4301 1528 4351 causa
1586 4280 1787 4351 etiam
1842 4278 2279 4370 MaJestatem
2333 4278 2653 4351 Vestram
2726 4279 3274 4352 sacratissimam
3331 4278 3419 4350 de

87 4405 277 4476 genu
329 4379 716 4457 humillimis
769 4382 1086 4478 precibus
1142 4403 1541 4470 exoramus,
1595 4392 1666 4454 ut
1721 4385 2387 4477 neo-incorporatae
2441 4392 2698 4476 partes,
2756 4383 2945 4455 velut
2997 4381 3083 4454 ad
3130 4381 3419 4455 Sacram

86 4485 322 4579 Regni
379 4484 722 4559 Coronam
777 4497 843 4558 et
897 4485 1121 4579 Regni
1166 4487 1323 4575 jura
1376 4490 1796 4581 pertinentes
1867 4508 2007 4558 non
2082 4485 2474 4560 Guberniali
2545 4484 2964 4560 Fluminensi
3039 4496 3154 4557 aut
3225 4485 3420 4560 alteri

91 4594 475 4684 cuicunque
548 4590 929 4679 directioni,
1000 4589 1123 4661 sed
1180 4589 1688 4674 ordinariaein
1742 4611 1950 4664 sensu
2002 4599 2077 4661 >et
2128 4591 2473 4662 intellectu
2523 4588 2780 4682 Legum
2837 4587 3063 4682 Regni
3119 4587 3418 4660 admini-

88 4696 403 4766 strationi
483 4692 884 4785 subjaceant
953 4691 1652 4788 subordinenturque;
1735 4694 2167 4789 compellatio
2225 4715 2430 4788 porro
2486 4694 2857 4764 earundem
2933 4692 3419 4764 Maritimarum

84 4802 380 4894 partium
425 4796 549 4869 snb
587 4800 861 4870 nomine
915 4797 1277 4870 Districtus
1312 4796 1768 4869 Fluminensis
1823 4820 2074 4869 recens
2126 4796 2537 4881 introducta,
2593 4799 2738 4891 pari
2791 4798 3057 4868 ratione
3098 4817 3181 4866 ac
3215 4793 3417 4867 Lito-

85 4903 254 4973 ralis
312 4903 635 4974 austriaci
688 4900 1144 4988 nomenclatio
1196 4899 1508 4972 Articulo
1547 4899 1669 4971 30.
1733 4898 1930 4973 1765
1972 4900 2259 4972 Diaetae
2311 4911 2703 4995 praecauta,
2752 4897 3020 4990 juribus
3076 4909 3147 4971 et
3189 4900 3416 4990 juris-

88 5005 372 5077 dictioni
452 5003 676 5100 Regni
754 5028 892 5076 non
964 5003 1401 5099 praejudicet.
1510 5002 1692 5075 Novi
1760 5007 1989 5097 itaque
2058 5002 2432 5076 Comitatus
2506 5002 2630 5076 sub
2714 5005 2989 5074 nomine
3070 5000 3414 5075 Szeveri-

84 5112 333 5182 nensis
406 5112 860 5180 errectionem
933 5107 1113 5204 quod
1169 5109 1448 5179 attinet:
1522 5127 1661 5177 non
1717 5104 2084 5179 diffitemur
2137 5106 2453 5201 equidem
2506 5110 2573 5177 in
2632 5107 2877 5178 ultimis
2929 5105 3159 5199 Regni
3209 5105 3414 5177 Hun-

85 5218 333 5307 gariae
389 5208 694 5285 Comitiis
746 5209 964 5285 fuisse
1020 5221 1321 5283 nostrum
1381 5209 1753 5282 demissum
1804 5210 2238 5306 postulatum,
2311 5220 2384 5282 ut
2437 5232 2587 5282 cnm
2639 5208 3063 5282 Officiolatus
3117 5210 3186 5281 in
3239 5229 3412 5304 par-

84 5318 267 5390 tibus
325 5316 459 5389 illis
513 5315 724 5388 Bonis
778 5325 848 5387 et
899 5314 1147 5411 populo
1202 5311 1618 5410 praefectus,
1671 5316 1738 5385 in
1794 5323 2097 5410 apertum
2155 5314 2577 5387 conditarum
2632 5312 2860 5407 Regni
2910 5310 3171 5407 Legum
3242 5310 3413 5384 vili-

84 5423 416 5519 pendium
472 5428 541 5491 et
589 5418 1033 5514 benignarum
1089 5417 1468 5509 Majestatis
1514 5416 1811 5491 Vestrae
1851 5417 2375 5494 Sacratissimae
2431 5419 2633 5489 etiam
2688 5414 3183 5592 resol5tgipnnm
3238 5410 3413 5489 sub-
