3950 5917
64 5434 69 5577 1

3250 401 3408 472 149

110 606 341 701 aliquas
414 605 679 677 litteras
751 625 882 677 nes
936 603 1130 692 dare,
1196 614 1268 675 et
1321 604 1605 678 easdem
1685 607 1938 677 nostris
2020 602 2330 677 fidelibus
2411 601 2975 678 Sibenicensibus
3052 603 3408 679 destinare

110 711 535 800 contingeret.
586 716 665 781 vt
697 706 905 799 iidem
961 705 1434 781 Sibinicenses
1471 729 1565 781 ex
1601 710 1785 780 serie
1837 707 2073 779 talium
2123 707 2497 781 litterarum
2550 716 2938 780 nostrarum
2994 729 3074 780 se
3127 710 3409 800 grauari

114 814 434 897 sentirent,
499 811 896 883 earumdem
949 813 1449 883 execucionem
1504 810 1753 883 tamdiu
1811 809 2084 883 differre
2140 808 2458 898 habeant,
2513 832 2870 905 quousque
2919 812 3051 907 ipsi
3096 820 3406 884 nostram

113 916 505 985 maiestatem
560 911 650 984 de
686 934 876 984 mera
928 917 1032 985 rei
1083 915 1378 985 veritate
1431 923 1502 985 et
1536 911 1695 985 dicti
1748 914 2025 1006 negocij
2084 910 2512 1001 certitudine,
2565 915 2635 986 in
2688 933 2823 1006 quo
2879 913 3126 985 eedem
3176 911 3408 985 littere

114 1039 165 1088 u*
189 1025 318 1088 stre
368 1018 499 1087 iuri
553 1025 626 1088 et
674 1014 970 1088 libertati
1020 1019 1324 1111 ipsorum
1396 1015 1840 1112 preiudicium
1912 1036 2255 1108 generare
2309 1023 2379 1086 et
2431 1037 2896 1108 aggrauamen
2969 1013 3226 1088 inferre
3279 1019 3406 1087 vi-

113 1118 344 1207 dentur.
396 1139 527 1214 per
578 1122 868 1193 nuncios
927 1140 1055 1191 seu
1106 1119 1369 1191 litteras
1449 1122 1750 1215 ipsorum
1833 1118 2175 1213 speciales
2252 1121 2596 1213 potuerint
2672 1118 3017 1191 loculenta
3094 1127 3406 1192 nostran

114 1220 450 1294 informare
483 1219 945 1309 Maiestatem,
992 1243 1280 1316 quorum
1330 1219 1831 1295 informacioue
1883 1230 2240 1316 percepta,
2293 1241 2423 1293 nos
2474 1219 2750 1293 tandem
2801 1223 2873 1292 in
2925 1223 3281 1317 premissis
3334 1219 3408 1293 id

116 1321 317 1397 faeere
369 1344 731 1420 queamus,
783 1323 968 1421 quod
1021 1335 1258 1399 nostre
1312 1322 1399 1397 de
1453 1328 1602 1397 iure
1653 1315 2029 1398 conuenire
2082 1321 2424 1395 videbitur
2477 1323 2864 1395 Serenitati.
2962 1323 3215 1397 Datum
3265 1322 3407 1396 Ja-

118 1425 239 1516 dre,
286 1431 512 1523 quinta
569 1426 683 1500 die
736 1429 994 1501 mensis
1046 1425 1485 1517 Nouembris,
1538 1447 1720 1500 anno
1773 1425 2051 1500 Domini
2103 1422 2605 1499 Mcccuxxx
2657 1429 2881 1499 tertio.

409 1629 511 1706 (L.
536 1630 605 1694 S.
651 1632 724 1693 in
763 1628 981 1709 foma
1026 1628 1256 1693 Gracia
1297 1638 1592 1707 neumae,
1638 1631 1747 1692 cus·
1787 1631 2172 1711 increpatam
2193 1652 2217 1690 .·
2258 1628 2633 1691 deliberatio
2677 1627 3067 1705 Bar-onnus.)

118 1814 181 1869 Ex
208 1817 426 1887 originali
462 1819 517 1872 in
557 1817 680 1872 coll.
714 1816 826 1872 Nlo.
859 1816 1129 1873 Jnknvte.
1164 1846 1235 1858 —-
1270 1815 1332 1871 G.
1367 1816 1535 1885 Fejer.
1573 1814 1754 1870 Codex
1788 1816 1926 1887 Dipl.
1961 1817 2023 1870 R.
2058 1815 2122 1869 Η.
2155 1816 2212 1868 Τ.
2251 1817 2340 1873 1⁰.
2369 1816 2478 1870 vol.
2513 1817 2565 1869 ³.
2600 1831 2722 1888 pag.
2762 1816 2916 1870 1—2.

1610 2408 1905 2492 clx.

915 2742 1125 2811 Anno
1185 2739 1423 2813 1383.
1479 2741 1595 2814 die
1646 2740 1719 2811 5.
1774 2736 2210 2812 Novembris.
2271 2739 2568 2811 Jadma.

60 3054 61 3135 Ν
129 2990 437 3079 Eadem
499 2998 1032 3081 Elisabeta
1095 2940 1832 3081 Sib‘enicenses
1896 3025 1938 3078 a
1989 2997 2336 3078 Vlahls
2398 2998 2813 3080 defendi
2883 3002 3412 3106 praecipit.

389 3265 750 3341 Elisabeth
799 3267 933 3342 Dei
984 3271 1206 3362 gratia
1258 3268 1527 3363 Regina
1580 3267 1958 3362 Hungarie.
2011 3266 2326 3358 Polonie,
2398 3269 2753 3343 Dalmacie
2807 3281 2940 3344 etc.
3013 3269 3199 3342 fideli
3249 3292 3412 3360 suo,

138 3368 447 3461 nguifico
499 3373 663 3444 viro
714 3370 1011 3444 Domino
1060 3370 1384 3445 Emerico
1428 3369 1695 3461 nahah,
1749 3392 2124 3463 regnorum
2175 3380 2566 3446 nostrorum
2617 3372 2956 3448 Dalmatia
3009 3383 3082 3447 et
3133 3370 3415 3447 croatie

136 3463 309 3560 Bane,
356 3482 422 3545 et
474 3477 633 3548 eius
687 3472 1309 3567 vicesgerentihus‚
1364 3475 1650 3548 salutem
1708 3483 1780 3548 et
1820 3476 2131 3568 gratiam.
2184 3473 2299 3548 Ex
2332 3477 2527 3569 graui
2581 3477 2862 3570 querela
2916 3475 3216 3549 fidelium
3265 3497 3413 3548 no-

137 3578 379 3648 strorum
427 3574 762 3650 nobilium
813 3581 1146 3668 virorum,
1209 3578 1476 3652 scilicet
1526 3577 1819 3667 Thema,
1871 3575 2216 3650 Dominici
2277 3587 2349 3651 et
2395 3576 2730 3653 Johannis
2782 3577 3194 3674 Naplavigln
3248 3601 3415 3652 am-

137 3668 541 3753 bassiatorum
598 3681 894 3753 civitatis
946 3689 1185 3754 nostre
1239 3680 1738 3769 Sibenicensis.
1810 3684 2146 3756 noveritis
2197 3701 2329 3756 nos
2377 3685 2805 3779 percepisse.
2872 3683 3166 3779 qualiter
3212 3680 3417 3758 olam

140 3780 245 3848 tam
287 3787 521 3874 nostri,
597 3804 800 3879 quam
868 3782 1157 3857 Joannis
1219 3781 1341 3856 filii
1389 3784 1561 3857 Ivan
1613 3782 1980 3882 Nyelpecy
2033 3783 2120 3858 de
2173 3784 2441 3878 zetina,
2512 3787 2719 3858 multa
2791 3786 3109 3883 dampna,
3180 3807 3414 3859 nocu—

138 3891 341 3973 menta,
416 3884 786 3960 homicidia
858 3908 943 3958 ac
1013 3887 1232 3983 spolia
1309 3889 1382 3960 in
1435 3885 1742 3961 districtu
1820 3897 2058 3960 nostre
2141 3890 2437 3961 civitatis
2516 3887 2860 3962 antedicta
2936 3887 3273 3962 fecissent
3341 3898 3418 3961 et

143 3988 554 4078 eomisissent,
606 4000 677 4063 et
729 3992 1052 4063 continue
1122 3989 1362 4063 facere
1433 4012 1573 4064 non
1629 3998 2014 4080 cessarent,
2070 3991 2140 4061 in
2194 4011 2284 4063 eo
2336 3988 2690 4080 videlicet,
2762 3991 2939 4087 quod
2997 3989 3158 4062 dicti
3212 3989 3414 4063 Olahi

142 4090 448 4164 venientes
503 4091 596 4165 ad
649 4095 1060 4165 territorium
1115 4102 1189 4166 et
1240 4092 1614 4166 districtum
1671 4093 1851 4166 dicte
1905 4101 2145 4165 nostre
2200 4095 2523 4183 civitatis,
2575 4114 2834 4188 pascua
2884 4096 3101 4190 ipsius
3153 4095 3414 4165 civita-

142 4187 205 4256 tis
259 4194 676 4290 occupando,
749 4195 1199 4286 offensiones,
1271 4199 1818 4285 interemtiones⁹
1891 4217 1975 4266 ac
2047 4195 2180 4267 alia
2249 4193 2432 4268 facta
2499 4195 2861 4293 nephanda
2939 4205 3418 4292 perpetrarent

142 4297 569 4390 potentialiter,
626 4309 697 4372 et
730 4302 952 4372 minus
1002 4302 1210 4390 iuste,
1255 4302 1325 4371 in
1377 4301 1824 4395 preiudicium
1877 4301 2183 4393 ipsorum
2235 4301 2485 4371 civium
2539 4309 2928 4372 nostrorum
2981 4322 3121 4373 non
3175 4297 3413 4373 modi—

144 4411 285 4483 cum,
330 4409 399 4472 et
446 4401 948 4476 desolationem
1003 4424 1089 4474 ac
1142 4403 1678 4476 destructionem
1733 4404 2032 4475 civitatis
2084 4410 2323 4476 nostre
2376 4399 2848 4476 Sibenicensis
2901 4401 3290 4491 antedicte;
3340 4414 3420 4478 et

144 4499 287 4589 quod
328 4524 488 4594 -vos,
540 4507 717 4580 visis
771 4505 920 4580 aliis
972 4504 1190 4579 literis
1242 4509 1498 4581 nostris
1548 4507 2080 4602 prescriptoriis,
2153 4504 2375 4579 dictos
2437 4504 2696 4580 Olahos
2756 4505 2845 4579 de
2897 4509 3050 4601 ipso
3104 4498 3415 4582 districh

146 4600 388 4717 civitatis
445 4618 685 4683 nostre
762 4584 1233 4682 Sibenicensis
1303 4630 1443 4683 non
1498 4609 1969 4704 expulissetis,
2043 4616 2112 4681 et
2164 4612 2382 4704 ipsam
2433 4631 2678 4706 penam
2751 4631 2876 4682 seu
2931 4607 3415 4706 condempna-

146 4720 365 4778 ctouem
417 4732 622 4805 pene,
693 4714 880 4784 iuxta
935 4716 1388 4785 continentias
1461 4712 1742 4785 aliarum
1816 4713 2161 4785 literarum
2232 4722 2647 4802 nostrarum,
2712 4711 2967 4785 exinde
3036 4711 3239 4786 vohis
3294 4713 3416 4788 di—

149 4815 460 4902 rectarum,
515 4813 601 4885 ab
652 4816 824 4909 ipsis
859 4814 1095 4888 Olahis
1150 4825 1568 4912 extorquere
1622 4815 2051 4907 voluissetis,
2103 4836 2330 4910 neque
2382 4817 2658 4889 velletis
2710 4815 3148 4890 medietatem
3198 4819 3419 4913 ipsius

151 4922 289 5003 me
355 4918 519 5010 ipsis
590 4915 1151 4992 Sihenicensibus
1232 4940 1358 5015 per
1424 4922 1617 5013 ipsos
1671 4916 1975 4992 Olachos
2057 4917 2224 4992 dare
2305 4929 2376 4990 et
2427 4919 2665 4993 facere
2719 4918 3244 4994 administrare:
3323 4919 3420 4993 de

156 5009 344 5099 quibus
408 5023 682 5093 nimium
754 5020 1191 5111 admiramur.
1265 5032 1336 5095 et
1389 5022 1727 5094 admirare
1798 5042 1937 5094 non
1994 5021 2396 5111 sufficimus,
2468 5045 2592 5095 cur
2642 5024 2840 5096 litere
2891 5033 3131 5097 nostre
3180 5020 3418 5095 Maie—

162 5118 331 5209 statis,
380 5120 463 5194 de
517 5145 647 5218 qua
700 5128 921 5220 ipsum
968 5124 1309 5219 ‚lionorem
1370 5125 1673 5199 Banatus
1746 5128 2182 5197 conservatis
2254 5124 2432 5220 apud
2501 5149 2663 5214 vos,
2735 5149 2865 5223 qua
2913 5127 3420 5220 presumciouia

163 5215 386 5295 eudocia
453 5230 644 5321 parvi
713 5225 1098 5323 penduntur
1175 5240 1248 5302 et
1298 5239 1797 5324 aspernantur:
1878 5227 2083 5302 vobis
2164 5228 2418 5303 exinde
2493 5233 2768 5303 nimium
2849 5233 3416 5324 improperamus.

160 5307 331 5393 Unde.
356 5348 501 5399 cum
554 5340 915 5404 crescente
967 5336 1398 5427 contumacia
1453 5330 1872 5431 Qlachorum
1924 5353 2346 5407 excrescere
2399 5331 2651 5407 debeat
2702 5342 2772 5406 et
2822 5352 3026 5427 pena,
3093 5331 3424 5407 volumus
