3950 5917
1938 775 2438 863 GOEXV.

1350 1017 1563 1088 Anno
1622 1014 1662 1085 1
1678 1011 1868 1087 790.
1934 1014 2052 1086 die
2105 1012 2179 1086 2.
2231 1008 2680 1106 Septa-nare.
2739 1008 3015 1084 Budas.

534 1250 786 1332 Veto
848 1249 1078 1329 Bani
1141 1246 1553 1336 Comitis
1603 1246 2021 1326 Joannis
2073 1245 2468 1349 Erdody
2527 1219 3304 1325 de'Acatholic‘is
3366 1242 3842 1356 inRegna

527 1388 1029 1490 croatiae,
1088 1386 1628 1468 Dalmatiae
1691 1397 1786 1466 e.t
1847 1384 2396 1464 Slavoniae
2475 1407 2664 1462 non
2744 1381 3418 1485 admittendiS,
3500 1385 3588 1460 in
3653 1377 3834 1461 Co-

1316 1527 1613 1603 mitiis
1676 1518 2004 1627 Regni
2058 1520 2636 1626 Hungariae
2697 1520 3083 1600 dictum.

839 1741 1189 1837 Siquidem
1244 1744 1621 1814 occasione
1685 1741 2148 1835 praesentium
2203 1735 2646 1812 Comitiormn
2711 1757 2837 1833 per
2893 1736 3417 1833 Diplematicum
3474 1742 3546 1812 in
3597 1741 3844 1812 merito

526 1848 976 1940 Augustanae
1031 1855 1102 1917 et
1150 1843 1556 1917 Helveticae
1630 1840 2109 1916 Confessionis
2179 1840 2603 1914 addictorum
2671 1840 2759 1913 ab
2809 1840 3094 1935 Inclytis
3145 1840 3451 1916 statibus
3505 1853 3577 1914 et
3628 1840 3842 1915 Ordi-
3925 1915 3926 1920 ,

526 1948 727 2024 nibus
799 1947 1026 2045 Regni
1103 1946 1498 2041 Hungariae
1578 1946 1918 2019 conditum
1987 1945 2366 2018 Articulum
2433 1944 2507 2018 id
2576 1947 3013 2018 constitutum
3087 1948 3200 2033 sit,
3278 1954 3354 2019 ut
3421 1955 3844 2018 memoratae

524 2052 931 2146 Religiones
984 2050 1072 2123 ad
1112 2051 1389 2123 Statum
1460 2048 2015 2132 Pacificationum
2082 2046 2464 2122 Lincienais
2515 2057 2591 2122 et
2638 2045 3055 2121 Viennensis
3126 2058 3546 2144 reponantur
3595 2055 3670 2121 et
3719 2070 3843 2144 pro

522 2158 846 2251 repositis
897 2159 1050 2250 ipso
1103 2153 1288 2227 facto
1342 2153 1803 2245 declarentur,
1856 2155 2019 2248 quin
2062 2151 2198 2224 ulla
2234 2150 2628 2245 Regnorum
2669 2150 3075 2248 Dalmatiae,
3129 2149 3450 2224 Oroatiae
3502 2161 3575 2225 et
3627 2151 3841 2225 Sela-

524 2263 781 2333 voniae
835 2256 1018 2331 facta
1072 2255 1277 2331 fuerit
1328 2259 1691 2351 exceptio:
3815 2299 3822 2304 -

833 2362 1037 2453 Hinc,
1107 2383 1197 2434 ne
1250 2360 1449 2433 dictis
1518 2359 1810 2453 Regma,
1889 2361 1956 2431 in
2013 2358 2255 2452 quibus
2334 2366 2756 2430 memoratae
2808 2357 3261 2450 Augustanae
3315 2368 3387 2430 et
3436 2357 3847 2431 Helveticae

525 2463 967 2539 Confessioni
1038 2464 1285 2538 addicti
1355 2485 1491 2538 nec
1540 2462 1924 2555 Religionis
2000 2463 2431 2549 exercitium,
2509 2482 2738 2555 neque
2786 2459 3320 2535 Possessionun
3392 2465 3843 2556 capacitatem

522 2590 814 2666 unquam
867 2567 1272 2658 habuerunt,
1324 2589 1420 2639 ex
1472 2569 1885 2660 supracitato
1937 2562 2022 2635 n.
2075 2563 2383 2636 Statunm
2436 2562 2661 2656 Regni
2713 2561 3109 2655 Hungariae
3169 2563 3429 2638 Deciso
3483 2568 3844 2636 imminere

516 2675 740 2774 possit
772 2671 1288 2767 praeJudicium,
1340 2668 1522 2762 Ego,
1564 2689 1694 2763 qua
1733 2669 2341 2761 praerepetitorum
2377 2665 2774 2761 Regnorum
2811 2665 3070 2757 Banna,
3104 2665 3298 2742 hisee
3346 2667 3670 2739 declaro:
3729 2690 3839 2742 me

516 2784 657 2849 tam
708 2776 1051 2870 positivae
1103 2772 1568 2845 Articulorum
1621 2779 1855 2867 utpote
1910 2767 2036 2841 46.
2094 2767 2325 2860 1741,
2379 2769 2502 2844 23.
2557 2766 2787 2858 1687,
2843 2766 3018 2842 125.
3075 2768 3279 2842 1715
3334 2779 3407 2842 et
3455 2768 3578 2842 86.
3639 2768 3842 2843 1723

517 2875 972 2972 Diplomatice
1043 2896 1314 2971 qnoque
1385 2873 1826 2947 confirmatae
1878 2872 2355 2967 Dispositioni,
2436 2894 2636 2968 qnam
2692 2881 2763 2945 et
2813 2870 3311 2947 Reversalibus
3391 2872 3843 2946 Dominorum

520 2980 974 3072 Augustanae
1018 2988 1089 3052 et
1123 2977 1529 3051 Helveticae
1586 2974 2028 3050 Confessioni
2080 2975 2530 3067 addictorum,
2583 2979 2652 3049 in
2704 2974 2949 3050 Diaeta
3004 2975 3459 3072 Sept-oniensi
3509 2975 3598 3049 de
3637 2975 3845 3050 Anno

524 3080 723 3174 1681
783 3081 873 3154 de
924 3103 1005 3155 se
1058 3080 1462 3171 extradatis.‚
1514 3077 1797 3152 firmiter
1846 3078 2238 3171 inhaerere,
2289 3102 2377 3152 ac
2419 3082 2488 3152 in
2527 3077 3008 3154 conformitate
3059 3089 3588 3152 memoratorum
3639 3080 3845 3152 Arti-

523 3184 831 3257 culorum
883 3196 957 3256 et
1005 3183 1483 3259 Reversalium
1536 3184 1922 3257 nullatenus
1976 3185 2370 3258 consentire
2421 3204 2634 3278 posse
2687 3191 2801 3255 aut
2851 3182 3062 3270 velle,
3115 3193 3191 3256 ut
3239 3181 3556 3256 Favores
3623 3205 3846 3278 prae-

519 3286 746 3362 libatis
773 3286 1082 3360 Dominis
1124 3309 1249 3384 per
1281 3289 1764 3383 supracitatum
1811 3286 2193 3359 Articulum
2245 3289 2631 3383 praesentis
2665 3285 2956 3359 Diaetae
2997 3289 3347 3373 eoncessi,
3410 3287 3584 3359 ultra
3643 3309 3846 3382 quarn

521 3397 699 3465 intra
772 3389 1090 3464 ambitum
1159 3390 1385 3483 Regni
1436 3388 1861 3483 Hungariae‚
1944 3388 2263 3485 adeoque
2315 3389 2449 3463 huc
2499 3411 2640 3463 nou
2692 3388 3058 3464 intellectis
3109 3388 3377 3484 Regni!
3428 3389 3845 3480 Dalmatiae,

522 3492 847 3567 croatiae
898 3503 971 3567 et
1021 3493 1467 3583 Sclavoniae‚
1519 3492 1997 3566 extendantur.
2073 3492 2165 3566 Et
2211 3491 2547 3587 siquidem
2599 3514 2738 3568 non
2779 3491 3107 3574 ,obstante
3168 3496 3410 3567 iterata
3463 3502 3606 3565 tan
3661 3515 3847 3582 mea,

522 3619 724 3692 quam
779 3608 851 3671 et
901 3596 1422 3691 Abtegatorum‚
1476 3617 1571 3670 ex
1620 3595 1824 3669 Parte
1876 3596 2210 3668 dictorum
2271 3596 2672 3691 Regnorum
2724 3595 2814 3670 ad
2865 3595 3045 3669 hauc
3096 3594 3409 3671 Diaetam
3481 3600 3848 3670 exmiaao-

519 3721 699 3791 rum‚
751 3704 1293 3796 interpositione,
1344 3699 1713 3795 supradicti
1747 3699 1835 3770 de
1878 3697 2144 3793 Regnis
2180 3698 2287 3773 his
2323 3709 2654 3773 sonantes
2700 3699 2991 3771 Articuli
3045 3700 3292 3771 salvati
3342 3699 3524 3771 haud
3577 3708 3848 3788 essent,

525 3804 612 3876 ad
666 3800 1096 3876 aboliendum
1167 3824 1373 3876 omne
1436 3806 1533 3892 in,
1568 3801 1832 3896 Regnis
1866 3801 2266 3874 Directioni
2341 3824 2542 3875 meae
2613 3801 2892 3875 creditis
2960 3801 3451 3898 praejudiemm
3524 3801 3848 3894 (Juribns

522 3909 968 4000 caeteroquin
1036 3904 1563 4001 praelibatorum
1609 3903 2015 3999 Regnorum
2067 3927 2190 3978 sua
2247 3908 2362 3978 via
2417 3906 2977 4001 prospecturus),
3028 3905 3428 3979 solemniter
3494 3915 3852 4002 protestor

521 4019 597 4084 et
648 4009 1044 4083 contradico
1092 4011 1555 4104 praesentium
1606 4011 1883 4103 vigore,
1935 4006 2235 4103 petendo
2291 4029 2500 4104 super
2548 4007 2937 4100 hujusmodi
2989 4006 3492 4083 Protestatione
3537 4018 3606 4079 et
3649 4007 3850 4082 Gon-

520 4112 929 4187 tradictione
1005 4111 1454 4185 Anthenticas
1534 4110 1824 4186 Litteras
1904 4110 2433 4185 Testimoniales
2513 4109 2882 4184 extradari.
2988 4109 3236 4185 Datum
3287 4111 3524 4183 Budae
3606 4112 3725 4185 die
3779 4109 3846 4182 2.

525 4214 951 4313 Septembris
1002 4214 1210 4290 Anno
1261 4213 1536 4288 Domini
1592 4211 1815 4287 1790.

2213 4341 2466 4417 Comes
2510 4343 2821 4417 Joannes
2875 4341 3162 4439 Erdody
3213 4366 3300 4415 m.
3354 4365 3420 4439 p.

2021 4459 2323 4530 Regnorum
2359 4458 2684 4525 Dalmatiae‚-
2703 4458 2960 4526 Cro-tiae,
2996 4457 3305 4514 Sclaveniae
3340 4457 3532 4512 Banna.

1979 4634 2092 4728 (L.
2163 4635 2280 4728 S.)

524 4862 671 4935 orig.
704 4866 760 4919 ln
794 4865 1021 4919 Archivo
1054 4863 1237 4936 Regni
1272 4864 1514 4919 cto-uae
1548 4864 1684 4919 inter
1714 4864 1846 4918 Acta
1879 4862 2108 4918 Banulia.
2144 4864 2209 4916 A.
2237 4863 2391 4917 1790.
2427 4863 2487 4916 lt.
2527 4866 2644 4920 113.

1765 5159 2582 5220 W*-
