3950 5917
13 291 21 604 b
364 460 373 468 -
3300 412 3577 504 επ·

14 959 17 1148 Ι
136 931 147 943 '
511 939 515 947 ⁵
1253 945 1257 949 .
1520 1030 2074 1128 ccxxx.

14 1151 19 1370 b
1064 1309 1274 1381 Anno
1317 1306 1554 1382 1706.
1608 1310 1722 1382 die
1759 1307 1886 1379 25.
1922 1306 2121 1397 Maii.
2191 1305 2514 1382 Viennae.

403 1566 920 1673 ‚Iosephus
983 1565 1186 1649 Rex
1249 1567 1598 1647 fidelia
1665 1566 2235 1647 Croatarum
2298 1572 2719 1649 servitia
2804 1569 3171 1648 laudat.

116 1835 518 1934 Leopoldus
614 1837 864 1913 Divina
961 1837 1272 1911 Favente
1369 1835 1746 2013 Clementtia
1816 1837 2098 2012 {¹⁹⁰²ch
2176 1836 2639 1912 Romanorum
2710 1836 3088 1933 Imperator
3165 1837 3457 1935 Semper

1495 1963 1667 2035 ugus
1699 1963 1778 2014 us
1901 1963 1961 2011 c.
2090 1962 2148 2012 c.

438 2171 864 2259 Reverendi.
943 2170 1426 2260 Honorabiles.
1509 2169 1936 2265 spectabiles
2003 2193 2088 2241 ac
2158 2167 2528 2264 Magnifici.
2611 2194 2745 2244 nec
2817 2192 2956 2244 uon
3027 2169 3307 2264 Egregij
3382 2182 3455 2244 et

116 2274 438 2362 Nobiles.
490 2275 767 2348 Fideles
820 2272 1035 2348 Nobis
1090 2274 1337 2348 dilecti.
1442 2273 1620 2347 Dum
1690 2272 1991 2368 benigna
2044 2273 2527 2348 recordatione
2595 2275 3051 2363 revolvimus,
3122 2295 3253 2368 qna
3307 2274 3449 2345 illi-

114 2378 280 2460 bata
355 2378 702 2468 fidelitate,
784 2376 1101 2451 Candore
1180 2381 1384 2451 animi
1463 2387 1535 2451 et
1612 2378 1821 2450 alacri
1896 2376 2420 2474 promptitudine
2472 2378 2705 2451 Status
2757 2387 2827 2450 et
2878 2375 3173 2449 Ordines
3226 2374 3452 2470 Regni

114 2481 360 2557 Nostri
410 2479 842 2573 haereditarij
901 2480 1221 2554 Croatiae
1296 2484 1365 2553 in
1418 2479 1730 2553 omnibus
1784 2484 2081 2574 priorum
2138 2490 2515 2574 temporum
2570 2483 2773 2553 etiam
2851 2480 3449 2575 periculosissimis

111 2583 669 2659 revolutionibus
722 2605 847 2680 pro
899 2584 1407 2677 Angustissima
1458 2584 1683 2656 Domo
1740 2583 1989 2656 Nostra
2047 2606 2125 2655 se
2182 2595 2251 2655 et
2304 2606 2426 2655 sua
2484 2585 2956 2679 impenderint,
2995 2592 3063 2654 et
3102 2605 3237 2654 non
3284 2593 3448 2655 tan-

112 2699 261 2761 tum
318 2686 572 2760 Contra
647 2685 1088 2761 Communem
1145 2687 1663 2761 Christianitatis
1744 2687 2012 2759 bostem
2094 2709 2246 2758 cum
2328 2688 2530 2759 multa
2611 2685 3010 2782 profusione
3080 2685 3447 2779 Sanguinis

116 2804 403 2864 strenue
459 2797 736 2886 semper
788 2790 1224 2865 decertantes
1280 2792 1559 2887 plurima
1615 2794 1939 2884 generosi
1995 2793 2297 2885 pectoris
2351 2794 2728 2885 specimina·
2780 2788 3236 2883 exhibuerint,
3302 2810 3445 2861 ve-

112 2917 269 2967 rum
333 2898 536 2966 etiam
607 2892 912 2966 nefarios
967 2895 1360 2987 Hungariae
1431 2895 1751 2967 tumultus
1805 2916 2081 2989 semper
2134 2891 2583 2967 abhorrentes
2635 2892 3036 2966 refractaria
3089 2892 3445 2963 Seditione

110 3019 464 3092 nunquam
518 3020 598 3069 se
654 2996 1231 3070 Contaminarint:
1342 2995 1546 3070 Certe
1598 3020 1736 3069 non
1791 3002 1941 3070 sine
1996 2997 2280 3091 speciali
2336 3006 2405 3068 et
2465 2995 2830 3069 abundanti
2882 2996 3232 3089 voluptate
3284 2998 3443 3067 ani-

112 3107 211 3173 mi
263 3100 402 3181 boc
457 3122 841 3172 memorare
894 3122 1302 3195 possumus3
1376 3100 1727 3195 Siquidem
1782 3122 1961 3194 quae
2015 3099 2308 3171 antebac
2358 3110 2496 3171 tam
2550 3098 2976 3172 laudabiliter
3028 3099 3208 3171 facta
3265 3109 3446 3188 sunt,

14 3241 15 3302 y
114 3203 303 3298 apud
351 3202 499 3276 Nos
556 3213 628 3275 et
695 3212 1005 3298 tempore
1055 3202 1291 3276 Nostri
1341 3204 1628 3297 gloriosi
1680 3204 2062 3297 Regiminis
2135 3202 2354 3274 fienda
2411 3202 2627 3276 Nobis
2680 3201 3126 3275 fidentissime
3182 3199 3445 3295 adpro-

108 3310 467 3396 mittimns‚
525 3310 927 3401 praesertim
976 3310 1046 3381 in
1099 3310 1579 3398 occurrentijs‚
1651 3329 1827 3402 quae
1880 3328 2027 3378 rem
2085 3303 2529 3378 Communem
2584 3316 2656 3379 et
2705 3304 2930 3398 Regni
2999 3303 3442 3375 incolumita-

110 3422 253 3483 tem
311 3419 650 3506 spectant‚
730 3419 845 3482 aut
913 3409 1000 3482 ad
1071 3409 1418 3484 sedandos
1490 3413 1918 3505 perniciosos
1998 3408 2390 3500 Hungariae
2461 3410 2778 3482 tumultus
2831 3408 3086 3503 requiri
3137 3413 3442 3500 possent.

112 3516 268 3603 Qua
322 3518 395 3586 in
448 3511 690 3585 fiducia
746 3535 879 3588 vos
930 3510 1229 3606 benigne
1283 3535 1789 3600 assecuramus,
1845 3510 2073 3584 officia
2130 3522 2201 3583 et
2252 3514 2534 3585 servitia
2585 3511 2803 3584 Nobis
2858 3521 2928 3584 et
2981 3510 3229 3580 Domui
3279 3505 3440 3579 No—

110 3631 304 3692 strae
359 3616 770 3712 praestanda
823 3621 892 3689 in
948 3638 1033 3688 ea
1088 3638 1364 3712 semper
1414 3616 1967 3689 consideratione
2020 3614 2268 3700 futura.
2316 3623 2388 3686 ut
2440 3612 2527 3685 de
2582 3617 2808 3686 inuata
2865 3613 3224 3683 clementia
3281 3608 3442 3683 No-

109 3733 255 3794 stra
313 3729 388 3794 et
435 3719 753 3814 Copiosis
808 3718 1178 3793 Caesareis
1232 3719 1612 3813 Regijsque
1665 3720 1905 3813 gratijs
1960 3722 2282 3791 continuo
2338 3720 2567 3790 securi
2610 3738 2773 3789 esse
2830 3716 3163 3810 poteritis,
3218 3716 3441 3809 prouti

105 3823 333 3899 Vobis
388 3827 676 3915 gratiam
751 3821 1070 3895 Nostram
1144 3820 1560 3897 Caesaream
1614 3846 1701 3896 ac
1753 3822 2043 3916 Regiam
2115 3822 2309 3894 bisce
2360 3818 2657 3914 benigue
2740 3819 3178 3890 affirmamus.
3283 3817 3441 3889 Da-

102 3927 358 4001 buntur
408 3930 479 3999 in
534 3929 812 4000 civitate
865 3926 1115 3998 Nostra
1164 3925 1435 3999 Vienna
1489 3926 1842 4014 Austriae‚
1897 3925 2007 3996 die
2054 3927 2394 4018 vigesima
2451 3934 2650 3998 sexta
2705 3925 2965 3996 mensis
3015 3919 3177 4011 Μαί]
3233 3922 3439 3993 Anno

102 4032 478 4104 millesimo
534 4032 1142 4124 septingentesimo
1211 4040 1441 4119 sexto,
1522 4029 1918 4123 Regnorum
1972 4026 2378 4102 Nostrorum
2433 4027 2722 4100 Romani
2775 4027 3066 4099 Decimo
3121 4028 3440 4120 septimo,

94 4133 512 4227 Hungariae
569 4134 855 4208 Decimo
908 4155 1121 4224 nono,
1178 4132 1551 4206 Bobemiae
1601 4153 1776 4205 vero
1830 4129 2161 4205 secundo.

430 4337 838 4434 Josepbus
872 4361 979 4432 m.
1035 4362 1099 4434 p.

1050 4564 1260 4661 Leop.
1341 4565 1593 4640 Comes
1648 4565 1733 4639 ab
1788 4564 2234 4639 Herbersteiu
2289 4587 2376 4637 m.
2430 4586 2495 4660 p.

1567 4819 1649 4870 Ad
1685 4817 1982 4873 Mandatum
2019 4818 2403 4874 sacratissimae
2440 4816 2727 4872 Caesareae
2765 4817 3040 4871 Maiestatis
3077 4818 3368 4886 proprium:

1775 4994 2147 5068 Zacharias
2201 4993 2631 5093 Manopbilus
2689 4993 3124 5091 Campmiller
3176 5015 3263 5066 m.
3316 5013 3384 5088 p.

314 5481 471 5553 (rm
502 5491 542 5539 ι.
586 5484 760 5539 Privn.
794 5493 849 5540 οι
879 5483 1099 5552 mort.)
2914 5451 3019 5524 48
