3950 5917
382 415 523 494 ‘20

384 627 489 698 -t
544 624 831 719 quiete.
901 621 1084 696 Nulli
1148 623 1381 717 igitur·
1420 620 1629 695 liceat
1695 619 2263 717 hanc·pag'mam
2325 631 2592 698 nosti-e·
2633 620 3023 696 demonis
3073 624 3152 695 t
3193 620 3757 697 confimaflonis
3877 632 3941 692 s!

417 725 803 820 infringere
873 726 991 798 vel
1060 723 1360 799 turbare.
1465 724 1544 798 Si
1595 728 1763 820 quis·
1814 739 1991 799 vero
2055 734 2457 822 attemptare
2525 727 3042 823 presmnpssrit,
3111 728 3358 800 uinum
3405 735 3484 800 et
3529 745 3756 800 unum
3875 733 3941 793 11

414 832 651 904 Deum
700 832 947 903 iratum
996 827 1248 903 habeut
1300 839 1372 902 et
1423 828 1971 903 maledictionem
1997 825 2424 903 'CCCXVIII
2489 838 2886 904 sanctorum·
2950 839 3213 925 patrum
3282 829 3608 920 incurrat,
3669 840 3758 903 et
3875 831 3941 898 ι’-

420 935 716 1008 aliorum
772 942 1333 1057 sauctorum,ac
1244 953 1539 1007 aecum
1586 932 1767 1006 Juda
1814 931 2168 1030 proditore
2218 936 2291 1006 in
2342 932 2614 1007 inferno
2665 932 3024 1008 damnetm·
3089 942 3346 1008 eterno
3383 934 3764 1031 supplicio.
3877 953 3943 1004 ιιι

416 1037 604 1111 Acta
658 1046 816 1111 sunt
866 1035 1001 1110 hec
1049 1039 1122 1111 in
1172 1040 1522 1133 presentia
1571 1035 1814 1111 horum
1866 1049 2228 1111 servorum
2262 1037 2422 1128 Dei,
2473 1037 2803 1111 videlicet
2849 1035 3182 1133 Stephani
3231 1036 3555 1134 Episcopi
3603 1037 3760 1110 Ju-

422 1142 691 1214 dertine
747 1193 1161 1213 .........
1213 1140 1540 1238 Episcopi
1590 1141 2050 1215 chroatensis»
2154 1140 2475 1235 Gregorii
2525 1140 2856 1237 Episcopi
2904 1139 3316 1216 Arbensis.
3367 1140 3764 1216 Theodosii
3879 1143 3943 1219 ὲ

412 1244 753 1342 Episcopi
804 1243 1316 1339 Belgradensis.
1420 1244 1657 1319 Basilii
1706 1244 2033 1340 Episcopi
2082 1242 2527 1319 Absarensis.
2632 1245 2934 1318 Formini
2997 1244 3327 1340 Episcopi
3367 1243 3760 1321 flonensis.
3881 1273 3943 1345 ’ῃ

410 1351 707 1424 Joannis
760 1348 1091 1444 Episcopi
1155 1347 1635 1442 Traguriensis
1698 1358 1771 1421 et
1808 1346 2034 1420 Dabri
2083 1345 2375 1422 Abbatis
2430 1348 2502 1421 S.
2553 1347 2902 1445 Stephani.
3003 1347 3157 1421 Nec
3205 1371 3348 1422 non
3398 1345 3754 1423 Comitum
3881 1377 3932 1430 ιι

414 1463 493 1527 et
539 1453 925 1527 Baronnm:
978 1451 1319 1526 Dominici
1372 1452 1609 1548 Tepzii
1654 1449 1944 1525 Curialis
1999 1448 2307 1526 Comitis.
2409 1451 2622 1526 Kirne
2673 1499 2986 1525 .......
3043 1451 3348 1527 Comitis.
3451 1450 3752 1526 Debrici
3885 1485 3945 1533 m

416 1556 705 1631 Comitis
774 1553 1207 1629 GleunensiS.
1311 1555 1588 1628 Pribino
1659 1553 2050 1630 Cetinensis
2101 1553 2406 1629 Comitis.
2509 1554 2830 1629 Lubimiri
2901 1552 3204 1630 Comitis.
3307 1554 3397 1630 Et
3445 1556 3754 1630 aliorum
3887 1591 3945 1640 :a

410 1671 813 1734 nostrorum
864 1655 1202 1733 Comitum
1254 1669 1329 1733 et
1366 1659 1735 1749 Baronum,
1789 1659 1905 1732 ubi
1954 1658 2081 1734 fuit
2131 1657 2429 1733 fidelium
2461 1663 2779 1733 maxima
2831 1657 3318 1754 Gongregatio.
3379 1661 3514 1733 Pro
3566 1661 3752 1756 qui-
3884 1681 3947 1747 ff

414 1764 549 1840 bus
602 1762 943 1856 omnibus,
992 1771 1066 1836 et
1119 1764 1407 1857 singulis
1457 1772 1857 1861 perpetuum
1908 1761 2121 1836 robur
2169 1761 2601 1854 habentibus,
2653 1773 2859 1861 atque
2911 1763 3322 1855 tenentibus,
3391 1767 3754 1861 presentis
3887 1777 3935 1853 ῃ

415 1868 763 1965 privilegii
812 1869 1138 1965 paginam
1188 1871 1407 1942 nostri
1458 1868 1665 1962 sigilli
1716 1866 2119 1941 charactere
2171 1865 2316 1941 feci
2364 1869 2630 1941 muniri.
3887 1906 3935 1960 ῃ

735 2046 937 2124 (Nota
978 2048 1051 2111 in
1089 2045 1303 2127 fronte
1347 2045 1671 2128 Ρνίυἰίορόι·
1672 2052 1721 2124 .)
1807 2044 2182 2128 &emptum
2222 2053 2540 2128 sumptum
2584 2064 2665 2110 w
2707 2046 3017 2127 oriyimli
3067 2047 3138 2109 in
3180 2044 3546 2110 Membrana
3587 2065 3756 2109 cunc
3901 1999 3947 2067 Β]

413 2149 644 2233 sigillo
688 2169 928 2233 ,παραυ
969 2151 1299 2233 pendente,
1344 2169 1486 2215 cum
1526 2150 1797 2214 cordula
1832 2149 2019 2212 rubri
2058 2157 2121 2213 ct
2146 2150 2360 2213 crocei
2408 2150 2646 2213 coloris
2686 2150 2991 2214 miscente
3031 2153 3104 2214 ist
3146 2148 3449 2214 archivio
3492 2146 3749 2215 Archo·-
3888 2099 3949 2224 ’ὲ

417 2256 779 2339 episcopato·
819 2255 1206 2339 spalatensi.
3893 2227 3949 2387 Ξ

412 2442 498 2497 Ex
532 2444 663 2500 libro
698 2443 880 2498 Esca
914 2444 1646 2586 ἕΒίιῙιΙιιίίοιιοοῚΡι-ἰιιοίριιιιΰ
1695 2460 1748 2512 p.
1786 2444 1867 2496 to.
1902 2444 1956 2494 in
1991 2441 2235 2494 Archivio
2269 2440 2608 2511 Episcopatus
2643 2441 2956 2511 spalatensis
3002 2446 3048 2494 c
3092 2440 3278 2495 Furlati
3324 2441 3582 2511 illyricum
3638 2441 3756 2497 Sa-
3895 2443 3948 2491 ιΙ·.

737 2549 881 2586 crum
957 2571 970 2585 .
1075 2572 1090 2586 .
1164 2571 1179 2586 .
1218 2534 1284 2589 14
1323 2570 1337 2584 .
3897 2555 3904 2564 .

1128 2550 1162 2602 ⁹
3903 2551 3950 2707 ,Ξ

1771 2760 2395 2772 ———
3911 2757 3950 2811 Ι

3904 2869 3950 2942 ’ἓ

3913 3031 3950 3080 ι

1911 3067 2247 3151 XII!-

1040 3332 1250 3404 Anno
1308 3328 1530 3405 1086
1579 3336 1705 3403 aut
1764 3329 2005 3403 1087.
2084 3327 2294 3425 Apud
2342 3335 2651 3402 castrum
2685 3326 3104 3401 Sibcm'cum.

422 3595 663 3676 Post
752 3604 1157 3675 mortem
1250 3593 1759 3674 Svinimiri
1875 3592 2183 3699 Regis
2306 3591 2868 3697 Stephanus
2980 3590 3553 3672 Creatorum
3652 3601 3763 3671 et

416 3733 1196 3816 Dalmatinorum
1270 3729 1473 3811 Rex
1549 3730 2336 3836 haereditariuS,
2416 3729 2857 3810 omnibus
2936 3727 3447 3810 nobilibus
3527 3728 3762 3808 col-

1363 3867 2018 3950 laudantibus
2081 3870 2434 3950 solium
2497 3872 2786 3974 capit.

737 4147 796 4234 -ι-
845 4141 924 4215 111
980 4141 1216 4216 christi
1265 4144 1563 4216 nomine.
1623 4140 2010 4238 Stephanus
2064 4164 2202 4238 ego
2253 4151 2419 4216 nutu
2471 4140 2584 4216 dei
2637 4140 2958 4218 chroacie
3012 4144 3125 4233 (et
3176 4139 3511 4214 dalmwie
3561 4145 3760 4234 rex)
3921 4097 3950 4156 η

416 4247 622 4323 huius
674 4248 943 4343 paginis
996 4250 1267 4321 seriem
1301 4246 1415 4319 uel
1468 4245 1851 4321 dictaminis
1904 4268 2186 4320 causam
2240 4248 2505 4320 cunctis
2553 4248 2776 4319 nostri
2825 4248 3023 4339 regni
3076 4242 3766 4340 conprouincialibus

417 4352 514 4426 ad
547 4350 843 4424 futuram
880 4349 1128 4443 (diuini
1161 4352 1494 4444 numini)s
1546 4354 1853 4446 graciam
1904 4360 2148 4424 notare
2183 4349 2292 4424 his
2328 4347 2550 4424 studui
2586 4352 2858 4446 scriptis
2878 4404 2895 4421 .
2917 4403 2935 4420 .
2955 4401 2974 4421 .
3031 4345 3202 4423 Cvm
3247 4351 3453 4443 igitur
3502 4353 3764 4422 omni-—

424 4457 722 4552 potentis
777 4454 889 4526 dei
947 4458 1168 4549 pietas
1236 4476 1348 4527 me
1420 4475 1547 4528 sua
1608 4454 1988 4527 clemencia
2055 4456 2430 4550 Mati-um),
2499 4475 2728 4544 auum,
2796 4474 3262 4549 proauumque
3330 4451 3508 4526 solio
3579 4453 3758 4546 (in)
3943 4443 3950 4514 l

419 4561 649 4651 regio,
699 4556 1011 4632 omnibus
1065 4557 1388 4632 chroacie
1441 4566 1515 4630 et
1563 4556 1896 4631 dalmacie
1946 4556 2288 4631 nobilibus
2341 4556 2910 4648 collaudantibus,
2980 4557 3391 4631 exaltauerit
3439 4556 3763 4651 honore,
3941 4571 3950 4640 1

422 4659 724 4756 undique
774 4663 1184 4755 n(niuersa)
1238 4660 1556 4737 nobilitas
1609 4683 1736 4736 seu
1786 4663 2026 4755 exigui
2073 4661 2304 4758 populi
2353 4682 2622 4751 manus,
2693 4684 2780 4733 ac
2832 4664 3046 4735 ceteri
3099 4661 3548 4735 ecclesiarum
3601 4682 3770 4733 ce—
3931 4673 3938 4688 “

424 4762 921 4860 nobiorumque
995 4768 1373 4857 (rectores,
1441 4765 1556 4839 uel
1607 4770 1970 4840 retroactis
2021 4767 2189 4862 pro)
2260 4768 2491 4838 causis
2562 4766 2756 4858 (uel)
2812 4763 3254 4838 confirmacio
3279 4814 3595 4839 .......
3626 4767 3768 4860 qu‘
3937 4775 3950 4826 Ι

420 4869 544 4942 uel
576 4870 812 4962 gracia
864 4872 1175 4943 comunis
1227 4871 1444 4943 nostri
1493 4871 1692 4965 regni
1742 4870 2072 4961 utilitatis,
2126 4867 2212 4941 ad
2245 4877 2547 4943 nostram
2602 4879 2675 4942 nt
2719 4872 2933 4943 moris
2985 4877 3093 4944 est
3120 4921 3327 4942 .....
3380 4871 3772 4963 imperan-
3937 4879 3950 4930 Ι

424 4971 634 5058 tibus,
659 4993 667 4998 ·
688 4970 1038 5045 confluere
1091 4983 1441 5068 ceperunt.
1520 4973 1755 5068 ltaque
1806 4984 2027 5047 mater
2077 4981 2149 5045 et
2197 4976 2707 5070 pro(curatrix)
2762 4971 3371 5047 sanctimonialium
3424 4971 3774 5066 spalatini
3939 4987 3950 5030 ³

422 5074 727 5167 cenobii,
780 5080 1004 5152 sancti
1053 5076 1374 5150 uidelicet
1430 5076 1775 5152 benedicti
1826 5080 2147 5168 martiris,
2223 5081 2403 5152 inter
2451 5076 2583 5152 hos
2632 5079 2851 5151 nostri
2915 5078 3307 5172 presencia,
3377 5098 3511 5148 una
3581 5097 3810 5152 cum·-
3943 5091 3950 5137 ¹

418 5178 827 5276 quibusdam
895 5183 1039 5255 suis
1111 5181 1491 5275 sororibus,
1565 5181 1901 5278 quoddam
1969 5184 2292 5277 scriptum
2362 5206 2404 5256 a
2455 5203 2673 5278 nuper
2738 5201 2910 5275 rege
2980 5177 3303 5254 defuncto
3377 5181 3759 5257 suinimiro
3945 5197 3950 5242 ¹

424 5305 842 5360 concessum
894 5285 1024 5360 sibi
1075 5284 1211 5360 hoc
1260 5285 1352 5359 ad
1404 5308 1576 5383 opus
1630 5289 1737 5362 sui
1790 5285 2062 5360 cenobii
2113 5285 2201 5359 de
2239 5284 2576 5382 quoddam
2628 5287 2972 5360 territorio
3022 5284 3270 5378 regali,
3322 5286 3436 5381 qui
3465 5286 3538 5357 111
3570 5282 3766 5360 loco

416 5389 546 5484 qui
592 5387 838 5465 dicitur
886 5390 1109 5466 lasani
1156 5387 1468 5487 habetur,
1520 5411 1758 5467 secum
1810 5388 2161 5483 deferens,
2214 5392 2286 5465 in
2336 5389 2449 5466 die
2499 5390 2866 5466 natiuitatis
2920 5398 3159 5466 sancte
3212 5388 3326 5463 dei
3377 5388 3770 5485 genitricis
