3950 5917
467 374 629 468 344,

463 581 763 661 Litterae
832 578 1312 674 Privilegiales
1383 585 1893 673 praesentatae,
1963 572 2349 672 publicatae
2403 579 2469 648 ἡ
2522 582 2924 671 acceptatae
2994 582 3178 664 sunt,
3247 574 3404 648 solo
3477 574 3790 647 duntaxat

466 687 759 780 egregio
828 683 1064 756 Budor
1135 702 1233 756 ex
1299 691 1492 776 parte
1549 702 1673 754 sua
1728 683 1796 753 ὡ
1845 679 2264 774 reliquorum
2333 677 2691 752 foeminini
2759 699 2982 752 sexus
3051 676 3395 751 bominum
3475 676 3789 750 Familiae

466 786 1038 864 Kerechenianae
1094 783 1320 859 eidem
1356 783 1731 877 Privilegio
1787 804 1997 878 snper
2043 784 2600 877 incorporatione
2639 785 2706 854 «t
2739 783 3213 875 acceptatione
3267 779 3790 854 contradicente.

1721 985 2058 1079 Magister
2109 983 2504 1059 Ludovicus
2538 982 2801 1077 Vagics
2852 982 2940 1057 de
2975 981 3181 1079 Nagy
3230 982 3458 1057 Mlaka
3505 1005 3597 1056 m.
3632 1005 3700 1080 p.

2409 1108 2802 1163 hmo-enfin·
2832 1107 3018 1178 neg-i.

463 1285 543 1340 Ex
578 1286 800 1357 supplici
836 1284 1034 1339 Libello
1070 1283 1124 1338 1..
1162 1293 1214 1338 et
1249 1283 1309 1338 R.
1346 1281 1539 1352 Oppidi
1578 1279 1863 1348 cithario,
1903 1280 2134 1334 comitiis
2172 1280 2340 1351 Regni
2375 1279 2672 1351 nungariae
2708 1287 2949 1347 porrecto
2996 1288 3049 1332 et
3084 1281 3221 1350 typis
3256 1280 3488 1350 vulgato.

1945 1886 2323 1970 ccxl.

1351 2151 1560 2221 Anno
1620 2148 1858 2221 1673.
1941 2150 2058 2220 die
2111 2147 2244 2219 30.
2295 2147 2493 2221 Juliaez
2577 2145 2907 2219 Vacunae.

459 2383 1037 2490 Leopoldus
1119 2382 1318 2463 Rex
1400 2381 1901 2487 stipendia
1987 2406 2162 2486 pro
2246 2381 2861 2462 confiniaria
2942 2384 3301 2462 militia
3382 2388 3779 2488 promit-

460 2528 623 2624 tit3
700 2523 1577 2602 Locumtenentem
1657 2518 1896 2598 Bani
1979 2521 2237 2599 ultro
2323 2544 2703 2624 quoque
2796 2545 2966 2599 suo
3038 2521 3404 2600 officio
3505 2521 3776 2626 fungi

458 2661 733 2762 vult3
856 2661 1617 2739 renovationem
1710 2656 2280 2761 diplomatis
2374 2658 2488 2736 de
2589 2657 3098 2737 fidelitate
3206 2656 3776 2738 Croatorum

1910 2795 2356 2898 spondet

769 3040 1213 3130 Reverende,
1264 3038 1749 3131 Honorabiles,
1805 3037 2263 3137 Spectabiles,
2315 3038 2688 3134 Magnifici,
2759 3039 3046 3137 Egregii
3099 3049 3171 3115 et
3219 3040 3538 3132 Nobiles,
3606 3043 3778 3115 Prn-

459 3141 703 3217 dentes
757 3147 916 3217 item
973 3166 1058 3217 ac
1114 3140 1632 3238 Circumspecti,
1685 3142 1929 3218 fideles
1984 3140 2183 3217 nobis
2239 3142 2488 3216 dilecti.
2575 3144 2680 3216 Ea
2726 3149 2980 3234 omnia,
3038 3168 3214 3240 quae
3266 3156 3403 3217 tam
3456 3169 3586 3242 per
3635 3147 3779 3219 Lit-

453 3257 641 3320 teras
697 3246 1193 3343 Supplicesque
1247 3246 1571 3336 Libellos,
1626 3268 1827 3342 qnam
1879 3269 2007 3343 per
2057 3245 2442 3339 Ablegatos
2476 3246 2770 3323 Vestros
2814 3248 3159 3324 Maiestati
3207 3259 3492 3323 nostrae
3548 3249 3776 3324 diebus

454 3351 649 3424 hisce
684 3354 1069 3447 praeteritis
1119 3350 1420 3424 demisse
1475 3351 1919 3445 proponenda
1973 3350 2694 3447 repraesentandaque
2748 3350 3104 3443 habuistis,
3144 3353 3525 3426 clementer
3576 3354 3774 3427 intel-

450 3454 775 3548 ligentes,
833 3455 964 3527 hoc
1016 3465 1088 3528 ut
1142 3458 1448 3548 sequitur
1500 3452 1706 3528 modo
1760 3464 2033 3527 nosmet
2087 3464 2373 3527 eatenus
2427 3460 2795 3549 punctatim
2847 3458 3283 3532 resolvimus.

760 3557 847 3630 Et
900 3560 1117 3653 primo
1174 3558 1446 3654 quidem
1518 3557 1742 3652 quoad
1796 3557 2101 3629 Militiam
2155 3568 2460 3630 nostram
2532 3558 3000 3632 confiniariam
3072 3560 3159 3633 ad
3229 3563 3589 3657 pristinum
3640 3582 3773 3633 nu-

450 3682 709 3732 merum
790 3661 1265 3755 redigendam,
1344 3662 1890 3755 solutionemque
1962 3662 2141 3735 illius
2210 3661 2682 3735 maturandam
2735 3673 2806 3736 et
2859 3664 3412 3754 accelerandam,
3492 3663 3773 3738 eandem

446 3763 629 3836 baud
683 3767 775 3835 ita
815 3764 1075 3860 pridem
1132 3765 1219 3837 ad
1253 3764 1440 3838 Mille
1491 3760 1726 3860 Capita
1782 3762 2135 3836 reductam
2188 3786 2313 3860 pro
2350 3766 2607 3860 vigiliis
2663 3765 2997 3841 obeundis
3049 3766 3593 3862 Regnorumqne
3645 3768 3774 3839 bo-

447 3889 597 3939 rum
650 3877 1039 3940 nostrorum
1094 3867 1528 3954 defensione,
1584 3866 1791 3940 modo
1843 3870 1913 3940 in
1964 3867 2141 3941 locis
2197 3866 2580 3942 Stationum
2636 3891 2915 3944 suarum
2969 3881 3040 3944 et
3081 3870 3454 3945 Praesidiis
3509 3871 3770 3945 Nostris

448 3980 847 4045 constanter
897 3981 1322 4068 permaneat,
1378 3969 1698 4044 sufficere
1751 3993 1964 4066 posse
2015 3972 2424 4064 iudicantes,
2481 3969 2816 4046 Gamerae
2869 3973 3171 4048 Nostrae
3218 3974 3515 4048 Aulicae
3597 3978 3774 4049 serio

447 4078 939 4163 commisimus,
1022 4097 1111 4146 ne
1166 4075 1579 4149 solutionem
1657 4075 1839 4147 illam
1922 4072 2390 4148 confiniariam
2470 4076 2608 4150 ullo
2658 4077 2865 4150 modo
2920 4079 3207 4174 amplius
3277 4077 3574 4170 differat,
3639 4101 3770 4151 ve-

440 4198 593 4250 rum
646 4176 734 4250 ad
790 4176 1016 4251 debita
1072 4200 1198 4251 sua
1252 4178 1409 4251 loca
1463 4187 1811 4274 praetacta
1882 4177 2208 4252 videlicet
2279 4189 2516 4253 nostra
2587 4177 2898 4253 Confinia
2967 4179 3372 4278 propediem
3443 4183 3760 4278 expediat

441 4292 510 4353 et
563 4302 688 4377 pro
742 4279 971 4355 futuro
1028 4280 1116 4355 de
1171 4281 1399 4356 medio
1452 4285 1524 4354 in
1570 4281 1865 4355 medium
1917 4283 2192 4354 Annum
2250 4282 2667 4356 ordinarium
2717 4284 3001 4357 Militem
3053 4296 3365 4359 nostrum
3415 4283 3766 4360 Confinia-

440 4388 614 4457 rium
668 4386 976 4460 exolvat.
1087 4382 1216 4458 Cui
1268 4384 1614 4480 benignae
1667 4385 1964 4462 Nostrae
2046 4387 2475 4481 dispositioni
2531 4397 2601 4459 et
2652 4386 2976 4461 Mandato
3051 4388 3345 4464 eandem
3411 4387 3760 4464 Cameram

434 4486 759 4562 Nostram
813 4512 909 4562 ex
963 4488 1192 4562 debito
1250 4488 1462 4563 officii
1517 4492 1624 4565 sui
1670 4493 1800 4563 rite
1855 4488 2360 4564 satisfacturam
2413 4490 2580 4562 nulli
2633 4490 3037 4567 dubitamus.

751 4591 1074 4666 Secundo
1149 4596 1331 4665 circa
1406 4592 1718 4666 Officium
1789 4593 2114 4666 Banatus.
2223 4591 2390 4666 Cum
2445 4594 2817 4669 modernus
2892 4595 3200 4670 eiusdem
3271 4593 3762 4669 Locnmtenens

438 4695 661 4770 fidelis
715 4705 950 4793 utpote
997 4706 1239 4772 noster
1292 4695 1701 4794 Spectabilis
1757 4707 1829 4770 et
1877 4695 2286 4792 Magnificus
2343 4695 2597 4773 Comes
2642 4698 2970 4775 Nicolaus
3002 4697 3290 4796 Erdody
3341 4699 3430 4774 de
3463 4697 3764 4795 Monyo-

436 4798 769 4890 rokerek,
839 4799 1092 4875 Montis
1149 4797 1411 4873 Claudii
1482 4812 1552 4873 et
1614 4797 1991 4876 Comitatus
2042 4800 2578 4877 Varasdinensis
2651 4813 3022 4899 perpetuus
3089 4802 3371 4895 Comes,
3440 4800 3764 4877 Praesidii

437 4902 678 4978 Nostri
728 4903 1152 4979 Petrinensis
1205 4902 1581 5001 Supremus
1636 4902 2078 5001 capitaneus,
2161 4901 2594 4980 Camerarius
2651 4916 2721 4979 et
2775 4904 3222 4982 Consiliarius
3275 4916 3541 4994 noster,
3593 4906 3759 4978 idem

439 5007 737 5079 officinm
795 5031 946 5081 cnm
999 5008 1308 5106 plenaria
1361 5007 1768 5081 authoritate
1822 5008 2147 5084 effective
2203 5019 2273 5081 et
2305 5011 2661 5083 actualiter
2713 5021 3071 5103 exerceat,
3125 5008 3578 5106 fidelibusque
3629 5028 3757 5080 no-

437 5115 599 5186 stris
666 5109 1068 5206 Regnicolis
1135 5115 1385 5206 vigore
1453 5112 1929 5187 huiuscemodi
1978 5112 2108 5188 sibi
2163 5134 2550 5187 concessae
2624 5112 3050 5197 authoritatis
3103 5113 3288 5190 Juris
3341 5123 3412 5188 et
3457 5114 3758 5187 Justitiae

438 5214 1011 5309 complementum
1083 5215 1558 5292 administrare
1622 5215 1890 5307 valeat,
1967 5217 2266 5312 ideoque
2335 5221 2404 5289 in
2479 5217 2633 5291 solo
2687 5216 3030 5300 duntaxat
3089 5221 3366 5293 nomine
3422 5220 3509 5293 sit
3561 5213 3794 5288 dile-³

435 5315 685 5406 rentia,
765 5316 927 5388 nihil
978 5341 1105 5413 pro
1155 5340 1338 5392 nunc
1390 5320 1523 5393 hac
1576 5323 1646 5393 in
1697 5314 1912 5416 parte
1962 5323 2328 5414 immutari,
2381 5342 2637 5396 ‘verum
2703 5322 2826 5397 tali
2899 5343 3172 5420 quoque
3243 5321 3451 5397 modo
3520 5329 3588 5393 ct
3636 5311 3794 5393 subs
