3950 5917
1634 791 2077 882 XXIX.

1008 1053 1217 1126 Am
1275 1051 1318 1126 1
1332 1051 1513 1126 194.
1582 1055 1699 1127 ace
1749 1052 1828 1127 9.
1879 1054 2074 1128 sam.
2138 1055 2331 1150 apua
2387 1054 2679 1128 rm.

240 1309 832 1419 Emericus‚
906 1315 1256 1419 junior
1312 1313 1555 1420 Rex,
1620 1313 1933 1421 Regia
1998 1319 2617 1398 auctoritate
2677 1316 3258 1442 Dalmatiam
3323 1332 3420 1401 et

1287 1451 1787 1534 Croatiam
1860 1451 2387 1559 gubernat.

468 1693 557 1770 In
605 1698 893 1770 nomine
954 1705 1241 1772 sanctae
1292 1704 1366 1772 et
1414 1693 1813 1773 individuae
1861 1696 2238 1790 'stiunt-tis,
2301 1697 2516 1772 Anno
2583 1695 2676 1772 ab
2740 1697 3223 1776 hesitatione
3271 1700 3359 1776 D.
3414 1700 3509 1777 N.

146 1796 324 1874 lem
384 1791 647 1875 mma
706 1799 919 1873 1194
985 1799 1251 1876 Mensis
1311 1801 1473 1875 Julii
1524 1801 1639 1876 die
1689 1819 1906 1892 nono,
1970 1803 2270 1876 intrante
2339 1801 2714 1876 indictione
2764 1801 2915 1876 ΧΠ.
2986 1805 3165 1900 apud
3215 1803 3513 1903 Tynnm.

144 1899 532 1997 Regnante
582 1903 884 1978 Domino
918 1914 1160 1978 nostro
1210 1904 1409 1993 Bela,
1463 1903 1929 1980 Serenissimo
1978 1901 2181 1999 Rege
2215 1901 2634 1999 Hungariae‚
2687 1903 3099 1999 Dalmaflae
3153 1904 3512 2002 croatiae,

148 2015 363 2102 uque
414 2005 721 2098 Ranae,
768 2016 845 2082 et
890 2006 1249 2082 Almerieo
1302 2006 1709 2102 (Emerico)
1762 2007 1904 2082 filio
1959 2029 2171 2104 super
2217 2006 2627 2082 Dalmatiam
2680 2018 2751 2082 et
2788 2005 3202 2084 chroatiam.
3283 2012 3508 2100 Quum

149 2129 308 2200 nos,
366 2131 631 2205 nempe
679 2110 926 2184 Petrus
988 2109 1420 2206 spalatensis
1487 2110 1695 2186 Sedis
1764 2110 2449 2208 Archi-Episcopus,
2515 2131 2658 2185 una
2719 2131 2875 2185 cum
2948 2111 3270 2188 Mathaeo
3339 2114 3406 2186 N
3408 2137 3513 2188 o-

148 2216 359 2286 tensi
428 2212 791 2309 Episcopo
862 2223 937 2287 et
992 2214 1332 2288 Damiano
1402 2213 1760 2288 Jadertino
1831 2213 2128 2304 Comite,
2201 2224 2274 2289 et
2342 2212 2721 2306 Grubessa.,
2793 2214 3148 2312 Spalatino
3203 2213 3509 2309 Gemite,

148 2319 693 2411 caeterisque
751 2315 1215 2407 Nobilibus,
1288 2340 1575 2414 quorum
1628 2320 1902 2392 nomina
1956 2317 2243 2390 inferius
2299 2316 2837 2408 subscribentur,
2913 2321 2986 2392 in
3033 2317 3355 2396 Ecclesia
3421 2320 3502 2394 S.

148 2417 449 2492 «loannis
507 2418 597 2493 de
649 2419 878 2516 Tyno,
948 2421 1039 2493 ad
1092 2426 1640 2513 controversias,
1711 2421 1896 2517 quod
1963 2425 2145 2494 inter
2212 2420 2642 2517 Templarios
2698 2431 2770 2495 et
2818 2425 3312 2497 monasterium
3365 2422 3499 2497 SS.
3661 2463 3684 2478 -

154 2519 464 2595 Cosznae
548 2531 625 2596 et
668 2521 988 2596 Damiani
1054 2545 1183 2619 pro
1242 2528 1447 2598 terris
1501 2534 1604 2598 et.
1625 2546 1957 2619 aquarum
2027 2521 2433 2599 decursibus
2501 2522 2974 2616 vertebantur,
3043 2526 3507 2620 resecandas,

154 2623 243 2698 de
292 2624 631 2699 mandato
700 2630 902 2720 regio
972 2627 1482 2716 resideremus3
1550 2638 1712 2723 post
1777 2628 2027 2700 multas
2094 2628 2608 2718 altercationes,
2674 2636 2745 2699 et
2793 2626 3037 2718 verba,
3108 2650 3289 2724 quae
3334 2651 3508 2704 me-

155 2739 473 2801 moratae
526 2728 900 2802 Ecclesiae
950 2731 1132 2802 inter
1183 2751 1264 2805 se
1318 2729 1664 2803 habebant
1712 2771 1816 2783 -—
1869 2772 1972 2783 —
2028 2729 2116 2802 de
2168 2730 2524 2803 voluntate
2593 2733 2945 2826 utriusque
2996 2735 3209 2826 partis
3263 2736 3509 2807 susci-

152 2834 425 2927 pientes
480 2853 613 2927 pro
666 2829 852 2905 bono
908 2836 1128 2928 pacis
1183 2841 1254 2906 et
1307 2833 1754 2924 concordiae,
1806 2834 2014 2906 talem
2066 2836 2247 2904 inter
2296 2843 2621 2929 utrasque
2692 2832 3053 2908 Ecclesias
3123 2832 3357 2925 finem,
3427 2846 3511 2910 et

154 2935 577 3008 divisionem
633 2938 1130 3008 auctoritate
1183 2939 1415 3029 regia
1489 2940 2020 3032 composuimus.
2094 2935 2312 3027 (Hinc
2366 2936 2616 3010 limites
2673 2935 3182 3027 describunturg,
3235 2935 3495 3012 deinde

150 3038 241 3109 'un
272 3040 792 3133 prosequitur).
844 3036 1238 3112 stabilimus
1290 3041 1523 3131 etiam,
1576 3049 1656 3112 vt
1690 3042 1751 3112 si
1787 3061 1920 3134 qua
1962 3042 2318 3134 utriusque
2352 3042 2563 3133 partis
2617 3043 2893 3134 antiqua
2948 3050 3320 3112 tutamenta
3370 3041 3500 3114 vel

152 3145 437 3237 scripta,
494 3149 776 3237 praeter
825 3140 1004 3213 hanc
1056 3151 1340 3216 nostrae
1396 3139 1714 3215 Chartam
1778 3145 2282 3216 constitutionis
2335 3184 2440 3195 —
2490 3185 2595 3196 —
2647 3146 3180 3237 praesumserit3
3236 3143 3493 3217 Omni-

150 3248 451 3339 potentis
507 3244 673 3336 Dei,
740 3242 1286 3340 Sanctorumque
1341 3243 1837 3341 Apostolorum
1904 3245 2093 3317 Petri
2147 3254 2217 3317 et
2262 3243 2480 3333 Pauli,
2553 3248 2988 3340 omniumque
3061 3245 3504 3339 Sanctorum,

150 3357 219 3420 et
266 3357 589 3421 nostram
640 3346 1195 3421 maledictionem
1260 3349 1606 3438 incurrat3
1667 3347 1922 3443 fiatque
1994 3348 2382 3436 anathema,
2464 3355 2535 3421 et
2587 3369 2796 3443 super
2845 3348 2982 3420 hoc
3032 3369 3259 3444 poena
3315 3348 3504 3422 dua-

146 3472 295 3522 rum
346 3449 684 3522 librarum
740 3454 889 3522 auri
938 3452 1320 3524 mulctetur.
1411 3452 1605 3538 Quae
1661 3455 1889 3524 omnia
1941 3450 2136 3522 firma
2192 3459 2265 3522 et
2312 3459 2461 3522 rata
2515 3472 2679 3524 esse
2722 3451 3070 3542 volumus,
3123 3463 3506 3547 praesente

150 3552 509 3627 enuntio
561 3552 929 3647 Magistro,
980 3563 1055 3627 et
1103 3552 1319 3627 fratre
1369 3554 1572 3628 Aeso
1642 3563 2102 3651 praeceptore
2155 3563 2227 3626 et
2278 3551 2596 3628 omnibus
2664 3552 3031 3643 frati-ibam
3099 3563 3171 3627 et
3234 3552 3499 3628 Domi-

144 3659 301 3730 nico
353 3655 671 3745 Abbate,
720 3657 1060 3731 Privioria
1110 3656 1454 3731 monacho
1525 3666 1597 3730 et
1672 3658 2143 3731 Diminosebia
2211 3657 2582 3748 monacho,
2650 3660 3051 3752 cunctisque
3121 3656 3498 3748 fratribus3

146 3782 385 3834 eora-
437 3759 718 3834 idoneis
754 3758 1072 3852 testibus,
1125 3760 1337 3836 Petro
1391 3760 1780 3855 Sagarelle,
1835 3770 1907 3834 et
1956 3760 2298 3834 Tolmatio
2355 3770 2428 3833 et
2474 3760 2782 3850 Burello‚
2835 3760 3238 3857 presbiteris
3294 3759 3490 3857 Spa-

144 3863 399 3938 htinis.
508 3863 619 3936 De
687 3863 1059 3938 Jadertinis
1127 3886 1306 3938 vero
1382 3864 1659 3938 fuerunt
1726 3874 1946 3939 testes
2001 3865 2107 3936 bi:
2170 3864 2467 3937 Petruna
2542 3862 2825 3954 Cucille,
2898 3865 3114 3937 Peitiz
3165 3863 3496 3953 vitache,

144 3966 365 4042 Psilis
416 3966 811 4058 Mimans,
867 3966 1211 4062 Georgius
1264 3964 1523 4064 sappo.
1576 3968 1755 4042 Bitte
1808 3967 1897 4040 de
1949 3966 2154 4058 huda,
2206 3967 2386 4040 Bitte
2438 3966 2803 4042 Prestantii
2839 3990 2996 4040 cum
3047 3967 3261 4040 fratre
3317 3965 3492 4039 Gri-

144 4092 461 4167 sogouo,
515 4070 763 4145 Petrus
816 4068 1133 4146 Salax-adi
1174 4071 1715 4168 Templariorum
1742 4071 2152 4156 advocatus,
2209 4080 2281 4144 et
2333 4092 2533 4165 quam
2585 4072 2817 4166 plures
2871 4072 3007 4142 alii.
3112 4069 3224 4141 De
3275 4067 3500 4142 Scla-

144 4180 259 4250 vis
312 4196 507 4249 vero
560 4174 835 4247 fuerunt
890 4183 1115 4250 testes
1182 4175 1292 4248 hi:
1347 4174 1436 4249 de
1496 4175 1837 4265 Dominis„
1907 4174 2243 4269 Jupanus.,
2314 4171 2732 4248 chominis
2789 4172 3121 4268 ιῐιιριιιιιιει,
3174 4170 3492 4246 Berisius

140 4279 491 4376 lupun-s,
547 4276 927 4353 Grubescia
980 4276 1227 4352 Gaudii
1275 4278 1609 4375 anmns,
1662 4289 1734 4351 et
1786 4277 2086 4352 Slillizus
2138 4277 2447 4373 Jupanus
2494 4299 2648 4350 cun.
2701 4275 3003 4372 pluribus
3057 4274 3232 4348 aliis.
3287 4274 3498 4347 Fue-

144 4393 307 4455 runt
384 4384 600 4455 etiam
670 4392 895 4456 testes
969 4381 1224 4456 ibidem
1301 4382 1373 4455 hi
1436 4381 1883 4456 venerabiles
1967 4384 2142 4455 viri:
2226 4378 2607 4475 Gregorii&
2678 4380 3165 4452 Antivarensis
3216 4376 3498 4450 Archi-

142 4485 545 4584 Episcopus
597 4494 671 4560 et
720 4485 1127 4560 Vincentius
1180 4485 1418 4559 Sancti
1472 4484 1915 4583 Chrysogoni
1962 4483 2242 4574 Abbas‚
2312 4506 2468 4556 cum
2519 4486 2667 4558 suis
2720 4481 3076 4555 monachis
3130 4489 3201 4553 et
3252 4480 3491 4556 multis

144 4590 235 4662 de
282 4589 521 4687 plebe.
616 4588 713 4662 Et
760 4611 901 4684 ego
950 4589 1246 4664 Basilius
1300 4589 1632 4663 diaconus
1687 4599 1759 4663 et
1807 4588 2207 4662 Jadertinae
2264 4585 2576 4662 Civitatis
2626 4585 2978 4674 Notarius,
3031 4587 3146 4679 qui
3184 4584 3499 4676 interfui,

142 4692 329 4768 hnc
382 4696 897 4769 constitutionis
947 4704 1018 4766 et
1070 4693 1489 4767 concordiae
1544 4694 1915 4767 chartulam
1964 4696 2168 4787 jussu
2211 4694 2357 4784 jam
2429 4690 2592 4763 dicti
2640 4687 3238 4785 Archi—&iscopi
3291 4688 3491 4786 Spa-

146 4797 468 4890 heusis,
522 4807 597 4871 et
642 4796 997 4872 Nouensis
1045 4796 1399 4894 Episcopi,
1454 4820 1542 4871 ac
1596 4796 1933 4871 Comitum
1985 4798 2707 4893 praescriptorumque
2757 4795 3028 4867 testium
3083 4802 3359 4887 rogatu,
3411 4800 3496 4863 ut

150 4901 410 4992 adivi,
469 4902 849 4998 complevi.
898 4900 1254 4992 roboravi,
1308 4912 1379 4975 et
1431 4904 1632 4996 signo
1688 4910 2032 4976 consveto
2088 4902 2382 4993 signavi.

146 5103 347 5162 lutati.
382 5105 647 5176 Illyricum
684 5105 901 5159 Sacrum
935 5103 990 5158 Τ.
1025 5104 1112 5158 m.
1144 5122 1201 5174 p.
1235 5104 1356 5163 225.
1391 5136 1460 5147 —
1497 5105 1694 5160 Katona
1729 5104 1791 5158 Η.
1828 5102 1887 5157 C.
1922 5104 1984 5157 R.
2019 5102 2083 5155 11.
2117 5101 2259 5155 Tem.
2294 5099 2378 5154 lv.
2414 5117 2535 5172 pag.
2572 5101 2693 5154 428.
2729 5117 2810 5171 sq.
2844 5130 2915 5142 -·
2949 5098 3104 5168 Fejer
3138 5095 3317 5150 Codex
3351 5092 3502 5163 nipl.

458 5193 629 5266 Regni
665 5189 841 5263 flung.
875 5190 933 5245 Τ.
963 5187 1029 5245 ΙΙ.
1063 5207 1117 5263 p.
1145 5191 1269 5246 296.

2971 5515 3071 5587 5¹}
