3950 5917
3292 445 3447 527 305

1588 963 1953 1048 coll.

1143 1171 1183 1245 1
1196 1169 1383 1247 626.
1465 1173 1580 1245 die
1635 1170 1709 1243 6.
1763 1171 2038 1278 Aprilis
2104 1172 2432 1248 Vae'ennae.

114 1380 805 1464 Ferdinandus
886 1379 980 1461 Π.
1072 1379 1274 1488 Rex
1365 1381 1922 1485 aliquorum
1985 1387 2621 1489 negotiorum
2682 1382 3003 1489 Regni
3083 1383 3445 1465 Slavo-

31 1550 32 1583 ¹
115 1525 338 1599 niae
435 1543 727 1599 causa
825 1522 1630 1599 commissionem
1720 1523 2060 1624 mittit,
2176 1524 2325 1601 cui
2419 1522 3000 1627 regnicolas
3094 1546 3450 1626 parere

1624 1656 1937 1762 jubet

118 1870 591 1948 Ferdinandus
629 1872 1018 1964 Secundus,
1069 1872 1201 1946 Dei
1237 1875 1456 1967 gratia
1512 1873 1777 1946 electus
1824 1817 2292 1947 Romanorum
2343 1874 2727 1972 Imperator
2760 1897 3035 1972 semper
3066 1875 3449 1970 Augustus,

844 1999 932 2049 ac
984 1974 1422 2067 Germaniae,
1474 1974 1896 2070 Hungariae,
1950 1975 2326 2052 Bobemiae
2381 1982 2508 2051 dcc.
2561 1978 2739 2052 Rex.

434 2181 858 2272 Reverendi,
910 2177 1396 2270 Honorabiles,
1450 2178 1904 2277 spectabiles,
1941 2180 2313 2275 Magnifici,
2349 2180 2634 2277 Egregij
2691 2191 2762 2256 et
2812 2181 3123 2275 Nobiles,
3174 2182 3451 2260 Fideles

116 2285 323 2360 nobis
391 2284 642 2359 dilecti.
759 2284 956 2383 Quae
1006 2284 1353 2377 majestati
1409 2282 1710 2357 Nostrae
1780 2292 1913 2355 tam
1976 2287 2044 2356 iu
2097 2285 2314 2359 literis
2370 2285 2457 2358 ad
2509 2307 2640 2359 nos
2694 2285 2870 2360 datis
2924 2286 3228 2360 demisse
3275 2309 3449 2383 per-

118 2391 522 2485 scripsistis,
604 2410 807 2485 quam
887 2390 1092 2461 etiam
1170 2410 1297 2484 per
1374 2385 1860 2460 HonorabiIem
1940 2386 2388 2461 Benedictum
2464 2387 2899 2476 Vinkovicb,
2976 2387 3448 2485 Praepositum

117 2492 459 2585 HaJorem
513 2502 583 2565 et
634 2490 1053 2565 canonicum
1105 2489 1469 2564 Ecclesiae
1519 2488 2008 2584 Zagrabiensis
2059 2494 2461 2579 nunciastis,
2525 2496 2594 2564 in
2647 2496 2928 2585 negotio
2984 2489 3449 2567 Commissio-

116 2600 227 2670 uis
295 2595 719 2669 Sclavoniae
790 2593 1272 2690 suscipiendae
1344 2603 1416 2666 et
1480 2592 2031 2689 prosequendae,
2105 2617 2200 2667 ex
2268 2596 2602 2668 relatione
2682 2594 2994 2686 ejusdem
3076 2596 3454 2670 clementer

117 2699 606 2772 intelleximus.
711 2697 826 2772 Ad
879 2696 1423 2772 constituendum
1493 2699 1722 2792 itaque
1792 2706 2104 2792 pacatum
2177 2706 2422 2771 statum
2491 2702 2559 2770 in
2614 2697 2914 2794 partibus
2981 2700 3161 2789 istis,
3227 2722 3327 2771 ac
3375 2708 3451 2771 nt

120 2801 659 2876 ordinationibus
712 2803 995 2893 nostris,
1064 2823 1151 2873 ea
1202 2803 1273 2874 in
1326 2809 1519 2896 parte
1571 2802 1834 2874 iteratis
1884 2797 2154 2874 vicibus
2207 2800 2410 2874 factis
2464 2810 2536 2874 et
2577 2823 2701 2896 pro
2768 2804 3181 2875 executione
3244 2823 3450 2874 com-

31 3000 32 3013 *
120 2905 562 2980 missionibus
629 2905 801 2979 datis
872 2914 1175 3000 votoque
1245 2903 1777 2998 Regnicolarnm
1848 2902 2243 2996 satisfieret,
2319 2925 2446 3000 pro
2514 2927 2696 2977 nunc
2768 2927 3042 3000 quoque
3113 2903 3450 2998 delegatis

118 3008 635 3101 commissarijs
705 3011 958 3082 nostris
1029 3012 1580 3105 prosecutionem
1656 3004 2179 3081 commissionis
2255 3010 2696 3101 injunximus.
2803 3006 2957 3080 Non
3040 3006 3449 3098 dubitamus,

31 3194 32 3211 χ
120 3117 275 3209 quin
330 3111 700 3209 superinde
755 3112 840 3184 ab
894 3116 1045 3208 ipso
1101 3109 1621 3185 Commissionis
1674 3108 2031 3199 Praeside,
2107 3108 2293 3183 fideli
2342 3120 2582 3185 nostro
2635 3107 2837 3183 nobis
2890 3110 3143 3183 dilecto
3196 3109 3448 3184 Reve-

122 3215 341 3290 rendo
396 3215 690 3288 Nicolao
742 3214 988 3306 Dalos,
1051 3214 1396 3311 Episcopo
1469 3214 1836 3286 Jauriense
1912 3212 2192 3308 locique
2260 3213 2569 3305 ejusdem
2627 3210 2892 3286 Comite
2961 3220 3291 3308 perpetuo
3362 3235 3450 3283 ac

121 3319 535 3394 Consiliario
586 3327 854 3410 nostro,
900 3318 989 3391 de
1020 3327 1332 3414 tempore
1384 3320 1697 3390 nimirum
1752 3325 1823 3388 et
1871 3315 2032 3389 loco
2070 3339 2156 3388 ac
2190 3317 2344 3408 aliJs
2399 3318 2770 3413 requisitis,
2825 3323 3160 3411 quatenus
3211 3322 3443 3409 partes

122 3426 577 3498 interessatae
631 3445 795 3502 sese
859 3421 1318 3496 accomodare
1368 3423 1658 3516 possint,
1711 3421 2203 3493 intimationem
2256 3423 2605 3515 accepturi
2657 3420 2848 3493 estis.
2954 3416 3110 3489 Non
3165 3414 3444 3489 dubita-

120 3549 270 3602 mus
335 3529 543 3600 etiam
613 3525 975 3601 fidelitates
1036 3524 1329 3598 Vestras
1382 3529 1451 3597 in
1505 3523 1642 3598 boc
1692 3526 1995 3617 negocio
2049 3521 2570 3596 Commissionis
2626 3543 2715 3594 eo
2767 3530 2971 3616 pacto
3024 3517 3450 3592 exhibituras

122 3652 309 3720 esse,
367 3639 443 3702 ut
493 3629 581 3702 de
636 3628 1053 3726 obsequiosa
1106 3627 1743 3702 accommodatione
1778 3626 2059 3716 Vestra,
2111 3626 2447 3699 mandatis
2492 3634 2565 3698 et
2598 3621 3135 3697 ordinationibus
3188 3625 3444 3696 nostris

122 3733 499 3823 declarata,
569 3731 869 3826 benigne
940 3735 1240 3806 contenti
1293 3731 1614 3803 redamur
1681 3739 1754 3802 et
1812 3730 2084 3826 publico
2138 3729 2364 3824 Regni
2416 3727 2600 3802 bono
2674 3736 2744 3800 et
2794 3727 3257 3822 permansioni
3310 3745 3448 3796 co-

118 3840 305 3910 muni
360 3837 747 3910 consultum
799 3858 962 3911 esse
1018 3845 1241 3932 queat.
1348 3832 1606 3920 Quibus
1659 3836 1867 3905 etiam
1931 3836 2004 3906 in
2083 3834 2345 3930 reliquo
2400 3834 2621 3928 gratia
2673 3840 2745 3904 et
2795 3831 3159 3903 clementia
3210 3835 3449 3901 nostra

120 3939 477 4016 Caesarea
532 3949 603 4012 et
651 3938 874 4034 Regia
927 3938 1224 4034 benigne
1275 3938 1599 4034 propensi
1651 3958 2030 4010 manemus.
2137 3935 2385 4008 Datum
2435 3938 2508 4010 in
2562 3932 2854 4007 Civitate
2899 3943 3135 4007 nostra
3175 3930 3448 4003 Vienna

124 4043 234 4118 die
290 4053 494 4119 sexta
556 4041 818 4117 Mensis
870 4042 1148 4139 Aprilis.
1255 4041 1463 4114 Anno
1524 4037 1990 4112 MDCXXVI.

438 4247 931 4323 Ferdinandus.

2413 4395 2720 4494 Stepban
2777 4393 3137 4494 Sennyey,

2337 4522 2549 4578 noctu·
2587 4521 2876 4591 Ερὶιωρυ
2911 4520 3226 4574 Vae-{m

118 4697 196 4752 lx
227 4699 531 4756 Protoeollo
564 4698 735 4769 Regni
771 4696 1205 4769 Congregationia
1239 4696 1307 4752 Α.
1346 4697 1501 4751 1626.

333 5524 1099 5598 (emimentem.)
1792 5469 1805 5476 ”
2929 5489 3036 5563 39
