3950 5917
523 421 673 512 97³

1815 949 2544 1042 ccxxvru.
2674 928 2682 936 '

1495 1244 1705 1316 Amo
1776 1242 1812 1314 ι
1828 1242 2008 1314 7oe.
2085 1191 2156 1313 σὲ
2205 1242 2396 1314 Jews.
2516 1239 2833 1313 uma·

518 1437 1071 1611 Leopoldus
1162 1503 1357 1587 Rex
1451 1501 2037 1588 fidelitatem
2129 1501 2290 1585 SS.
2363 1515 2466 1585 et
2514 1502 2685 1585 00.
2777 1499 3093 1610 Regni
3187 1500 3648 1586 Croats‘ae
3745 1514 3836 1583 et

522 1643 1053 1725 stomata-e
1145 1644 1476 1724 laudat
1561 1654 1654 1725 et
1733 1646 2585 1722 conservationem
2679 1641 3233 1722 liberta-tun
3310 1652 3410 1721 et
3470 1643 3831 1746 jurium

1349 1779 1870 1863 eorundem
1948 1779 2109 1861 SS.
2174 1791 2266 1860 et
2324 1777 2494 1860 00.
2558 1779 2996 1886 spondet.

830 2052 1130 2142 Fideles,
1182 2054 1460 2143 Devoti,
1498 2053 1764 2128 Dilecti.
1817 2054 2058 2127 Relata
2100 2052 2258 2126 mihi
2294 2063 2404 2127 est
2436 2075 2476 2125 a
2510 2051 2933 2128 cancellaria
2969 2075 3121 2126 mea
3160 2052 3830 2127 Aulion-Austrino-

516 2156 1011 2231 Reb'ellantium
1066 2158 1541 2252 Hungarorum
1596 2162 1892 2254 pessima
1948 2162 2230 2230 intentio
2281 2167 2351 2230 et
2403 2179 2800 2253 perversum
2859 2157 3173 2246 studium,
3246 2179 3380 2252 quo
3432 2157 3826 2254 perduelles

513 2258 938 2354 Ragocziani
990 2261 1332 2335 Asseclae
1386 2261 1772 2356 defectique
1824 2260 2054 2335 Militis
2107 2260 2450 2334 Praefecti
2502 2285 2542 2332 a
2579 2260 2714 2334 fide
2766 2271 2840 2360 at
2869 2264 3146 2359 pietate,
3200 2284 3400 2358 quam
3448 2260 3607 2333 mibi
3645 2260 3824 2356 Regi

517 2386 645 2438 suo
699 2363 976 2453 debent,
1037 2387 1171 2438 vos
1223 2365 1516 2461 inclytos
1585 2364 1984 2460 Regnorum
2052 2387 2361 2438 meorum
2430 2363 2836 2451 Dalmatiae,
2911 2364 3228 2442 Croatiae
3282 2374 3354 2436 et
3403 2364 3826 2437 Sclavouiae

516 2467 751 2542 Status
802 2477 873 2540 et
922 2467 1245 2557 Ordines,
1298 2468 1756 2542 disseminatis
1819 2468 2219 2566 quibusdam
2289 2469 2505 2541 literis
2557 2467 2975 2559 Patentibus,
3028 2468 3153 2543 sub
3207 2471 3531 2564 pristinae
3601 2467 3822 2541 liber-

515 2576 673 2644 tatis
727 2572 1238 2668 recuperandae
1301 2583 1656 2669 praetextu
1712 2572 1928 2646 Vobis
1997 2572 2174 2646 falso
2247 2582 2607 2666 suggesto,
2678 2577 2743 2645 in
2798 2573 2977 2645 idem
3033 2572 3356 2665 flagitium
3425 2571 3704 2644 trahere
3756 2582 3820 2643 et

518 2696 765 2749 nomen
817 2687 1124 2749 vestrum
1160 2699 1292 2748 una
1336 2699 1487 2749 cum
1542 2699 1778 2749 eorum
1816 2675 1968 2748 Deo
2007 2688 2075 2750 et
2112 2675 2272 2766 orbi
2314 2698 2602 2749 exosum
2656 2676 2951 2749 reddere
3002 2675 3445 2769 satagebant3
3495 2675 3587 2748 Et
3621 2699 3816 2771 quam

519 2777 739 2852 Nobili
792 2802 833 2850 e
877 2801 1252 2868 converso,
1307 2783 1642 2852 constanti
1695 2789 1765 2852 et
1815 2783 2265 2876 imperterrito
2322 2802 2595 2874 semper
2664 2784 2887 2852 auimo
2958 2801 3095 2852 non
3148 2780 3365 2851 solum
3436 2784 3820 2852 venenosis

515 2883 851 2973 ejusmodi
907 2882 1243 2975 blanditijs
1299 2893 1368 2955 et
1419 2883 1954 2970 seductionibuS,
2010 2887 2146 2954 imo
2200 2894 2271 2955 et
2322 2882 2705 2956 subsecutis
2778 2887 3000 2970 minis,
3071 2883 3406 2975 incendijs
3461 2893 3528 2955 et
3586 2882 3814 2955 deva-

515 2986 914 3059 stationibus
966 2985 1318 3082 bucusque
1367 2987 1634 3061 fortiter
1685 2990 2093 3074 restiteritis,
2148 3009 2387 3059 verum
2442 2997 2511 3060 et
2563 3010 2694 3080 qua
2748 2985 2906 3072 fide,
2975 2985 3350 3082 quibusque
3404 2987 3698 3076 viribus„
3751 2997 3817 3058 et

514 3110 648 3184 quo
701 3112 926 3161 rerum
980 3089 1167 3163 felici
1218 3113 1550 3164 successu
1610 3094 1748 3163 vim
1803 3094 1876 3164 vi
1929 3091 2337 3187 repuleritis,
2410 3090 2773 3163 ditionibus
2844 3094 3018 3163 meis
3083 3093 3426 3163 interioris
3489 3090 3819 3163 Austriae

512 3203 712 3288 opem
769 3194 1080 3284 tuleritis,
1132 3203 1204 3266 et
1251 3216 1390 3268 nou
1444 3197 1664 3268 miuus
1716 3193 2042 3267 rebellem
2112 3193 2480 3267 factionem
2552 3193 2775 3266 Patria
2843 3193 3094 3266 Vestra
3169 3195 3540 3286 ejeceritis,
3613 3218 3814 3289 quam

515 3295 802 3369 eandem
856 3300 1005 3391 ipsa
1058 3320 1328 3393 quoque
1380 3302 1448 3371 in
1501 3302 1770 3396 propria
1826 3302 1933 3371 sui
1984 3297 2208 3370 Patria
2264 3298 2515 3371 nudato
2571 3297 2861 3393 chalybe
2913 3298 3121 3369 ultum
3177 3301 3457 3371 ineritis.

820 3399 1151 3495 Equidem
1207 3400 1670 3476 Constantiam
1728 3403 1928 3491 banc,
1985 3401 2185 3474 fidem
2242 3403 2418 3475 banc
2470 3412 2541 3474 et
2591 3402 3025 3475 devotionem
3082 3404 3150 3473 in
3187 3400 3449 3493 Regem
3491 3400 3818 3476 Vestrum

511 3507 736 3575 virtuti
790 3515 1070 3577 vestrae
1124 3517 1475 3600 acceptam
1528 3505 1835 3593 ferimus,
1888 3516 1959 3580 et
1995 3510 2268 3601 saepius
2322 3505 2610 3578 eandem
2666 3506 2824 3577 mibi
2876 3516 2945 3578 et
2997 3506 3320 3599 gloriosis
3376 3504 3818 3579 Praedeces-

515 3607 781 3680 soribus
835 3612 1007 3679 meis
1061 3613 1347 3705 egregia
1401 3621 1471 3684 et
1519 3609 1877 3682 laudabilia
1932 3632 2104 3682 sane
2158 3608 2336 3681 facta
2391 3620 2626 3682 vestra
2681 3619 2751 3681 et
2801 3608 3134 3701 Majorum
3187 3618 3578 3681 vestrorum
3635 3632 3820 3705 qua-

509 3713 619 3782 vis
672 3715 737 3784 iu
793 3709 1060 3786 fortuna
1114 3713 1508 3808 probarunt,
1588 3713 1880 3810 indeque
1934 3712 2364 3804 singularem
2420 3735 2640 3786 meam
2696 3723 2766 3785 et
2816 3719 3021 3785 totius
3073 3712 3444 3809 imperialis
3497 3711 3826 3807 Regiae·

509 3804 642 3908 que
694 3815 937 3910 Stirpis
991 3837 1189 3890 meae
1242 3820 1307 3890 in
1361 3839 1499 3907 me,
1553 3815 1912 3890 Nationem
1964 3815 2283 3890 Vestram
2340 3827 2410 3890 et
2459 3815 2779 3890 Patriam.
2832 3819 3117 3911 gratiam
3171 3825 3241 3889 et
3282 3821 3820 3913 propensionem

511 3927 942 4008 meruerunt3
1010 3919 1206 3992 Hanc
1257 3923 1460 4013 igitur
1511 3930 1582 3994 et
1631 3923 2070 4017 imposterum
2126 3931 2567 4010 conservate
2630 3930 2700 3992 et
2744 3922 2940 4013 juxta
2993 3923 3293 3994 innatum
3345 3920 3552 3994 vobis
3601 3922 3816 3994 valo-

508 4044 653 4094 rem
708 4026 1184 4119 virtutemque
1237 4022 1439 4095 fidem
1490 4034 1562 4097 et
1604 4047 1909 4097 amorem
1964 4028 2031 4097 in
2071 4022 2305 4119 Reges
2359 4034 2429 4097 et
2462 4024 2810 4119 Principes
2862 4033 3141 4098 vestros
3194 4025 3530 4098 continuis
3585 4006 3816 4099 bene'·

511 4129 770 4200 meritis
821 4130 1077 4201 vestris
1129 4137 1422 4222 augete3
1485 4125 1695 4218 Certi,
1748 4128 1956 4224 quod,
2010 4132 2187 4201 sicut
2239 4128 2479 4202 eadem
2534 4128 2828 4224 benigna
2899 4149 3181 4225 prorsus
3251 4139 3478 4201 mente
3547 4131 3819 4220 recolo,

508 4240 578 4302 et
632 4251 741 4302 me
796 4240 928 4302 tam
984 4232 1239 4305 avitico
1289 4232 1785 4305 Antcuatorum
1837 4240 2223 4306 vestrorum
2279 4235 2707 4327 incorruptae
2761 4229 3202 4308 Constantine
3237 4231 3433 4326 Zelo,
3486 4254 3696 4328 quam
3746 4235 3813 4305 in

508 4333 615 4407 bis
680 4333 1131 4429 pendentibus
1199 4334 1593 4410 rebellionis
1662 4336 2098 4431 Hungaricae
2163 4335 2614 4429 turbulentiis,
2682 4346 2921 4411 vestro
2994 4358 3266 4432 quoque
3336 4357 3506 4431 erga
3577 4359 3696 4414 me
3748 4345 3820 4410 et

504 4436 887 4531 Augustam
940 4437 1229 4511 Domum
1281 4462 1506 4512 meam
1583 4439 1744 4512 mibi
1813 4441 2068 4513 devote
2147 4440 2477 4513 hacteuus
2554 4439 3018 4514 demonstrato
3093 4437 3390 4514 illibatae
3470 4438 3814 4514 fidelitatis

506 4540 822 4616 Candore
876 4541 1325 4639 Summopere
1377 4553 1767 4616 contentum
1822 4554 1894 4617 et
1946 4546 2371 4617 consolatum
2442 4566 2777 4638 agnosco,
2842 4548 2933 4617 ita
2988 4564 3259 4640 quoque
3331 4545 3576 4638 gratijs
3639 4548 3809 4618 meis

504 4666 628 4740 pro
668 4646 949 4739 -aolatijs
984 4656 1056 4719 et
1088 4649 1525 4720 incrementis
1572 4651 1829 4720 vestris
1864 4670 2001 4720 nou
2041 4646 2280 4735 deero,
2333 4651 2555 4744 prouti
2606 4651 2911 4721 nimirum
2969 4647 3159 4722 bisce
3211 4645 3585 4721 Missilibus
3639 4652 3814 4722 meis

505 4748 920 4823 Caesaream
974 4759 1047 4822 at
1096 4750 1385 4843 Regiam
1437 4753 1723 4845 gratiam
1780 4772 2001 4823 meam
2054 4748 2256 4826 vobis
2310 4753 2599 4848 amplam
2654 4749 3027 4841 confirmo,
3079 4772 3351 4847 vosque
3404 4751 3582 4848 apud
3618 4751 3807 4840 Jun,

500 4855 956 4927 immunitates
1025 4863 1097 4926 et
1156 4852 1506 4928 libertates
1575 4852 2082 4951 Privilegiaqua
2149 4866 2412 4946 vestra,
2484 4859 2660 4931 sicut
2725 4855 3103 4954 bucusque,
3175 4857 3267 4928 ita
3338 4864 3410 4928 et
3480 4856 3807 4952 deinceps

499 4955 763 5053 absque
814 4961 1302 5055 interruptione
1371 4956 1653 5034 firmiter
1720 4969 2165 5035 manutenere
2233 4959 2418 5033 velle
2489 4956 3033 5036 clementissime
3101 4959 3456 5054 polliceor.
3565 4958 3810 5035 Datum

497 5059 815 5135 Viennae
869 5061 983 5136 die
1031 5065 1106 5134 Ξ).
1157 5062 1316 5156 Julij
1376 5060 1599 5136 1704.

813 5285 1271 5382 Leopoldus
1323 5309 1410 5360 m.
1464 5310 1526 5384 p.
