3950 5917
1858 903 2390 992 XXXVI.

1872 1195 2085 1267 Anno
2149 1193 2384 1267 1207.

453 1455 907 1536 Andreas
955 1453 1050 1535 Π.
1112 1393 1693 1559 Hungariae
1731 1451 1935 1535 Rex
1974 1454 2707 1590 Spalatinorum
2768 1465 3063 1561 atque
3125 1458 3433 1536 totius
3495 1454 3812 1563 Regni

1214 1591 1221 1598 ’
1443 1589 1905 1672 Croatiae
1956 1591 2176 1698 jura
2244 1592 2816 1674 confirmat.

765 1879 845 1954 In
895 1881 1176 1953 nomine
1229 1876 1489 1955 Sancte
1562 1878 1937 1971 Trinitatis,
2006 1882 2075 1953 ὡ
2134 1878 2494 1953 Individue
2561 1876 2875 1955 Unitatis.
2983 1878 3305 1955 Andreas
3374 1878 3509 1953 Dei
3559 1880 3808 1974 grafia

464 1982 801 2077 Vngarie,
855 1981 1222 2073 Dalmatio,
1278 1977 1582 2073 croatie,
1634 1981 1856 2055 Rama
1884 1986 1952 2055 dc
1978 1982 2257 2074 Servio,
2313 1980 2611 2075 Gallitie,
2635 1981 3225 2079 Laudomerieque
3276 1982 3438 2056 Rex
3485 1985 3558 2056 in
3607 1997 3802 2078 per-

454 2096 751 2182 potuum.
856 2086 1084 2180 Regie
1155 2083 1585 2160 sublimitatis
1655 2088 1943 2161 interest
1967 2133 1994 2175 ,
2090 2089 2159 2162 oe
2225 2089 2498 2181 equitas
2565 2085 2813 2160 suadet
2879 2087 3248 2177 naturalis,
3314 2095 3393 2160 ut
3457 2088 3576 2180 qui
3653 2107 3796 2160 sua

455 2199 701 2263 statuta
757 2213 798 2262 a
850 2193 995 2264 suis
1050 2188 1576 2265 successoribus
1631 2188 1981 2263 desiderat
2054 2186 2444 2279 observari,
2497 2190 2650 2284 ipse
2703 2211 2976 2285 quoque
3048 2211 3329 2262 suorum
3379 2187 3802 2262 Predeces-

454 2316 688 2366 sorum
740 2297 1096 2368 santiones
1142 2293 1291 2387 pari
1343 2291 1708 2365 stabilitate
1763 2291 2035 2364 studeat
2087 2294 2519 2379 conservari,
2573 2300 2649 2364 nt
2716 2292 2901 2364 nulla
2971 2301 3316 2365 vetustate
3370 2291 3795 2365 dissolvan—

453 2408 587 2486 tur,
640 2419 776 2492 que
830 2395 1349 2472 succedentium
1402 2392 1533 2469 sibi
1582 2392 1855 2486 Regum
1922 2397 2298 2468 auctoritas
2368 2392 2733 2468 stabilitate
2793 2405 3125 2492 perpetua
3199 2395 3598 2468 decreverit
3647 2415 3801 2467 ro-

362 2503 405 2548 <
452 2499 732 2589 horare,
784 2498 954 2573 Inde
1006 2507 1140 2587 est,
1222 2496 1403 2593 quod
1472 2496 1844 2590 Privilegia
1917 2519 1958 2569 a
2028 2495 2652 2571 Predecessoribus
2720 2496 2995 2572 Nostris
3065 2499 3379 2592 gloriose
3446 2499 3800 2572 memorio

452 2602 790 2696 Regibus,
860 2601 1187 2676 videlicet
1236 2600 1427 2688 Avo,
1484 2604 1549 2673 dc
1600 2600 1805 2671 Patre
1857 2609 2099 2674 nostro
2171 2598 2445 2673 Civitati
2524 2596 2994 2695 spalatensi
3046 2623 3174 2697 pro
3225 2599 3542 2674 libertate
3581 2621 3796 2674 oon-

457 2728 662 2780 cessa
715 2715 1164 2793 renovantes,
1230 2702 1453 2777 verbo
1536 2702 1624 2775 ad
1701 2703 1994 2776 verbum
2061 2706 2426 2799 presertim
2493 2705 2752 2799 scripto
2820 2714 3061 2779 nostro
3132 2713 3392 2778 tantum
3461 2706 3790 2799 apposito

452 2813 757 2900 nomine,
812 2819 884 2881 et
932 2829 1220 2880 numero
1293 2828 1625 2880 annorum
1693 2806 1969 2879 Domini
2033 2805 2412 2881 secundum
2481 2814 2819 2902 tempora,
2887 2816 3128 2880 nostra
3189 2810 3567 2894 immutato,
3638 2804 3794 2878 hoc

456 2912 663 2986 modo
719 2912 1036 2985 duximus
1096 2909 1488 2983 inserenda.
1593 2908 1802 2982 Anno
1872 2910 2235 2982 Dominice
2304 2909 2802 2983 Incarnationis
2869 2908 3235 2983 Millesimo
3308 2909 3798 2982 ducentesimo

454 3018 767 3111 septimo.
840 3014 996 3107 Ego
1048 3012 1371 3087 Andreas
1421 3013 1557 3086 Dei
1602 3016 1822 3105 gratia
1873 3012 2185 3108 Vngarie
2227 3011 2407 3086 Rex.
2459 3012 2629 3085 Juro
2657 3034 2867 3109 super
2909 3022 3218 3087 sanctam
3247 3010 3565 3103 Crucem,
3618 3009 3796 3083 Vo-

450 3117 556 3192 bis
597 3116 858 3213 Spaleti
884 3115 1335 3213 Principibus,
1359 3145 1363 3150 ·
1388 3114 1654 3189 firmam
1722 3138 1970 3212 pacem
2024 3120 2089 3189 dc
2138 3115 2548 3204 libertatem,
2618 3115 2783 3188 mibi
2859 3137 3157 3212 quoque,
3212 3124 3328 3188 aut
3398 3115 3539 3188 filio
3590 3136 3794 3203 meo,

449 3232 565 3296 aut
618 3220 1142 3297 successoribus
1194 3223 1450 3294 nostris
1503 3218 1862 3312 Tribntarij
1918 3242 2011 3292 ne
2056 3222 2232 3304 sitis,
2284 3218 2699 3314 Episcopum
2751 3241 2956 3309 vero,
3009 3229 3125 3291 aut
3161 3216 3521 3305 Comitem,
3575 3239 3796 3313 quem

449 3325 677 3399 clerus
733 3329 798 3398 dc
847 3325 1136 3421 populus
1191 3325 1506 3416 elegerit,
1561 3321 2008 3414 confirmabo,
2067 3326 2132 3395 dc
2183 3323 2342 3416 lege
2413 3325 2777 3415 antiquitus
2864 3325 3254 3412 constituta,
3310 3344 3466 3394 cum
3538 3330 3796 3394 nostro

447 3427 692 3504 Judice
735 3428 887 3502 Vos
940 3431 1035 3500 uti
1088 3430 1510 3522 permittam,
1562 3437 1997 3522 preterquam
2043 3426 2366 3499 Introitus
2417 3436 2654 3520 portus
2692 3422 3002 3499 Civitatis
3060 3425 3149 3500 de
3200 3426 3552 3498 extrancis
3605 3424 3800 3500 duas

444 3542 683 3627 partes
754 3531 914 3603 Rex
974 3530 1278 3621 habeat,
1352 3533 1620 3603 tertiam
1692 3552 1869 3604 vero
1944 3527 2201 3603 Comes
2289 3531 2608 3602 civitatis.
2714 3527 2793 3601 ln
2864 3531 3144 3601 civitate
3206 3549 3477 3623 quoque
3545 3536 3802 3600 vestra

448 3638 798 3707 neminem
846 3632 1312 3727 Vngarorum,
1383 3634 1502 3707 vel
1557 3633 2097 3725 alienigenarum
2167 3630 2476 3704 habitare
2529 3633 2958 3726 permittam3
3009 3635 3146 3705 nisi
3197 3653 3401 3725 quem
3453 3631 3794 3704 voluntas

446 3747 688 3812 vestra
742 3740 1129 3832 expetierit.
1239 3733 1408 3808 Cum
1464 3745 1691 3807 autem
1746 3734 1833 3807 ad
1898 3758 2031 3809 vos
2087 3733 2549 3824 coronandus,
2604 3744 2719 3806 aut
2767 3732 3131 3809 vobiscum
3200 3735 3428 3828 Regni
3498 3737 3796 3826 negotia

447 3850 855 3913 tractaturus
940 3861 1231 3928 venero,
1304 3842 1557 3912 nemini
1629 3836 1897 3910 Civium
1966 3842 2078 3911 vis
2146 3838 2477 3910 inferatur
2543 3838 2922 3910 Domorum
2993 3859 3296 3924 suarum,
3368 3839 3503 3909 nisi
3572 3859 3788 3932 quem

448 3943 724 4016 dilectio
795 3952 1030 4017 vestra
1104 3946 1505 4037 susceperit.
1611 3940 1924 4014 Judicem
1995 3946 2174 4014 inter
2251 3963 2388 4015 vos
2459 3944 2524 4013 dc
2592 3951 2966 4015 extraneos
3047 3964 3090 4012 a
3151 3963 3265 4013 me
3340 3943 3792 4013 constitutum

446 4046 811 4120 vobiscum
863 4050 932 4118 in
992 4044 1285 4120 Civitate
1341 4044 1584 4119 sedulo
1640 4049 2090 4134 commorari3
2143 4066 2280 4118 nec
2320 4066 2476 4117 eum
2533 4052 2731 4115 extra
2784 4042 3027 4117 vrbem
3080 4046 3252 4118 alias
3304 4043 3786 4138 proficiscen-

445 4161 585 4222 tem
634 4155 741 4225 sui
793 4159 1150 4246 precepto,
1225 4158 1341 4222 aut
1394 4149 1617 4242 sigillo
1702 4171 1742 4219 a
1798 4146 1999 4221 nobis
2053 4170 2266 4221 causa
2319 4147 2684 4242 placitandi
2755 4147 3178 4243 sequendum
3249 4144 3586 4220 concedo.
3697 4145 3790 4219 Si

447 4257 595 4349 quis
647 4263 1037 4329 vestrorum
1089 4275 1218 4349 per
1267 4273 1494 4324 meum
1546 4252 1890 4344 Regnum,
1960 4250 2205 4341 Terra,
2257 4250 2566 4346 Marique
2618 4253 2900 4344 negotia
2954 4253 3374 4341 exercuerit,
3425 4248 3590 4322 mihi
3657 4259 3792 4322 aut

447 4359 652 4430 alicui
701 4368 1095 4431 nostrorum
1149 4355 1499 4429 bominum
1551 4377 1645 4428 ex
1696 4359 1973 4451 proprio
2045 4359 2380 4428 comertio
2451 4353 2706 4426 nullum
2758 4353 3117 4448 persolvat
3181 4352 3507 4426 debitum.
3615 4350 3792 4424 Ob-

446 4460 634 4532 sides
688 4485 730 4533 a
782 4459 990 4535 vobis
1042 4460 1227 4533 nullo
1281 4458 1488 4532 modo
1541 4460 1896 4552 recipiam,
1950 4456 2079 4532 sed
2137 4461 2207 4530 in
2263 4454 2466 4529 Curia
2518 4465 2758 4531 nostra
2827 4460 3099 4531 servire
3167 4454 3586 4546 volentibus,
3637 4476 3788 4529 re·-

442 4584 630 4655 gam,
683 4573 756 4636 et
805 4562 1195 4659 impendam
1249 4567 1317 4635 dc
1367 4561 1703 4651 morandi,
1758 4565 1925 4648 sive,
1967 4559 2415 4635 discendendi
2461 4558 2549 4631 ad
2604 4581 2801 4634 suum
2863 4559 3077 4651 velle,
3131 4557 3526 4632 facultatem
3580 4556 3798 4630 obti-

443 4674 679 4754 neant,
730 4665 1118 4760 nullamque
1183 4669 1287 4738 eis
1344 4687 1551 4761 super
1602 4664 1738 4736 hoc
1791 4664 2176 4737 molestiam
2231 4662 2555 4752 inferam3
2609 4673 2680 4735 at
2732 4666 2793 4736 si
2844 4661 3026 4735 forte
3078 4662 3471 4735 Dominium
3539 4683 3782 4734 meum

444 4768 741 4861 aliquem
795 4783 1186 4862 aggravare
1234 4767 1580 4840 videbitur
1632 4771 1697 4840 dc
1744 4765 1990 4842 vrbem
2040 4776 2351 4841 nostram
2379 4768 2578 4838 exire
2631 4766 2955 4856 voluerit,
3005 4787 3255 4840 secure
3309 4788 3460 4838 cum
3515 4785 3781 4855 uxore,

447 4874 515 4942 dc
566 4871 749 4961 filiis,
805 4880 874 4943 et
918 4869 1172 4943 familia
1229 4875 1294 4944 dc
1348 4868 1659 4943 omnibns
1711 4868 1912 4944 bonis
1943 4874 2086 4944 suis
2116 4891 2521 4966 quocunque
2558 4866 2686 4944 sibi
2713 4870 3046 4964 placuerit
3095 4879 3228 4940 eat.
3336 4869 3487 4941 Hec
3540 4877 3784 4940 autem

447 4977 676 5048 omnia
757 4971 1018 5068 absque
1093 4972 1362 5064 fraude,
1425 4977 1493 5045 dc
1556 4977 1838 5068 ingenio
1884 4973 2000 5046 -ad
2069 4973 2543 5045 detrimentum
2613 4970 2883 5045 Civium
2935 4975 3003 5044 dc
3051 4968 3365 5045 Civitatis
3413 4975 3487 5044 in
3541 4970 3796 5065 aliquo

443 5082 771 5151 attinente
824 5075 1243 5152 observabo.
1313 5076 1408 5149 Vt
1459 5088 1688 5150 autem
1740 5088 1880 5150 tam
1930 5087 2321 5151 nostrorum
2373 5075 2976 5172 predecessorum,
3030 5097 3232 5171 quam
3287 5083 3524 5149 nostra
3579 5094 3782 5147 con—

443 5186 676 5257 cessio
729 5191 1058 5278 perpetue
1109 5178 1322 5254 robur
1381 5180 1685 5254 obtineat
1754 5179 2087 5255 firmitatis
2135 5183 2465 5276 presenti,
2510 5201 2664 5253 eam
2716 5182 2967 5274 pagina
3009 5181 3082 5251 in
3133 5180 3442 5251 notitiam
3514 5174 3778 5252 deduci

438 5294 901 5380 posterorum,
981 5290 1049 5359 dc
1116 5283 1340 5379 Regio
1407 5289 1826 5358 auctoritatis
1897 5284 2123 5379 sigillo
2194 5287 2517 5357 iussimus
2587 5280 2922 5358 roborari.
3028 5280 3273 5354 Datum
3343 5302 3470 5376 per
3517 5301 3782 5354 manus

439 5386 728 5463 Roberti
778 5387 1109 5466 Albensis
1168 5388 1506 5486 Prepositi
1568 5392 1633 5461 dc
1684 5387 1867 5463 Aule
1916 5387 2142 5483 Regio
2214 5383 2627 5479 CancelariJ‘,
2702 5383 2977 5459 Joanne
3053 5381 3534 5479 strigoniense
3609 5383 3782 5458 Ar-
