3950 5917
2011 727 2380 812 CLIV.

957 967 1186 1036 ,Am
1243 963 1476 1036 1495.
1568 962 1762 1037 Inter
1812 972 2110 1038 oetam
2159 965 2731 1064 mannonis
2784 939 3121 1050 Domini„
3167 965 3398 1038 eumz

541 1172 972 1280 «loannes
1069 1167 1592 1280 Corvinus,
1684 1175 2263 1280 Liptboviue
2321 1175 2561 1278 Dux,
2653 1176 3399 1285 Regnorumque
3464 1175 3807 1284 Dalma-

539 1317 800 1415 tiae,
903 1312 1360 1400 Oroatiae
1454 1325 1548 1391 et
1625 1313 2155 1395 Slavoniae
2248 1314 2622 1421 Banus,
2752 1317 3169 1406 nobilem
3288 1313 3803 1421 flung-rum

537 1445 1063 1530 'ohannem
1127 1448 1522 1556 Gyulay‚
1616 1451 1774 1532 SS.
1840 1463 1933 1532 et
1992 1452 2163 1533 00.
2225 1452 2540 1560 Regni
2601 1454 3132 1536 slavoniae
3198 1457 3803 1535 consentien-

899 1588 1191 1693 tibus,
1287 1590 1564 1669 salvo
1616 1589 1839 1696 jure
1899 1589 2255 1699 Regni,
2318 1591 2985 1674 Vice-Banum
3048 1599 3488 1675 nominat.

853 1809 997 1882 Nos
1048 1809 1400 1886 Jobannes
1471 1809 1811 1888 Coruinus
1880 1811 2185 1908 Oppauie
2252 1823 2322 1887 et
2371 1812 2723 1909 Llptbouie
2792 1814 2978 1903 Dux‚
3047 1838 3133 1888 ac
3192 1814 3583 1909 Regnorum
3646 1812 3803 1885 Dal-

537 1917 788 2000 mucie‚
842 1913 1160 2003 Croacie‚
1213 1914 1719 2010 Sclauonieque
1771 1915 2001 1989 Banus
2056 1920 2181 1990 dcc.
2259 1916 2594 1991 Memorio
2647 1918 3200 1993 commendamus
3252 1941 3379 2016 per
3431 1926 3799 2014 presentes:

541 2015 740 2108 Quod
805 2017 969 2092 licet
1022 2023 1089 2091 in
1139 2018 1448 2116 predicto
1520 2018 1765 2114 Regno
1837 2017 2206 2093 Sclauonie
2275 2043 2549 2116 semper
2615 2032 2687 2096 et
2736 2021 2823 2094 ab
2874 2027 3148 2118 antiquo
3219 2021 3634 2096 consuetudo
3696 2042 3803 2115 per

534 2117 768 2212 Bonos
839 2112 963 2217 prb
1030 2131 1339 2218 tempore
1409 2126 1815 2198 constitutos
1893 2124 2256 2199 obseruata
2328 2123 2615 2199 fuisset:
2723 2125 2919 2213 Quod
2988 2125 3158 2199 Bani
3228 2149 3467 2199 eorum
3534 2124 3800 2198 officium

534 2221 997 2297 Vicebanatus
1051 2225 1201 2300 aliis
1256 2228 1573 2321 personis
1628 2225 1792 2299 dare
1846 2237 1917 2299 et
1970 2226 2289 2300 conferre
2341 2250 2481 2301 non
2531 2232 2911 2324 potuissent
2977 2234 3110 2304 nisi
3159 2228 3552 2328 pocioribus
3600 2226 3801 2301 Nobi—

532 2326 733 2417 libus,
786 2325 1228 2403 familiaribus
1282 2330 1547 2403 scilicet
1598 2352 1863 2420 eorum,
1916 2334 1986 2403 iu
2023 2332 2267 2404 eodem
2320 2331 2565 2426 Regno
2610 2327 2979 2407 Sclauonie
3026 2338 3510 2430 possessiones
3547 2342 3615 2405 et
3642 2329 3800 2403 bona

533 2429 972 2520 habentibus3
1023 2444 1248 2505 tamen
1299 2455 1483 2507 nunc
1533 2432 1737 2506 iidem
1789 2432 2073 2508 Nobiles
2124 2433 2348 2528 Regni
2401 2435 2795 2562 Sclauqriie,
2848 2448 2988 2511 tum
3040 2441 3194 2534 quia
3249 2437 3539 2512 condam
3600 2436 3799 2509 Sere-

537 2539 857 2610 nissimus
908 2536 1237 2632 Princeps
1290 2536 1623 2610 Dominus
1674 2536 1964 2613 Mathias
2016 2537 2174 2611 Rex
2225 2543 2352 2611 dcc.
2404 2539 2741 2614 laudande
2792 2545 3122 2615 memorie
3193 2541 3508 2620 dominus
3557 2544 3801 2635 genitor

535 2649 795 2728 noster,
851 2644 1041 2735 ipsos
1093 2644 1163 2712 in
1215 2662 1452 2713 eorum
1506 2639 1924 2715 libertatibus
1976 2646 2297 2736 graciose
2357 2642 2651 2717 fouisset
2701 2654 2771 2717 et
2819 2649 3192 2733 tenuisset3
3272 2656 3414 2718 tum
3483 2643 3673 2717 etiam
3721 2661 3800 2714 ex

535 2765 650 2823 eo.
705 2742 885 2837 quod
940 2766 1071 2816 nos
1115 2743 1478 2832 Almanos‚
1533 2746 1645 2838 qui
1695 2749 2011 2841 proxime
2064 2745 2320 2819 sedatis
2374 2746 2844 2821 disturbiorum
2899 2748 3320 2846 temporibus
3371 2753 3439 2823 in
3492 2747 3621 2820 boc
3668 2746 3800 2817 Re-

533 2870 672 2939 gno
713 2848 1084 2920 Sclauonie
1137 2846 1341 2919 multa
1378 2858 1632 2936 castra,
1686 2849 1968 2922 castella
2006 2860 2077 2922 et
2108 2848 2440 2923 fortalicia
2479 2851 2931 2941 obtinuerant,
2981 2853 3069 2926 de
3105 2852 3505 2946 eisdemque
3556 2850 3798 2924 diuers·

533 2951 779 3045 spolia,
834 2949 1151 3046 dampna,
1203 2952 1517 3025 incendia
1571 2963 1642 3025 et
1675 2952 1845 3025 alias
1897 2952 2184 3027 hostiles
2238 2959 2677 3030 enormitates
2730 2955 3177 3036 exercebant„
3232 2962 3487 3030 nostris
3540 2958 3800 3052 propriis

533 3051 904 3147 sumptibus
958 3064 1029 3127 et
1080 3060 1407 3150 expensis
1463 3077 1616 3128 cum
1667 3053 2059 3131 bombardis
2113 3069 2185 3131 et
2235 3058 2384 3131 aliis
2437 3062 2729 3153 ingeniis
2783 3084 2921 3133 non
2972 3062 3233 3157 absque
3306 3059 3581 3134 notabili
3648 3078 3805 3130 nece

532 3166 601 3228 et
652 3155 988 3230 effusione
1067 3162 1418 3250 sanguinis
1472 3158 1900 3250 familiarium
1978 3170 2363 3236 nostrorum
2417 3161 2503 3234 ab
2558 3162 2817 3236 eisdem
2888 3164 3197 3239 Almanis
3273 3165 3693 3237 obtinuimus
3740 3168 3801 3231 et

531 3261 689 3346 illis,
745 3284 1029 3356 quorum
1082 3261 1378 3351 fuerunt,
1433 3266 1865 3338 restituimus.
1954 3263 2058 3337 Ob
2112 3288 2245 3360 que
2295 3266 2495 3339 iidem
2548 3265 2855 3356 Nobiles,
2908 3291 3043 3342 non
3100 3269 3422 3364 'volentes
3475 3291 3631 3339 esse
3680 3270 3801 3336 im-

530 3387 874 3438 memores
926 3369 1266 3459 graciosis
1321 3364 1672 3440 beneficiis
1726 3367 2035 3441 eiusdem
2088 3370 2424 3465 quondam
2479 3369 2731 3444 domini
2772 3377 2987 3448 nostri
3021 3372 3236 3466 Regis
3293 3384 3497 3467 atque
3548 3371 3803 3444 nostn‘s.

527 3465 898 3561 Egregium
953 3469 1335 3545 Jobannem
1391 3469 1661 3567 Gyulay
1709 3475 1778 3544 in
1832 3494 2069 3544 eorum
2122 3472 2545 3546 Vicebanum
2595 3475 2684 3547 ad
2738 3479 3141 3570 peticionem
3213 3487 3517 3550 nostram
3572 3493 3803 3545 susce-

529 3584 770 3665 perunt
821 3584 892 3646 et
943 3585 1477 3669 assumpserunt.
1581 3574 1730 3649 Nos
1783 3587 2008 3649 autem
2060 3575 2459 3671 pollicemur
2513 3587 2583 3650 et
2633 3583 3075 3674 promittimus
3147 3581 3413 3654 eisdem
3475 3574 3804 3651 Nobilibus

530 3681 957 3767 presencium
1028 3699 1154 3773 per
1218 3689 1552 3764 tenorem,
1624 3689 1699 3752 vt
1752 3683 1811 3752 si
1862 3680 2042 3752 idem
2095 3678 2446 3754 «lohannes
2521 3680 2791 3780 Gyulay
2840 3687 2911 3757 in
2964 3687 3512 3757 conseruacione
3563 3691 3630 3751 et
3678 3701 3803 3773 gu-

525 3778 941 3854 bernacione
995 3781 1377 3854 huiusmodi
1428 3780 1652 3854 Officii
1705 3782 1978 3855 Banalis
2051 3793 2287 3854 contra
2342 3806 2582 3857 eorum
2650 3784 3025 3860 libertatem
3077 3799 3148 3860 et
3198 3791 3535 3861 iusticiam
3604 3783 3802 3876 aliqua

530 3883 817 3979 dampna
874 3884 988 3957 vel
1039 3888 1318 3960 iniurias
1386 3889 1765 3979 cuicunque
1820 3910 1914 3958 ex
1965 3889 2134 3981 ipsis
2187 3885 2455 3974 fecerit,
2524 3898 2639 3961 aut
2690 3890 2999 3963 bomines
3053 3896 3156 3966 sui
3212 3893 3577 3974 intulerint,
3645 3884 3804 3981 quod

525 4010 656 4060 nos
736 3985 1103 4080 quemlibet
1180 4012 1417 4061 eorum
1486 3989 1574 4062 de
1626 3989 2009 4064 huiusmodi
2087 3990 2393 4086 dampnis
2449 4002 2519 4064 et
2567 3996 2824 4068 iniuriis
2906 4006 3305 4068 contentare
3387 3995 3698 4066 volumus
3745 3998 3805 4060 et

526 4102 906 4181 teneamur,
961 4092 1277 4187 quodque
1331 4092 1510 4165 idem
1565 4092 1983 4182 Vicebanus‚
2036 4093 2525 4187 vicecomites,
2576 4096 2930 4170 Notabiles
2984 4122 3076 4172 ex
3108 4095 3468 4171 Nobilibus
3523 4094 3804 4168 eiusdem

529 4194 750 4288 Regni
821 4196 1194 4269 Sclauonie
1266 4208 1338 4268 et
1388 4218 1526 4270 non
1591 4201 1942 4273 extraneis
2015 4202 2430 4272 constituere
2503 4199 2750 4273 debeat
2823 4212 2892 4273 et
2958 4212 3290 4276 teneatur.
3398 4200 3533 4273 Vbi
3604 4208 3802 4270 autem

529 4296 823 4371 officium
904 4300 1064 4372 dicti
1141 4300 1604 4375 Vicebanatus
1680 4323 1811 4375 nos
1883 4303 1968 4374 ab
2034 4302 2281 4375 eodm
2358 4303 2671 4376 Jobanne
2736 4304 3005 4402 Gyulay
3082 4305 3361 4378 auferre
3444 4302 3802 4394 contigerit..

523 4402 642 4473 vel
693 4414 916 4475 autem
972 4403 1151 4476 idem
1207 4414 1450 4500 sponte
1500 4402 1700 4477 nobis
1751 4409 2233 4497 resignauerit,
2306 4418 2559 4506 extunc
2609 4411 2676 4480 in
2733 4421 3077 4504 posterum
3130 4432 3268 4481 non
3324 4409 3556 4495 alium,
3626 4424 3803 4500 quam

519 4529 619 4577 ex
671 4508 1062 4602 pocioribus
1114 4507 1469 4581 Nobilibus
1521 4507 1718 4580 buius
1771 4508 1998 4601 Regni
2044 4509 2436 4600 Sclauonie.,
2495 4510 2919 4585 familiarium
2972 4514 3238 4586 scilicet
3287 4523 3696 4586 nostrorum.
3742 4508 3806 4577 in

525 4609 943 4684 Vicebanum
1000 4609 1335 4707 preficere
1390 4622 1459 4684 et
1511 4615 1927 4684 constituere
1987 4613 2342 4688 valeamus
2396 4625 2466 4686 et
2515 4626 2886 4689 teneamur.
2992 4617 3065 4689 In
3123 4621 3317 4691 cuius
3369 4615 3803 4690 testimonium

521 4725 882 4807 presentes
935 4717 1194 4789 litteras
1244 4724 1519 4789 nostras
1575 4713 1835 4787 eisdem
1888 4712 2241 4789 Nobilibus
2294 4718 2517 4811 Regni
2572 4720 2885 4795 duximus
2966 4719 3473 4794 concedendas.
3579 4718 3803 4790 Datum

521 4816 721 4891 Grisii
773 4823 952 4892 inter
1002 4830 1285 4891 octauas
1337 4818 1889 4892 Resurrectionis
1943 4818 2235 4892 Domini.
2322 4822 2522 4896 Anno
2577 4825 2885 4898 eiusdem
2936 4824 3297 4898 Millesimo
3353 4823 3803 4920 quadringen-

519 4925 769 4996 tesimo
823 4926 1275 5017 nonagesimo
1331 4925 1581 5016 quinto.

1170 5101 1482 5184 (Siqillum
1515 5101 1826 5166 Johaunis
1859 5100 2143 5180 Corvini,
2186 5106 2255 5168 ἐκ
2300 5106 2502 5169 rubra
2544 5126 2714 5185 cera,
2759 5125 3179 5189 appr-esrum).

515 5284 666 5355 orig.
703 5283 862 5337 canb-
896 5286 949 5337 in
986 5283 1210 5337 Arrhivo
1246 5283 1414 5352 Regni
1460 5281 1715 5338 croatiae.
1749 5285 1883 5338 Priv.
1919 5283 1982 5336 N.
2017 5283 2103 5337 69.
