3950 5917
490 403 649 478 406

491 617 568 682 et
618 609 1014 703 respective
1046 604 1425 706 Stipendia,
1470 611 1755 704 praevie
1810 631 1934 704 per
1989 606 2558 681 commissionem
2615 606 2793 678 hanc
2845 607 3220 700 regulanda
3278 615 3346 679 et
3388 605 3586 680 uobis
3637 605 3785 681 sub-

494 710 851 806 mittenda,
909 734 1132 806 aeque
1175 710 1484 785 habituri.
1540 711 1674 786 Pro
1709 710 2126 784 Provinciali
2177 734 2352 784 vero
2408 710 2670 782 illarum
2725 714 3010 805 partium
3049 709 3539 784 Commissario
3593 731 3788 783 annue

496 817 847 910 quingenti
900 813 1143 888 floreni
1198 815 1619 904 ordinantur,
1675 814 1763 886 ad
1818 837 1996 909 quae
2050 814 2314 888 Salaria
2370 816 2762 908 respective
2818 823 2888 886 et
2939 813 3288 908 Stipendia
3344 835 3560 909 usque
3610 812 3785 884 finem

498 918 903 992 Decembris
957 917 1142 990 Anni
1201 914 1402 989 1746
1450 920 1650 1011 juxta
1706 917 2226 1013 dispositionem
2279 916 2546 1010 Regiae
2599 914 3120 989 commissionis
3201 927 3481 988 nostrae
3535 916 3788 1011 persol-

496 1023 726 1094 venda
781 1020 1081 1116 benigne
1134 1023 1574 1108 resolvimus,
1628 1032 1702 1093 ut
1757 1043 1845 1095 eo
1896 1043 2114 1116 usque
2153 1019 2513 1092 cameram
2569 1030 2874 1092 nostram
2912 1020 3224 1092 Aulicam
3280 1022 3552 1114 triginta
3603 1017 3786 1091 Millia

496 1124 916 1198 florenorum
971 1128 1445 1220 anticipentur,
1516 1129 1779 1197 interea
1833 1147 2008 1199 vero
2062 1127 2389 1219 temporis
2460 1122 2708 1196 fundus
2783 1124 3187 1196 salariorum
3240 1126 3307 1195 in
3361 1121 3789 1219 praespecili-

497 1232 671 1302 catis
726 1228 940 1301 tribus
997 1224 1439 1302 Comitatibus
1494 1231 1629 1320 (uti
1680 1226 2192 1322 Magistratibus
2263 1225 2876 1300 Instructionaliter
2936 1228 3080 1318 jam
3155 1229 3596 1299 commissum
3659 1227 3785 1318 est)

491 1333 801 1428 plenarie
839 1331 1255 1422 elaboretur,
1310 1341 1379 1404 et
1415 1332 1499 1403 ad
1539 1330 1855 1403 effectum
1893 1330 2162 1403 futurae
2198 1330 2556 1404 solutionis
2611 1334 2909 1426 ipsorum
2949 1340 3437 1425 praeparetur3
3486 1330 3787 1403 Vicissim

490 1457 669 1509 vero
724 1457 847 1531 pro
896 1434 1471 1508 Indemnisatione
1510 1435 1781 1528 Aerarij
1839 1438 2057 1509 nostri
2108 1438 2396 1531 pretium
2450 1433 2630 1508 Salis
2701 1436 2769 1505 in
2826 1433 3198 1506 Sclavonia
3238 1443 3308 1505 et
3344 1433 3617 1530 Syrmio
3660 1431 3790 1524 jbi-

494 1538 649 1611 dem
709 1538 1152 1630 distrahendi,
1206 1562 1245 1610 a
1302 1540 1572 1631 singulo
1630 1537 2042 1611 centenario
2097 1541 2165 1612 in
2224 1537 2320 1610 15
2376 1534 2769 1630 crucigeris
2824 1547 3181 1630 augeatur,
3237 1546 3306 1609 et
3357 1537 3536 1609 haec
3590 1539 3790 1609 auctio

494 1665 536 1714 a
592 1642 705 1715 die
767 1647 830 1716 1.
884 1642 1146 1716 Mensis
1182 1642 1339 1735 Julij
1377 1641 1566 1715 Anni
1620 1646 1980 1726 currentis,
2033 1663 2253 1738 usque
2305 1641 2607 1714 ultimam
2642 1639 3048 1712 Decembris
3089 1637 3294 1711 1750
3340 1644 3787 1727 continuetur3

494 1746 573 1819 ln
626 1746 892 1840 reliquo
948 1756 1172 1817 autem
1228 1744 1534 1841 praefata
1591 1743 2005 1819 commissio
2076 1744 2565 1819 Individualem
2636 1747 3026 1839 provisorie
3098 1743 3352 1817 ibidem
3418 1748 3486 1817 in
3543 1744 3789 1837 singulo

496 1848 834 1922 comitatu
893 1853 1407 1924 constitutorum
1459 1849 1878 1941 officialium,
1931 1848 2212 1922 Militum
2266 1852 2427 1921 item
2484 1858 2552 1919 et
2604 1847 2987 1920 Haidonum
3063 1848 3492 1943 „aliorumque
3546 1867 3786 1920 neces-

496 1957 836 2025 sariorum
892 1952 1264 2026 Comitatus
1319 1957 1767 2043 servitorum,
1842 1976 1996 2025 cum
2051 1951 2360 2047 qualibus
2416 1950 2772 2046 stipendiis
2825 1954 3220 2046 respective
3276 1960 3345 2023 et
3416 1951 3681 2042 salarijs
3729 1951 3789 2021 in

498 2079 633 2153 quo
671 2055 1030 2149 Comitatu,
1082 2080 1213 2153 qua
1269 2056 1379 2129 die
1415 2066 1483 2129 et
1527 2067 1694 2152 quot
1737 2079 2024 2130 numero
2081 2055 2601 2143 conductorum,
2656 2052 3234 2150 specificationem
3287 2052 3504 2127 Nobis
3563 2059 3790 2149 expost

497 2157 860 2235 submittet.

809 2264 1251 2359 Septimo:
1310 2262 1477 2335 Cum
1519 2286 1612 2335 ex
1647 2263 1778 2334 hac
1814 2271 2007 2358 parte
2041 2259 2332 2354 Danubij
2394 2257 2511 2334 cis
2556 2259 3232 2333 Petro-Varadinum
3272 2262 3398 2335 sita
3435 2260 3594 2332 loca
3620 2258 3791 2330 mili-

494 2371 666 2440 taria
723 2363 1029 2459 chalma,
1099 2365 1579 2460 Kukojevcze,
1660 2365 2133 2456 Perkaszova,
2189 2365 2468 2454 Schuel,
2521 2364 2906 2454 Lerovacz,
2958 2364 3327 2453 Banostor,
3395 2363 3659 2451 Nestin,
3732 2370 3794 2434 et

490 2475 603 2543 in
596 2481 808 2566 parte
863 2474 1063 2543 etiam
1118 2470 1317 2561 Illok,
1360 2472 1559 2562 juxta
1616 2467 1982 2563 benignam
2036 2469 2527 2542 resolutionem
2583 2477 2885 2542 nostram
2935 2490 3028 2540 ex
3071 2471 3339 2540 ratione
3385 2471 3555 2542 situs
3607 2469 3791 2563 ipso-

492 2596 643 2646 rum
722 2573 1190 2647 Jurisdictioni
1262 2574 1673 2646 Provinciali
1747 2576 2170 2668 incorporari
2246 2570 2628 2661 debebunt3
2699 2571 2951 2645 Incolis
3025 2581 3247 2643 autem
3326 2572 3626 2656 illorum,
3694 2569 3791 2663 qui

490 2679 819 2752 militares
875 2701 1276 2773 permanere
1330 2677 1699 2764 voluerint,
1752 2673 2038 2749 liberum
2078 2676 2369 2748 futurum
2410 2680 2520 2765 sit,
2578 2685 2649 2748 ut
2684 2686 2905 2749 semet
2941 2673 3028 2746 ad
3073 2671 3380 2748 confinia
3434 2673 3791 2746 transferre

493 2785 785 2879 possint,
854 2782 1099 2875 reliqui
1155 2790 1380 2851 autem
1436 2803 1586 2851 cum
1644 2790 1787 2852 toto
1861 2779 2574 2875 praespecificatorum
2630 2779 2940 2851 locorum
2995 2778 3303 2852 Terreno
3356 2799 3572 2873 usque
3621 2777 3794 2848 ulte-

492 2888 746 2957 riorem
816 2884 1331 2979 dispositionem
1386 2893 1689 2956 nostram
1744 2887 1814 2956 in
1870 2881 2408 2956 Terrestralibus
2482 2882 2609 2957 sub
2661 2881 2883 2977 Regia
2957 2881 3245 2955 camera
3319 2893 3558 2955 nostra
3627 2890 3798 2954 stare

498 2985 865 3075 debebunt,
923 2997 991 3060 et
1045 2990 1620 3083 proportionatum
1675 2990 1880 3059 etiam
1943 2998 2264 3082 quantum
2338 2984 2899 3073 cotributionale,
2972 3008 3013 3057 a
3068 3008 3201 3080 quo
3273 2986 3606 3057 hactenus
3676 3003 3792 3077 qua

493 3089 823 3163 Militares
876 3093 1211 3164 immunes
1250 3101 1469 3180 erant,
1525 3090 2054 3187 supportandum
2109 3088 2491 3179 habebunt3
2546 3090 2671 3163 sed
2711 3093 2913 3162 etiam
2943 3101 3303 3186 praeterea
3341 3093 3409 3160 in
3446 3097 3590 3161 toto
3623 3087 3795 3182 Syr-

496 3196 632 3265 mio
690 3204 759 3265 et
811 3194 1181 3267 Sclavonia
1245 3198 1422 3267 inter
1474 3194 2002 3267 Contribuentes
2082 3197 2320 3286 gravis
2376 3194 2735 3265 admodum
2809 3195 3249 3290 improportio
3306 3214 3469 3265 esse
3526 3191 3797 3278 dicatur,

492 3296 652 3370 ideo
710 3295 1119 3370 Commissio
1174 3298 1376 3389 haec,
1445 3308 1804 3393 postquam
1860 3297 2301 3392 Magistratus
2358 3296 2860 3370 comitatenses
2921 3299 3276 3370 instaurati
3329 3295 3607 3385 fuerint,
3661 3296 3797 3388 pri-

494 3423 649 3473 mae
705 3406 769 3472 &
818 3401 1173 3497 principali
1242 3400 1369 3474 sibi
1443 3425 1650 3474 curae
1721 3401 1947 3491 ducet,
2030 3412 2101 3473 ut
2170 3423 2293 3496 pro
2351 3400 2571 3473 futura
2642 3411 2836 3473 recte
2907 3411 2976 3473 et
3047 3404 3568 3497 proportionata
3636 3401 3803 3469 inter

499 3501 1020 3577 contribuentes
1092 3505 1501 3577 instituenda
1577 3527 1862 3578 onerum
1934 3503 2366 3576 Publicorum
2436 3507 2876 3600 repat-titione
2947 3515 3017 3576 et
3087 3502 3585 3591 subdivisione,
3657 3521 3798 3571 cum

489 3609 879 3681 interventu
941 3611 1142 3680 etiam
1198 3607 1601 3681 officialium
1686 3607 2273 3698 comitatensium,
2327 3630 2530 3680 unam
2602 3606 2851 3680 bonam
2920 3618 2991 3681 et
3042 3608 3173 3680 illis
3229 3605 3531 3702 partibus
3584 3602 3800 3700 appli-

492 3710 778 3784 cabilem
836 3722 905 3784 et
957 3711 1275 3784 idoneam
1332 3711 1868 3807 Conscriptionis
1920 3711 2335 3783 universalis
2386 3710 2624 3783 Ideam
2673 3709 2855 3783 bene
2909 3709 3243 3799 elaboret,
3299 3720 3370 3782 et
3414 3706 3797 3782 Secundum

489 3814 675 3886 illam
728 3837 867 3888 non
922 3825 1173 3888 tantum
1227 3813 1941 3911 praespecilicatorum
2000 3824 2184 3904 oct0,
2260 3814 2387 3889 sed
2440 3815 2726 3887 aliorum
2797 3815 3000 3887 etiam
3053 3817 3536 3887 universorum
3606 3814 3801 3884 totius

488 3919 905 4014 incorporati
946 3916 1365 4016 syrmiensis
1404 3915 1777 3992 comitatus
1814 3920 2152 4005 locorum,
2208 3927 2277 3990 et
2313 3919 2910 4014 apertinentiarum
2950 3916 3544 4012 conscriptionem
3583 3914 3796 3988 medio

494 4019 1053 4095 comitatensium
1110 4021 1513 4094 officialium
1567 4025 1834 4117 peragi,
1898 4033 1968 4094 et
2021 4021 2149 4095 sibi
2203 4020 2449 4095 referri
2502 4020 2736 4112 faciat,
2806 4022 3057 4117 illaque
3110 4021 3291 4094 bene
3342 4040 3688 4116 perpensa
3738 4023 3801 4088 et

493 4129 919 4217 examinata,
992 4134 1307 4219 quantum
1366 4122 1640 4197 cuilibet
1690 4126 1850 4200 loco
1906 4125 2216 4218 ejusdem
2293 4123 2666 4199 comitatus
2737 4128 2805 4196 in
2881 4122 3443 4198 contributionali
3514 4134 3588 4196 et
3657 4122 3799 4210 alijs

493 4228 815 4304 oneribus
868 4229 1187 4325 publicis,
1264 4228 1422 4321 dejn
1474 4252 1514 4302 a
1566 4232 1779 4325 prima
1832 4229 2162 4302 videlicet
2212 4229 2415 4301 futuri
2484 4227 2745 4302 Mensis
2793 4227 3206 4303 Novembris
3279 4226 3799 4325 supportandum

494 4331 912 4406 obvenerit?
958 4334 1212 4426 justam
1267 4342 1339 4405 et
1373 4355 1659 4427 aequam
1712 4335 2224 4429 repartitionem
2278 4331 2512 4421 faciat,
2568 4343 2635 4405 et
2669 4331 2887 4408 Nobis
2938 4335 3349 4429 tempestive
3401 4330 3689 4418 referat,
3738 4334 3800 4400 et

488 4435 667 4509 haec
719 4440 922 4509 etiam
984 4445 1307 4532 respectu
1359 4438 1773 4531 reliquorum
1831 4437 2115 4509 duorum
2173 4435 2650 4525 comitatuum,
2724 4436 3067 4531 Posegani
3128 4436 3455 4511 videlicet
3528 4445 3602 4507 et
3650 4432 3797 4505 Ve-

489 4543 875 4630 roczensis,
932 4563 1083 4612 cum
1115 4541 1392 4632 jncluso
1429 4540 1908 4631 Valkoviensi,
1964 4563 2098 4636 quo
2137 4543 2333 4612 citius
2390 4538 2536 4611 fieri
2581 4543 2851 4635 poterit,
2900 4540 3178 4613 indilate
3231 4538 3469 4611 facere
3518 4537 3795 4620 studeat,

488 4655 557 4716 ut
605 4647 801 4736 juxta
855 4666 1107 4718 novam
1163 4644 1340 4715 hanc
1402 4648 1697 4716 omnium
1751 4649 1947 4717 trium
2000 4643 2450 4715 comitatuum
2500 4642 3089 4739 conscriptionem
3149 4653 3218 4715 et
3271 4645 3505 4716 oneris
3558 4638 3793 4737 publici

488 4751 998 4843 repartitionem
1058 4747 1590 4821 Contributionis
1645 4750 2017 4842 praestatio
2101 4750 2320 4821 statim
2379 4770 2529 4820 cum
2583 4750 2750 4819 inito
2805 4747 3008 4820 futuri
3060 4747 3322 4821 Mensis
3390 4742 3792 4818 Novembris

489 4852 718 4925 induci
773 4861 842 4924 et
893 4852 1233 4940 Inchoari,
1288 4852 1650 4945 taliterque
1703 4849 2159 4924 contribuens
2213 4850 2446 4923 Incola
2502 4853 3110 4947 improportionato
3184 4872 3399 4923 onere
3451 4856 3793 4944 gravatus,

490 4977 616 5051 pro
681 4957 986 5030 ulteriori
1041 4959 1146 5028 sui
1202 4954 1753 5029 Conservatione
1807 4966 1874 5028 et
1923 4958 2434 5051 permansione,
2500 4953 2588 5027 ad
2643 4977 2928 5049 aequam
2986 4967 3056 5028 et
3101 4958 3353 5047 Justam
3410 4954 3794 5049 proportio-

486 5082 644 5132 nem
702 5082 837 5153 quo
878 5062 1074 5132 citius
1128 5059 1363 5131 reduci
1422 5069 1492 5131 et
1545 5059 1893 5133 sublevari
1947 5060 2200 5133 valeat.
2307 5057 2582 5131 Interea
2637 5068 2861 5130 autem
2919 5067 2990 5131 et
3043 5080 3353 5152 eousque
3410 5057 3635 5130 donec
3683 5055 3795 5122 vi-

491 5164 742 5236 delicet
794 5172 1211 5259 praeattacta
1265 5187 1448 5236 nova
1508 5162 1940 5258 Conscriptio
1999 5173 2069 5234 et
2118 5165 2469 5257 repartitio
2524 5171 2801 5257 peracta
2859 5170 2930 5234 et
2997 5161 3284 5235 stabilita
3340 5160 3570 5249 fuerit,
3624 5178 3794 5230 con-

490 5277 862 5360 sequenter
894 5272 961 5337 in
1003 5266 1250 5340 casum
1298 5271 1502 5339 etiam
1538 5267 1749 5357 illum,
1805 5288 1940 5362 quo
1989 5289 2206 5360 usque
2252 5265 2541 5338 futuram
2589 5264 2883 5338 Primam
2928 5263 3343 5340 Novembris
3393 5264 3570 5337 haec
3621 5279 3790 5334 nova

492 5366 1022 5439 contributionis
1077 5369 1237 5440 Idea
1291 5374 1361 5440 in
1416 5369 1735 5443 effectum
1791 5369 2039 5441 deduci
2092 5372 2428 5464 nequiret,
2502 5372 2831 5444 universa
2900 5378 3039 5442 tam
3106 5367 3531 5457 cameralia,
3605 5377 3816 5460 quam‘
