3950 5917
477 389 646 572 '2³9

478 565 659 718 rum,
739 629 853 723 qni
922 625 1013 700 ad
1064 635 1457 721 presentem
1509 621 1779 699 Dietam
1832 621 1996 699 festi
2050 624 2233 699 beati
2286 621 2571 720 Georgii
2640 605 2966 725 Martyris
3034 629 3314 702 nomine
3379 639 3610 703 vestro
3655 653 3786 703 ve-

482 739 751 818 nerunt,
803 729 1308 803 intelleximus.
1385 749 1519 802 vos
1572 727 1737 802 nihil
1787 729 1858 801 in
1910 723 2298 803 abolicione
2350 727 2739 804 huiusmodi
2789 730 2969 805 male
3022 730 3532 806 consuetudinis
3581 732 3785 807 abdu-

478 834 857 908 cendornm
908 829 1368 927 Jobagionnm
1422 833 1857 918 tractanisse
1915 839 2156 928 optare
2208 841 2464 921 tamen
2517 841 2598 906 vt
2642 832 2917 906 modum
2969 833 3181 922 illum,
3262 836 3376 930 qui
3426 838 3598 908 inter
3642 836 3782 910 Re-

475 935 796 1031 gnicolas
849 938 1155 1032 parcium
1206 929 1435 1030 Regni
1486 935 1705 1009 nostri
1755 931 2381 1030 Transylnanarum
2436 935 2878 1026 obseruatur,
2929 940 3000 1010 in
3055 936 3282 1010 medio
3334 940 3549 1011 vestri
3597 939 3785 1012 indn-

481 1055 648 1113 cere
700 1037 1160 1136 dignaremur.
1265 1038 1493 1126 Vnde„
1563 1047 1920 1134 postquam
1966 1038 2436 1111 intelleximus
2503 1036 2867 1113 fidelitates
2936 1049 3214 1114 vestras
3268 1039 3354 1112 ad
3409 1040 3787 1114 abolendam

480 1143 727 1215 malam
784 1139 1375 1228 consuetudinem,
1448 1163 1582 1237 que
1636 1151 1736 1214 tot
1787 1141 2122 1213 malorum
2192 1162 2401 1215 cansa
2456 1152 2528 1215 et
2580 1144 2779 1237 origo
2852 1144 3112 1231 existit,
3184 1163 3349 1217 esse
3428 1163 3785 1240 propensos

478 1255 552 1319 et
604 1247 992 1335 inclinatos,
1045 1265 1177 1318 nos
1230 1266 1387 1317 cnm
1440 1245 1733 1318 Prelatis
1784 1253 1855 1317 et
1905 1242 2286 1317 Beronibus
2342 1249 2597 1320 nostris
2652 1268 2861 1341 super
2911 1244 3046 1319 hac
3096 1268 3175 1319 re
3228 1245 3491 1321 diucius
3541 1257 3782 1320 tracta-
3891 1249 3894 1304 l

476 1352 701 1422 ulmus
756 1358 828 1420 et
879 1371 1035 1421 cum
1088 1348 1331 1422 iisdem
1389 1351 1476 1421 ita
1535 1349 1968 1420 decreuimus
2025 1358 2095 1420 et
2145 1346 2699 1437 deliberanimus
2753 1355 2832 1421 vt
2890 1349 3114 1423 nullus
3168 1352 3446 1423 omnino
3498 1360 3781 1425 vestrum

482 1457 951 1547 cuiuscunque
1025 1462 1241 1524 status
1302 1461 1371 1523 et
1425 1450 1852 1524 condicionis
1924 1454 2232 1540 existat
2280 1451 2454 1524 infra
2508 1455 2706 1524 trium
2761 1471 3094 1527 annorum
3165 1457 3585 1547 integrorum
3633 1474 3784 1548 spa-

476 1559 689 1646 cium,
741 1578 783 1628 a
819 1554 931 1628 die
967 1552 1422 1628 exhibicionis
1461 1557 1894 1651 presencium
1947 1531 2292 1628 inclusiue
2336 1554 2885 1674 compntandum,
2940 1557 3113 1629 alter
3149 1557 3436 1630 alterius
3468 1555 3786 1651 Jobagio-

477 1682 609 1733 nes
663 1662 813 1734 siue
867 1661 1164 1732 rusticos
1219 1657 1307 1731 de
1360 1657 1561 1731 bonis
1616 1658 1895 1732 alterius
1950 1657 2035 1729 ad
2075 1681 2250 1732 suas
2292 1637 2782 1753 possessiones
2837 1669 3223 1733 moraturos
3283 1657 3625 1732 abducere
3668 1681 3785 1731 au-

477 1762 643 1836 deat
697 1772 899 1857 atque
952 1765 1196 1858 possit
1251 1773 1407 1857 post
1459 1763 1723 1858 lapsum
1774 1783 1950 1835 vero
2006 1761 2390 1834 huiusmodi
2443 1765 2641 1834 trium
2695 1784 3056 1853 annorum.
3103 1765 3161 1834 si
3206 1762 3411 1837 vobis
3456 1760 3787 1849 videbitur,

479 1866 635 1939 talis
691 1864 1006 1937 abductio
1078 1863 1533 1959 Jobagionum
1609 1867 1757 1937 sine
1829 1865 2208 1960 preiudicio
2282 1874 2519 1938 vestro
2575 1865 2664 1937 de
2716 1866 2832 1937 illo
2905 1864 3154 1960 Regno
3233 1865 3597 1939 commode
3661 1865 3786 1938 tolli

479 1989 722 2064 posse,
791 1967 1343 2058 deliberabimus,
1417 1968 1686 2041 tandem
1745 1971 1804 2040 si
1859 1969 2040 2054 talis.
2096 1968 2314 2063 qualis
2369 1980 2569 2039 antea
2625 1967 2773 2054 fuit,
2846 1968 2964 2041 vel
3016 1969 3190 2040 alins
3261 1967 3508 2041 modus
3554 1971 3620 2041 in
3669 1966 3786 2039 ab·

478 2072 913 2145 ductionibus
982 2071 1440 2166 Jobagionum
1513 2075 1690 2144 inter
1742 2094 1874 2144 vos
1931 2071 2260 2166 deinceps
2335 2071 2691 2144 obseruari
2746 2069 3015 2143 debeat.
3123 2070 3555 2167 Quapropter
3622 2069 3785 2143 flde-

475 2176 650 2247 litati
686 2186 923 2248 vestre
971 2178 1156 2248 serie
1208 2178 1643 2270 presencium
1696 2178 2125 2245 strictissime
2183 2175 2606 2262 mandamus,
2665 2183 2999 2267 quatenus
3035 2197 3075 2243 a
3112 2174 3318 2247 modo
3375 2175 3596 2247 nullus
3644 2195 3787 2245 om-

478 2282 643 2350 nino
699 2287 1004 2350 vestrum
1059 2288 1326 2373 tempus
1382 2278 1556 2350 infra
1612 2280 2017 2370 premissum
2074 2278 2366 2368 aliquem
2420 2276 2882 2369 Jobagionem
2935 2299 3130 2349 suum
3185 2276 3270 2348 ad
3326 2279 3604 2350 alterius
3669 2298 3787 2347 cu-

480 2384 770 2475 iuspiam
819 2380 1000 2452 bona
1054 2390 1469 2452 moraturum
1541 2377 1731 2451 abire
1787 2381 2208 2471 permittere,
2281 2377 2404 2451 sed
2466 2401 2692 2472 neque
2748 2378 2836 2452 de
2888 2380 3173 2452 aliorum
3247 2379 3462 2453 Bonis
3516 2380 3600 2451 ad
3646 2399 3786 2452 suas

479 2486 972 2579 possessiones
1026 2487 1176 2554 siue
1227 2481 1409 2553 bona
1465 2491 1702 2553 contra
1766 2479 2056 2553 formam
2100 2484 2439 2575 premisse
2493 2491 2730 2555 nostre
2783 2504 2869 2552 ac
2904 2482 3329 2554 Prelatorum
3366 2494 3438 2556 et
3471 2482 3786 2555 Beronum

482 2596 875 2659 nostrorum
928 2584 1454 2658 deliberacionis
1512 2587 1848 2678 recipere.
1906 2588 2056 2654 siue
2119 2583 2463 2656 abducere
2523 2595 2869 2678 presumat
2919 2607 3146 2679 neque
3198 2589 3287 2657 sit
3339 2608 3552 2659 ausus
3605 2584 3782 2657 modo

483 2690 779 2784 aliquali.
875 2689 951 2759 Si
1006 2691 1118 2783 qui
1166 2709 1339 2760 vero
1398 2709 1491 2760 ex
1542 2686 1744 2760 vobis
1799 2688 2093 2781 aliquem
2146 2709 2243 2759 ex
2290 2686 2784 2780 Jobagionibus
2840 2687 3101 2759 Nobilis
3155 2691 3368 2760 vicini
3424 2693 3530 2761 sui
3581 2692 3781 2782 impe-

480 2803 668 2865 trare
726 2792 1044 2882 voluerit,
1098 2790 1166 2861 id
1220 2788 1436 2862 libere
1507 2790 1737 2862 faciat.
1819 2796 1911 2861 ita
1963 2801 2217 2876 tamen.
2301 2790 2481 2884 quod
2556 2790 2712 2861 dum
2784 2790 3082 2885 Jobagio
3162 2801 3407 2864 vester
3459 2793 3545 2864 de
3614 2791 3784 2862 bonis

477 2898 739 2967 vestris
794 2894 1130 2966 recedere
1184 2894 1504 2982 voluerit,
1571 2894 1862 2967 eundem
1918 2916 2042 2989 pro
2099 2894 2234 2966 alio
2287 2892 2674 2987 Johagione
2728 2892 2945 2965 libere
3002 2905 3071 2966 et
3123 2898 3271 2967 sine
3327 2896 3471 2968 vlla
3527 2905 3784 2966 cuncta-

482 3003 689 3070 cione
736 2997 1072 3070 dimittere
1120 2996 1454 3084 debeam,
1508 3001 1680 3069 etin
1719 2997 1853 3069 boc
1897 2998 2149 3070 nullam
2206 2994 2668 3069 difficultatem
2727 2995 3014 3070 faciatis,
3124 2998 3464 3083 Quoniam
3518 3000 3784 3092 alioquin

480 3103 952 3173 commisimus
1025 3111 1094 3173 et
1146 3100 1579 3196 presentibus
1651 3098 1907 3173 firmius
1981 3101 2378 3173 mandamus
2452 3099 2795 3172 Fidelibus
2879 3105 3132 3172 nostris
3205 3101 3454 3174 lllustri
3524 3102 3786 3172 Johanni

488 3204 816 3291 Coruino„
865 3203 1163 3299 Oppauie
1216 3213 1290 3276 et
1342 3203 1694 3299 Lipthouie
1750 3204 1949 3289 Duci,
2005 3227 2088 3275 ac
2142 3203 2540 3297 Regnorum
2592 3215 2979 3277 nostrorum
3054 3205 3448 3278 Dalmacie.
3527 3205 3785 3277 Croacie

484 3318 556 3380 et
610 3307 979 3380 Sclauonie
1032 3307 1253 3395 Bane,
1308 3330 1390 3378 ac
1445 3306 1767 3402 Egregiis
1820 3306 2191 3379 Vicebanis
2247 3312 2500 3380 vestris
2567 3319 2638 3380 et
2685 3306 3059 3380 Comitibus
3114 3331 3198 3379 ac
3250 3308 3602 3382 Judicibus
3652 3307 3787 3378 No-

482 3408 719 3482 bilium
757 3409 1130 3483 Comitatus
1171 3409 1564 3498 Crisiensis„
1619 3420 1693 3482 vt
1747 3413 1878 3504 ipsi
1932 3433 2064 3483 vos
2121 3421 2187 3482 et
2244 3407 2609 3505 quemlibet
2662 3422 2967 3484 vestrum
3025 3412 3108 3482 ad
3167 3415 3504 3506 premissa
3558 3410 3787 3484 obser-

483 3514 710 3585 uanda
765 3524 969 3606 atque
1022 3512 1339 3586 facienda
1375 3536 1502 3610 per
1536 3514 1839 3586 remedia
1889 3525 2264 3607 opportuna
2303 3518 2370 3586 in
2410 3513 2653 3585 talibus
2705 3514 2852 3586 fleri
2910 3516 3106 3586 solita
3164 3525 3434 3587 arctent
3488 3526 3555 3587 et
3607 3536 3786 3585 com-

484 3618 741 3711 pellant
808 3620 1211 3690 anctoritate
1276 3627 1511 3690 nostra
1564 3617 1784 3711 Regia
1841 3615 2272 3710 presentibus
2328 3621 2493 3710 ipsis
2551 3621 2614 3687 in
2673 3616 2802 3688 hac
2857 3629 3047 3712 parte
3103 3617 3419 3691 attributa
3476 3630 3542 3690 et
3590 3619 3788 3688 Justi-

482 3725 577 3790 tia
651 3720 1014 3793 mediante.
1122 3720 1345 3793 Secus
1419 3724 1621 3813 igitur
1672 3719 1857 3792 nullo
1914 3720 2118 3790 modo
2194 3718 2455 3791 facturi.
2561 3719 3004 3793 Presentibus
3074 3724 3400 3818 perlectis
3473 3721 3791 3794 exhibenti

483 3826 834 3895 restitutis.
939 3823 1184 3896 Datum
1256 3823 1448 3895 Bude
1519 3826 1585 3893 in
1658 3821 1839 3895 festo
1915 3820 2094 3893 beati
2168 3822 2426 3896 Vrbani
2495 3823 2702 3918 Pape.
2829 3824 3033 3898 Anno
3105 3825 3382 3899 Domini
3454 3826 3790 3904 millesimo

482 3924 1055 4019 Quingentesimo
1108 3929 1345 4020 prime.

1595 4157 1911 4236 (Sigillum
1956 4156 2221 4235 Regium
2265 4164 2699 4237 appi-essum.)

482 4389 751 4462 originale
786 4394 838 4445 in
876 4392 1100 4446 Archivo
1139 4393 1305 4463 Regni
1342 4392 1596 4447 Oroatiae.
1654 4394 1788 4447 Priv.
1825 4394 1887 4446 N.
1926 4396 2044 4450 111.
