<?xml version="1.0" encoding="UTF-8"?>
<!DOCTYPE html PUBLIC "-//W3C//DTD XHTML 1.0 Transitional//EN"
    "http://www.w3.org/TR/xhtml1/DTD/xhtml1-transitional.dtd">
<html xmlns="http://www.w3.org/1999/xhtml" xml:lang="en" lang="en">
 <head>
  <title>
</title>
<meta http-equiv="Content-Type" content="text/html;charset=utf-8" />
  <meta name='ocr-system' content='tesseract 3.04.00' />
  <meta name='ocr-capabilities' content='ocr_page ocr_carea ocr_par ocr_line ocrx_word'/>
</head>
<body>
  <div class='ocr_page' id='page_1' title='image "./juraregnicroati00etcgoog/juraregnicroati00etcgoog_0258.png"; bbox 0 0 3950 5917; ppageno 0'>
   <div class='ocr_carea' id='block_1_1' title="bbox 513 381 672 462">
    <p class='ocr_par' dir='ltr' id='par_1_1' title="bbox 513 381 672 462">
     <span class='ocr_line' id='line_1_1' title="bbox 513 381 672 462; baseline 0 -1"><span class='ocrx_word' id='word_1_1' title='bbox 513 381 672 462; x_wconf 70' lang='lat'><strong>2¹⁶</strong></span> 
     </span>
    </p>
   </div>
   <div class='ocr_carea' id='block_1_2' title="bbox 489 591 3818 5443">
    <p class='ocr_par' dir='ltr' id='par_1_2' title="bbox 489 591 3818 5443">
     <span class='ocr_line' id='line_1_2' title="bbox 511 591 3790 689; baseline 0.001 -23"><span class='ocrx_word' id='word_1_2' title='bbox 511 614 876 666; x_wconf 83' lang='lat' dir='ltr'><strong>nersorum</strong></span> <span class='ocrx_word' id='word_1_3' title='bbox 929 591 1268 665; x_wconf 85' lang='lat' dir='ltr'>Nobilium</span> <span class='ocrx_word' id='word_1_4' title='bbox 1326 604 1398 665; x_wconf 92' lang='lat' dir='ltr'><strong>et</strong></span> <span class='ocrx_word' id='word_1_5' title='bbox 1448 594 1823 665; x_wconf 89' lang='lat' dir='ltr'><strong>incolarum</strong></span> <span class='ocrx_word' id='word_1_6' title='bbox 1877 598 2236 689; x_wconf 89' lang='lat' dir='ltr'><strong>preattacti</strong></span> <span class='ocrx_word' id='word_1_7' title='bbox 2288 593 2512 687; x_wconf 80' lang='lat' dir='ltr'>Regni</span> <span class='ocrx_word' id='word_1_8' title='bbox 2568 593 2938 666; x_wconf 85' lang='lat' dir='ltr'><strong>Sclauonie</strong></span> <span class='ocrx_word' id='word_1_9' title='bbox 3008 597 3491 688; x_wconf 87' lang='lat' dir='ltr'><strong>possessiones</strong></span> <span class='ocrx_word' id='word_1_10' title='bbox 3556 594 3790 669; x_wconf 87' lang='lat' dir='ltr'><strong>baben-</strong></span> 
     </span>
     <span class='ocr_line' id='line_1_3' title="bbox 511 693 3788 793; baseline 0.001 -25"><span class='ocrx_word' id='word_1_11' title='bbox 511 700 679 768; x_wconf 87' lang='lat' dir='ltr'><strong>tium</strong></span> <span class='ocrx_word' id='word_1_12' title='bbox 734 695 1145 782; x_wconf 69' lang='lat' dir='ltr'><strong>nominibus,</strong></span> <span class='ocrx_word' id='word_1_13' title='bbox 1201 706 1270 768; x_wconf 90' lang='lat' dir='ltr'><strong>et</strong></span> <span class='ocrx_word' id='word_1_14' title='bbox 1322 700 1389 768; x_wconf 92' lang='lat' dir='ltr'><strong>in</strong></span> <span class='ocrx_word' id='word_1_15' title='bbox 1444 701 1788 791; x_wconf 63' lang='lat' dir='ltr'><strong>personis„</strong></span> <span class='ocrx_word' id='word_1_16' title='bbox 1862 708 2055 791; x_wconf 91' lang='lat' dir='ltr'><strong>parte</strong></span> <span class='ocrx_word' id='word_1_17' title='bbox 2111 720 2203 768; x_wconf 86' lang='lat' dir='ltr'><strong>ex</strong></span> <span class='ocrx_word' id='word_1_18' title='bbox 2259 697 2499 784; x_wconf 71' lang='lat' dir='ltr'><strong>altera‚</strong></span> <span class='ocrx_word' id='word_1_19' title='bbox 2582 718 2816 767; x_wconf 88' lang='lat' dir='ltr'><strong>coram</strong></span> <span class='ocrx_word' id='word_1_20' title='bbox 2870 693 3072 767; x_wconf 89' lang='lat' dir='ltr'><strong>nobis</strong></span> <span class='ocrx_word' id='word_1_21' title='bbox 3146 700 3507 784; x_wconf 65' lang='lat' dir='ltr'><strong>constituti,</strong></span> <span class='ocrx_word' id='word_1_22' title='bbox 3582 711 3788 793; x_wconf 87' lang='lat' dir='ltr'><strong>sponte</strong></span> 
     </span>
     <span class='ocr_line' id='line_1_4' title="bbox 517 798 3790 895; baseline 0.001 -23"><span class='ocrx_word' id='word_1_23' title='bbox 517 798 816 872; x_wconf 82' lang='lat' dir='ltr'><strong>dixerint</strong></span> <span class='ocrx_word' id='word_1_24' title='bbox 870 810 940 870; x_wconf 89' lang='lat' dir='ltr'><strong>et</strong></span> <span class='ocrx_word' id='word_1_25' title='bbox 992 803 1377 871; x_wconf 76' lang='lat' dir='ltr'><strong>exstiterint</strong></span> <span class='ocrx_word' id='word_1_26' title='bbox 1430 799 1738 873; x_wconf 81' lang='lat' dir='ltr'><strong>confessi</strong></span> <span class='ocrx_word' id='word_1_27' title='bbox 1791 805 1857 871; x_wconf 90' lang='lat' dir='ltr'><strong>in</strong></span> <span class='ocrx_word' id='word_1_28' title='bbox 1912 800 2091 872; x_wconf 88' lang='lat' dir='ltr'><strong>bunc</strong></span> <span class='ocrx_word' id='word_1_29' title='bbox 2146 801 2466 872; x_wconf 90' lang='lat' dir='ltr'><strong>modum:</strong></span> <span class='ocrx_word' id='word_1_30' title='bbox 2546 800 2739 885; x_wconf 87' lang='lat' dir='ltr'><strong>Quod</strong></span> <span class='ocrx_word' id='word_1_31' title='bbox 2796 800 2958 871; x_wconf 91' lang='lat' dir='ltr'><strong>licet</strong></span> <span class='ocrx_word' id='word_1_32' title='bbox 3010 820 3221 895; x_wconf 89' lang='lat' dir='ltr'><strong>super</strong></span> <span class='ocrx_word' id='word_1_33' title='bbox 3273 798 3453 872; x_wconf 83' lang='lat' dir='ltr'><strong>facto</strong></span> <span class='ocrx_word' id='word_1_34' title='bbox 3506 810 3571 871; x_wconf 91' lang='lat' dir='ltr'><strong>et</strong></span> <span class='ocrx_word' id='word_1_35' title='bbox 3616 802 3790 874; x_wconf 86' lang='lat' dir='ltr'><strong>modo</strong></span> 
     </span>
     <span class='ocr_line' id='line_1_5' title="bbox 519 901 3791 998; baseline 0 -23"><span class='ocrx_word' id='word_1_36' title='bbox 519 903 895 976; x_wconf 89' lang='lat' dir='ltr'><strong>solucionis</strong></span> <span class='ocrx_word' id='word_1_37' title='bbox 951 902 1366 975; x_wconf 88' lang='lat' dir='ltr'><strong>decimarum</strong></span> <span class='ocrx_word' id='word_1_38' title='bbox 1424 905 1564 975; x_wconf 84' lang='lat' dir='ltr'><strong>vini</strong></span> <span class='ocrx_word' id='word_1_39' title='bbox 1630 906 1806 975; x_wconf 90' lang='lat' dir='ltr'><strong>inter</strong></span> <span class='ocrx_word' id='word_1_40' title='bbox 1859 903 2319 977; x_wconf 78' lang='lat' dir='ltr'><strong>decimatores</strong></span> <span class='ocrx_word' id='word_1_41' title='bbox 2392 902 2637 998; x_wconf 83' lang='lat' dir='ltr'><strong>prefati</strong></span> <span class='ocrx_word' id='word_1_42' title='bbox 2709 903 2965 973; x_wconf 89' lang='lat' dir='ltr'><strong>domini</strong></span> <span class='ocrx_word' id='word_1_43' title='bbox 3017 901 3298 975; x_wconf 90' lang='lat' dir='ltr'><strong>Osualdi</strong></span> <span class='ocrx_word' id='word_1_44' title='bbox 3367 902 3669 998; x_wconf 83' lang='lat' dir='ltr'><strong>Episcopi</strong></span> <span class='ocrx_word' id='word_1_45' title='bbox 3714 927 3791 975; x_wconf 86' lang='lat' dir='ltr'><strong>ex</strong></span> 
     </span>
     <span class='ocr_line' id='line_1_6' title="bbox 516 1005 3792 1102; baseline -0 -22"><span class='ocrx_word' id='word_1_46' title='bbox 516 1028 681 1094; x_wconf 67' lang='lat' dir='ltr'><strong>vna„</strong></span> <span class='ocrx_word' id='word_1_47' title='bbox 739 1017 809 1077; x_wconf 91' lang='lat' dir='ltr'><strong>et</strong></span> <span class='ocrx_word' id='word_1_48' title='bbox 860 1009 1306 1102; x_wconf 88' lang='lat' dir='ltr'><strong>prescriptam</strong></span> <span class='ocrx_word' id='word_1_49' title='bbox 1362 1009 1874 1079; x_wconf 84' lang='lat' dir='ltr'><strong>vniuersitatem</strong></span> <span class='ocrx_word' id='word_1_50' title='bbox 1930 1005 2273 1078; x_wconf 82' lang='lat' dir='ltr'><strong>Nobilium</strong></span> <span class='ocrx_word' id='word_1_51' title='bbox 2327 1029 2453 1079; x_wconf 90' lang='lat' dir='ltr'><strong>seu</strong></span> <span class='ocrx_word' id='word_1_52' title='bbox 2489 1005 3021 1099; x_wconf 73' lang='lat' dir='ltr'><strong>regnicolarum,</strong></span> <span class='ocrx_word' id='word_1_53' title='bbox 3077 1028 3451 1099; x_wconf 85' lang='lat' dir='ltr'><strong>eorumque</strong></span> <span class='ocrx_word' id='word_1_54' title='bbox 3499 1006 3792 1079; x_wconf 79' lang='lat' dir='ltr'><strong>officiales</strong></span> 
     </span>
     <span class='ocr_line' id='line_1_7' title="bbox 516 1107 3793 1205; baseline 0.001 -25"><span class='ocrx_word' id='word_1_55' title='bbox 516 1119 710 1205; x_wconf 91' lang='lat' dir='ltr'><strong>parte</strong></span> <span class='ocrx_word' id='word_1_56' title='bbox 758 1107 845 1181; x_wconf 89' lang='lat' dir='ltr'><strong>de</strong></span> <span class='ocrx_word' id='word_1_57' title='bbox 883 1110 1122 1198; x_wconf 69' lang='lat' dir='ltr'><strong>altera,</strong></span> <span class='ocrx_word' id='word_1_58' title='bbox 1204 1108 1355 1182; x_wconf 85' lang='lat' dir='ltr'><strong>fere</strong></span> <span class='ocrx_word' id='word_1_59' title='bbox 1411 1111 1695 1201; x_wconf 89' lang='lat' dir='ltr'><strong>singulis</strong></span> <span class='ocrx_word' id='word_1_60' title='bbox 1752 1113 1947 1183; x_wconf 91' lang='lat' dir='ltr'><strong>annis</strong></span> <span class='ocrx_word' id='word_1_61' title='bbox 2003 1109 2399 1204; x_wconf 81' lang='lat' dir='ltr'><strong>frequentes</strong></span> <span class='ocrx_word' id='word_1_62' title='bbox 2455 1120 2524 1181; x_wconf 88' lang='lat' dir='ltr'><strong>et</strong></span> <span class='ocrx_word' id='word_1_63' title='bbox 2578 1109 2855 1183; x_wconf 79' lang='lat' dir='ltr'><strong>assidue</strong></span> <span class='ocrx_word' id='word_1_64' title='bbox 2908 1108 3307 1181; x_wconf 84' lang='lat' dir='ltr'><strong>differencie</strong></span> <span class='ocrx_word' id='word_1_65' title='bbox 3361 1120 3431 1180; x_wconf 91' lang='lat' dir='ltr'><strong>et</strong></span> <span class='ocrx_word' id='word_1_66' title='bbox 3473 1108 3793 1205; x_wconf 87' lang='lat' dir='ltr'><strong>discrepa-</strong></span> 
     </span>
     <span class='ocr_line' id='line_1_8' title="bbox 514 1210 3794 1307; baseline 0 -23"><span class='ocrx_word' id='word_1_67' title='bbox 514 1215 757 1285; x_wconf 90' lang='lat' dir='ltr'><strong>ciones</strong></span> <span class='ocrx_word' id='word_1_68' title='bbox 811 1210 1207 1285; x_wconf 89' lang='lat' dir='ltr'><strong>oriebantur</strong></span> <span class='ocrx_word' id='word_1_69' title='bbox 1258 1223 1328 1285; x_wconf 90' lang='lat' dir='ltr'><strong>et</strong></span> <span class='ocrx_word' id='word_1_70' title='bbox 1380 1212 1901 1301; x_wconf 60' lang='lat' dir='ltr'><strong>suscitabantur„</strong></span> <span class='ocrx_word' id='word_1_71' title='bbox 1957 1213 2138 1307; x_wconf 90' lang='lat' dir='ltr'><strong>quod</strong></span> <span class='ocrx_word' id='word_1_72' title='bbox 2190 1217 2365 1306; x_wconf 90' lang='lat' dir='ltr'><strong>parti</strong></span> <span class='ocrx_word' id='word_1_73' title='bbox 2417 1215 2684 1306; x_wconf 82' lang='lat' dir='ltr'><strong>utrique</strong></span> <span class='ocrx_word' id='word_1_74' title='bbox 2749 1216 2918 1286; x_wconf 87' lang='lat' dir='ltr'><strong>satis</strong></span> <span class='ocrx_word' id='word_1_75' title='bbox 2970 1211 3156 1284; x_wconf 87' lang='lat' dir='ltr'><strong>tedio</strong></span> <span class='ocrx_word' id='word_1_76' title='bbox 3212 1215 3486 1285; x_wconf 86' lang='lat' dir='ltr'><strong>exstitit.</strong></span> <span class='ocrx_word' id='word_1_77' title='bbox 3570 1211 3794 1286; x_wconf 86' lang='lat' dir='ltr'><strong>Tamen</strong></span> 
     </span>
     <span class='ocr_line' id='line_1_9' title="bbox 513 1316 3795 1412; baseline 0 -26"><span class='ocrx_word' id='word_1_78' title='bbox 513 1318 662 1410; x_wconf 91' lang='lat' dir='ltr'><strong>ipse</strong></span> <span class='ocrx_word' id='word_1_79' title='bbox 719 1326 947 1410; x_wconf 87' lang='lat' dir='ltr'><strong>partes</strong></span> <span class='ocrx_word' id='word_1_80' title='bbox 1030 1318 1228 1388; x_wconf 87' lang='lat' dir='ltr'><strong>saluti</strong></span> <span class='ocrx_word' id='word_1_81' title='bbox 1299 1320 1444 1412; x_wconf 92' lang='lat' dir='ltr'><strong>pari</strong></span> <span class='ocrx_word' id='word_1_82' title='bbox 1516 1316 1882 1389; x_wconf 88' lang='lat' dir='ltr'><strong>commodo</strong></span> <span class='ocrx_word' id='word_1_83' title='bbox 1940 1326 2011 1388; x_wconf 90' lang='lat' dir='ltr'><strong>et</strong></span> <span class='ocrx_word' id='word_1_84' title='bbox 2063 1321 2271 1410; x_wconf 87' lang='lat' dir='ltr'><strong>quieti</strong></span> <span class='ocrx_word' id='word_1_85' title='bbox 2327 1316 2694 1389; x_wconf 89' lang='lat' dir='ltr'><strong>consulere</strong></span> <span class='ocrx_word' id='word_1_86' title='bbox 2777 1319 3155 1410; x_wconf 66' lang='lat' dir='ltr'><strong>cupientes,</strong></span> <span class='ocrx_word' id='word_1_87' title='bbox 3236 1327 3312 1389; x_wconf 91' lang='lat' dir='ltr'><strong>vt</strong></span> <span class='ocrx_word' id='word_1_88' title='bbox 3361 1326 3431 1387; x_wconf 90' lang='lat' dir='ltr'><strong>et</strong></span> <span class='ocrx_word' id='word_1_89' title='bbox 3482 1316 3690 1387; x_wconf 89' lang='lat' dir='ltr'><strong>diuino</strong></span> <span class='ocrx_word' id='word_1_90' title='bbox 3737 1327 3795 1387; x_wconf 89' lang='lat' dir='ltr'><strong>et</strong></span> 
     </span>
     <span class='ocr_line' id='line_1_10' title="bbox 512 1416 3795 1515; baseline -0 -25"><span class='ocrx_word' id='word_1_91' title='bbox 512 1416 809 1491; x_wconf 88' lang='lat' dir='ltr'><strong>humano</strong></span> <span class='ocrx_word' id='word_1_92' title='bbox 865 1421 991 1490; x_wconf 90' lang='lat' dir='ltr'><strong>iuri</strong></span> <span class='ocrx_word' id='word_1_93' title='bbox 1046 1417 1437 1510; x_wconf 67' lang='lat' dir='ltr'><strong>satisfieret,</strong></span> <span class='ocrx_word' id='word_1_94' title='bbox 1509 1419 1827 1513; x_wconf 85' lang='lat' dir='ltr'><strong>nullaque</strong></span> <span class='ocrx_word' id='word_1_95' title='bbox 1880 1424 2076 1515; x_wconf 92' lang='lat' dir='ltr'><strong>proin</strong></span> <span class='ocrx_word' id='word_1_96' title='bbox 2134 1419 2560 1513; x_wconf 86' lang='lat' dir='ltr'><strong>dispendium</strong></span> <span class='ocrx_word' id='word_1_97' title='bbox 2631 1428 2979 1513; x_wconf 89' lang='lat' dir='ltr'><strong>pateretur</strong></span> <span class='ocrx_word' id='word_1_98' title='bbox 3030 1422 3096 1490; x_wconf 94' lang='lat' dir='ltr'><strong>in</strong></span> <span class='ocrx_word' id='word_1_99' title='bbox 3152 1418 3284 1489; x_wconf 91' lang='lat' dir='ltr'><strong>hac</strong></span> <span class='ocrx_word' id='word_1_100' title='bbox 3337 1427 3550 1514; x_wconf 70' lang='lat' dir='ltr'><strong>parte,</strong></span> <span class='ocrx_word' id='word_1_101' title='bbox 3616 1440 3795 1513; x_wconf 90' lang='lat' dir='ltr'><strong>super</strong></span> 
     </span>
     <span class='ocr_line' id='line_1_11' title="bbox 515 1520 3795 1618; baseline -0 -25"><span class='ocrx_word' id='word_1_102' title='bbox 515 1521 719 1594; x_wconf 92' lang='lat' dir='ltr'><strong>modo</strong></span> <span class='ocrx_word' id='word_1_103' title='bbox 777 1531 846 1594; x_wconf 86' lang='lat' dir='ltr'><strong>et</strong></span> <span class='ocrx_word' id='word_1_104' title='bbox 897 1520 1083 1594; x_wconf 86' lang='lat' dir='ltr'><strong>facto</strong></span> <span class='ocrx_word' id='word_1_105' title='bbox 1156 1523 1531 1595; x_wconf 88' lang='lat' dir='ltr'><strong>solucionis</strong></span> <span class='ocrx_word' id='word_1_106' title='bbox 1604 1521 2020 1594; x_wconf 89' lang='lat' dir='ltr'><strong>decimarum</strong></span> <span class='ocrx_word' id='word_1_107' title='bbox 2091 1526 2234 1595; x_wconf 87' lang='lat' dir='ltr'><strong>vini</strong></span> <span class='ocrx_word' id='word_1_108' title='bbox 2307 1525 2861 1618; x_wconf 72' lang='lat' dir='ltr'><strong>prescriptamm‚</strong></span> <span class='ocrx_word' id='word_1_109' title='bbox 2935 1525 3037 1595; x_wconf 87' lang='lat' dir='ltr'><strong>sic</strong></span> <span class='ocrx_word' id='word_1_110' title='bbox 3110 1532 3181 1595; x_wconf 89' lang='lat' dir='ltr'><strong>et</strong></span> <span class='ocrx_word' id='word_1_111' title='bbox 3228 1522 3458 1594; x_wconf 90' lang='lat' dir='ltr'><strong>taliter</strong></span> <span class='ocrx_word' id='word_1_112' title='bbox 3523 1542 3795 1593; x_wconf 89' lang='lat' dir='ltr'><strong>concor-</strong></span> 
     </span>
     <span class='ocr_line' id='line_1_12' title="bbox 513 1623 3795 1713; baseline -0.001 -15"><span class='ocrx_word' id='word_1_113' title='bbox 513 1625 799 1698; x_wconf 88' lang='lat' dir='ltr'><strong>dassent</strong></span> <span class='ocrx_word' id='word_1_114' title='bbox 854 1635 923 1697; x_wconf 88' lang='lat' dir='ltr'><strong>et</strong></span> <span class='ocrx_word' id='word_1_115' title='bbox 974 1628 1150 1697; x_wconf 90' lang='lat' dir='ltr'><strong>inter</strong></span> <span class='ocrx_word' id='word_1_116' title='bbox 1221 1648 1299 1698; x_wconf 92' lang='lat' dir='ltr'><strong>se</strong></span> <span class='ocrx_word' id='word_1_117' title='bbox 1362 1625 1835 1713; x_wconf 79' lang='lat' dir='ltr'><strong>ordinassent3</strong></span> <span class='ocrx_word' id='word_1_118' title='bbox 1908 1630 2047 1698; x_wconf 90' lang='lat' dir='ltr'><strong>imo</strong></span> <span class='ocrx_word' id='word_1_119' title='bbox 2120 1626 2623 1698; x_wconf 87' lang='lat' dir='ltr'><strong>concordarunt</strong></span> <span class='ocrx_word' id='word_1_120' title='bbox 2676 1636 2747 1698; x_wconf 90' lang='lat' dir='ltr'><strong>et</strong></span> <span class='ocrx_word' id='word_1_121' title='bbox 2800 1623 3195 1697; x_wconf 86' lang='lat' dir='ltr'><strong>ordinarunt</strong></span> <span class='ocrx_word' id='word_1_122' title='bbox 3260 1629 3476 1698; x_wconf 83' lang='lat' dir='ltr'><strong>nostri</strong></span> <span class='ocrx_word' id='word_1_123' title='bbox 3525 1627 3591 1696; x_wconf 92' lang='lat' dir='ltr'><strong>in</strong></span> <span class='ocrx_word' id='word_1_124' title='bbox 3641 1645 3795 1695; x_wconf 89' lang='lat' dir='ltr'><strong>con-</strong></span> 
     </span>
     <span class='ocr_line' id='line_1_13' title="bbox 513 1726 3795 1825; baseline -0.002 -23"><span class='ocrx_word' id='word_1_125' title='bbox 513 1738 779 1823; x_wconf 61' lang='lat' dir='ltr'><strong>spectu„</strong></span> <span class='ocrx_word' id='word_1_126' title='bbox 834 1740 911 1801; x_wconf 88' lang='lat' dir='ltr'><strong>vt</strong></span> <span class='ocrx_word' id='word_1_127' title='bbox 956 1739 1089 1800; x_wconf 90' lang='lat' dir='ltr'><strong>tam</strong></span> <span class='ocrx_word' id='word_1_128' title='bbox 1147 1727 1504 1816; x_wconf 84' lang='lat' dir='ltr'><strong>vbertatis.‚</strong></span> <span class='ocrx_word' id='word_1_129' title='bbox 1560 1752 1760 1823; x_wconf 85' lang='lat' dir='ltr'><strong>quam</strong></span> <span class='ocrx_word' id='word_1_130' title='bbox 1816 1730 2187 1802; x_wconf 87' lang='lat' dir='ltr'><strong>sterilitatis</strong></span> <span class='ocrx_word' id='word_1_131' title='bbox 2241 1740 2577 1825; x_wconf 65' lang='lat' dir='ltr'><strong>tempore„</strong></span> <span class='ocrx_word' id='word_1_132' title='bbox 2631 1732 2773 1800; x_wconf 83' lang='lat' dir='ltr'><strong>vita</strong></span> <span class='ocrx_word' id='word_1_133' title='bbox 2828 1733 2960 1800; x_wconf 89' lang='lat' dir='ltr'><strong>iam</strong></span> <span class='ocrx_word' id='word_1_134' title='bbox 3018 1726 3161 1800; x_wconf 84' lang='lat' dir='ltr'><strong>fato</strong></span> <span class='ocrx_word' id='word_1_135' title='bbox 3216 1729 3493 1800; x_wconf 92' lang='lat' dir='ltr'><strong>domino</strong></span> <span class='ocrx_word' id='word_1_136' title='bbox 3527 1726 3795 1801; x_wconf 87' lang='lat' dir='ltr'><strong>Osualdo</strong></span> 
     </span>
     <span class='ocr_line' id='line_1_14' title="bbox 510 1829 3795 1928; baseline -0.001 -25"><span class='ocrx_word' id='word_1_137' title='bbox 510 1830 860 1928; x_wconf 88' lang='lat' dir='ltr'><strong>Episcopo</strong></span> <span class='ocrx_word' id='word_1_138' title='bbox 933 1832 1261 1904; x_wconf 85' lang='lat' dir='ltr'><strong>duntaxat</strong></span> <span class='ocrx_word' id='word_1_139' title='bbox 1322 1838 1599 1919; x_wconf 65' lang='lat' dir='ltr'><strong>comite,</strong></span> <span class='ocrx_word' id='word_1_140' title='bbox 1673 1834 1959 1925; x_wconf 86' lang='lat' dir='ltr'><strong>singulis</strong></span> <span class='ocrx_word' id='word_1_141' title='bbox 2034 1837 2230 1905; x_wconf 90' lang='lat' dir='ltr'><strong>annis</strong></span> <span class='ocrx_word' id='word_1_142' title='bbox 2287 1836 2354 1905; x_wconf 90' lang='lat' dir='ltr'><strong>in</strong></span> <span class='ocrx_word' id='word_1_143' title='bbox 2409 1829 2707 1926; x_wconf 87' lang='lat' dir='ltr'><strong>quolibet</strong></span> <span class='ocrx_word' id='word_1_144' title='bbox 2779 1831 3269 1904; x_wconf 88' lang='lat' dir='ltr'><strong>decimacionis</strong></span> <span class='ocrx_word' id='word_1_145' title='bbox 3342 1832 3562 1903; x_wconf 90' lang='lat' dir='ltr'><strong>cutelo</strong></span> <span class='ocrx_word' id='word_1_146' title='bbox 3622 1829 3795 1901; x_wconf 89' lang='lat' dir='ltr'><strong>deci-</strong></span> 
     </span>
     <span class='ocr_line' id='line_1_15' title="bbox 515 1933 3797 2031; baseline -0.001 -24"><span class='ocrx_word' id='word_1_147' title='bbox 515 1946 816 2008; x_wconf 88' lang='lat' dir='ltr'><strong>matores</strong></span> <span class='ocrx_word' id='word_1_148' title='bbox 887 1939 1100 2031; x_wconf 87' lang='lat' dir='ltr'><strong>ipsius</strong></span> <span class='ocrx_word' id='word_1_149' title='bbox 1171 1935 1424 2009; x_wconf 87' lang='lat' dir='ltr'><strong>domini</strong></span> <span class='ocrx_word' id='word_1_150' title='bbox 1476 1935 1803 2031; x_wconf 90' lang='lat' dir='ltr'><strong>Episcopi</strong></span> <span class='ocrx_word' id='word_1_151' title='bbox 1866 1958 1990 2031; x_wconf 90' lang='lat' dir='ltr'><strong>pro</strong></span> <span class='ocrx_word' id='word_1_152' title='bbox 2046 1934 2348 2030; x_wconf 90' lang='lat' dir='ltr'><strong>quolibet</strong></span> <span class='ocrx_word' id='word_1_153' title='bbox 2418 1936 2686 2008; x_wconf 89' lang='lat' dir='ltr'><strong>decimo</strong></span> <span class='ocrx_word' id='word_1_154' title='bbox 2760 1933 3035 2024; x_wconf 68' lang='lat' dir='ltr'><strong>eubulo,</strong></span> <span class='ocrx_word' id='word_1_155' title='bbox 3105 1957 3229 2030; x_wconf 90' lang='lat' dir='ltr'><strong>pro</strong></span> <span class='ocrx_word' id='word_1_156' title='bbox 3286 1945 3358 2007; x_wconf 89' lang='lat' dir='ltr'><strong>et</strong></span> <span class='ocrx_word' id='word_1_157' title='bbox 3412 1935 3497 2006; x_wconf 88' lang='lat' dir='ltr'><strong>de</strong></span> <span class='ocrx_word' id='word_1_158' title='bbox 3549 1933 3797 2025; x_wconf 82' lang='lat' dir='ltr'><strong>singulis</strong></span> 
     </span>
     <span class='ocr_line' id='line_1_16' title="bbox 512 2037 3797 2135; baseline -0.001 -25"><span class='ocrx_word' id='word_1_159' title='bbox 512 2037 774 2111; x_wconf 82' lang='lat' dir='ltr'><strong>duabus</strong></span> <span class='ocrx_word' id='word_1_160' title='bbox 827 2042 1030 2134; x_wconf 90' lang='lat' dir='ltr'><strong>pintis</strong></span> <span class='ocrx_word' id='word_1_161' title='bbox 1085 2043 1230 2111; x_wconf 87' lang='lat' dir='ltr'><strong>vini</strong></span> <span class='ocrx_word' id='word_1_162' title='bbox 1284 2062 1561 2135; x_wconf 87' lang='lat' dir='ltr'><strong>semper</strong></span> <span class='ocrx_word' id='word_1_163' title='bbox 1611 2061 1819 2111; x_wconf 85' lang='lat' dir='ltr'><strong>vnum</strong></span> <span class='ocrx_word' id='word_1_164' title='bbox 1877 2038 2168 2112; x_wconf 89' lang='lat' dir='ltr'><strong>solidum</strong></span> <span class='ocrx_word' id='word_1_165' title='bbox 2222 2041 2340 2111; x_wconf 84' lang='lat' dir='ltr'><strong>vel</strong></span> <span class='ocrx_word' id='word_1_166' title='bbox 2393 2039 2770 2127; x_wconf 70' lang='lat' dir='ltr'><strong>denarium,</strong></span> <span class='ocrx_word' id='word_1_167' title='bbox 2825 2059 3110 2133; x_wconf 89' lang='lat' dir='ltr'><strong>quorum</strong></span> <span class='ocrx_word' id='word_1_168' title='bbox 3164 2037 3593 2110; x_wconf 86' lang='lat' dir='ltr'><strong>denariorum</strong></span> <span class='ocrx_word' id='word_1_169' title='bbox 3644 2057 3797 2107; x_wconf 90' lang='lat' dir='ltr'><strong>cen-</strong></span> 
     </span>
     <span class='ocr_line' id='line_1_17' title="bbox 509 2137 3796 2239; baseline -0.001 -26"><span class='ocrx_word' id='word_1_170' title='bbox 509 2151 648 2213; x_wconf 86' lang='lat' dir='ltr'><strong>tum</strong></span> <span class='ocrx_word' id='word_1_171' title='bbox 704 2164 911 2214; x_wconf 87' lang='lat' dir='ltr'><strong>vnum</strong></span> <span class='ocrx_word' id='word_1_172' title='bbox 969 2141 1301 2216; x_wconf 87' lang='lat' dir='ltr'><strong>florenum</strong></span> <span class='ocrx_word' id='word_1_173' title='bbox 1359 2147 1504 2214; x_wconf 88' lang='lat' dir='ltr'><strong>anri</strong></span> <span class='ocrx_word' id='word_1_174' title='bbox 1552 2164 1678 2239; x_wconf 90' lang='lat' dir='ltr'><strong>pro</strong></span> <span class='ocrx_word' id='word_1_175' title='bbox 1734 2152 2043 2237; x_wconf 88' lang='lat' dir='ltr'><strong>tempore</strong></span> <span class='ocrx_word' id='word_1_176' title='bbox 2115 2142 2373 2214; x_wconf 84' lang='lat' dir='ltr'><strong>facient</strong></span> <span class='ocrx_word' id='word_1_177' title='bbox 2424 2153 2493 2214; x_wconf 92' lang='lat' dir='ltr'><strong>et</strong></span> <span class='ocrx_word' id='word_1_178' title='bbox 2544 2140 2894 2230; x_wconf 69' lang='lat' dir='ltr'><strong>valebunt,</strong></span> <span class='ocrx_word' id='word_1_179' title='bbox 2950 2166 2989 2213; x_wconf 93' lang='lat' dir='ltr'><strong>a</strong></span> <span class='ocrx_word' id='word_1_180' title='bbox 3040 2142 3311 2237; x_wconf 88' lang='lat' dir='ltr'><strong>populis</strong></span> <span class='ocrx_word' id='word_1_181' title='bbox 3367 2151 3440 2214; x_wconf 90' lang='lat' dir='ltr'><strong>et</strong></span> <span class='ocrx_word' id='word_1_182' title='bbox 3486 2137 3796 2232; x_wconf 82' lang='lat' dir='ltr'><strong>Jobagio-</strong></span> 
     </span>
     <span class='ocr_line' id='line_1_18' title="bbox 506 2242 3797 2340; baseline -0.002 -23"><span class='ocrx_word' id='word_1_183' title='bbox 506 2244 704 2317; x_wconf 88' lang='lat' dir='ltr'><strong>nibus</strong></span> <span class='ocrx_word' id='word_1_184' title='bbox 794 2246 1127 2317; x_wconf 87' lang='lat' dir='ltr'><strong>dictorum</strong></span> <span class='ocrx_word' id='word_1_185' title='bbox 1207 2244 1547 2319; x_wconf 86' lang='lat' dir='ltr'><strong>Nobilium</strong></span> <span class='ocrx_word' id='word_1_186' title='bbox 1624 2249 1914 2339; x_wconf 80' lang='lat' dir='ltr'><strong>exigere</strong></span> <span class='ocrx_word' id='word_1_187' title='bbox 1988 2257 2058 2316; x_wconf 88' lang='lat' dir='ltr'><strong>et</strong></span> <span class='ocrx_word' id='word_1_188' title='bbox 2118 2250 2433 2340; x_wconf 90' lang='lat' dir='ltr'><strong>recipere</strong></span> <span class='ocrx_word' id='word_1_189' title='bbox 2517 2244 2833 2318; x_wconf 89' lang='lat' dir='ltr'><strong>debeant.</strong></span> <span class='ocrx_word' id='word_1_190' title='bbox 2932 2244 3014 2316; x_wconf 89' lang='lat' dir='ltr'><strong>In</strong></span> <span class='ocrx_word' id='word_1_191' title='bbox 3068 2267 3206 2340; x_wconf 85' lang='lat' dir='ltr'><strong>quo</strong></span> <span class='ocrx_word' id='word_1_192' title='bbox 3260 2243 3508 2340; x_wconf 84' lang='lat' dir='ltr'><strong>prefati</strong></span> <span class='ocrx_word' id='word_1_193' title='bbox 3576 2242 3797 2314; x_wconf 90' lang='lat' dir='ltr'><strong>domini</strong></span> 
     </span>
     <span class='ocr_line' id='line_1_19' title="bbox 504 2345 3798 2439; baseline -0.001 -20"><span class='ocrx_word' id='word_1_194' title='bbox 504 2345 833 2422; x_wconf 86' lang='lat' dir='ltr'><strong>Nicolaus</strong></span> <span class='ocrx_word' id='word_1_195' title='bbox 889 2348 976 2420; x_wconf 92' lang='lat' dir='ltr'><strong>de</strong></span> <span class='ocrx_word' id='word_1_196' title='bbox 1029 2348 1327 2439; x_wconf 67' lang='lat' dir='ltr'><strong>Dombo,</strong></span> <span class='ocrx_word' id='word_1_197' title='bbox 1380 2347 1736 2422; x_wconf 90' lang='lat' dir='ltr'><strong>Ladislaus</strong></span> <span class='ocrx_word' id='word_1_198' title='bbox 1790 2348 1878 2420; x_wconf 92' lang='lat' dir='ltr'><strong>de</strong></span> <span class='ocrx_word' id='word_1_199' title='bbox 1934 2346 2282 2437; x_wconf 73' lang='lat' dir='ltr'><strong>Gereben,</strong></span> <span class='ocrx_word' id='word_1_200' title='bbox 2336 2350 2509 2420; x_wconf 88' lang='lat' dir='ltr'><strong>alter</strong></span> <span class='ocrx_word' id='word_1_201' title='bbox 2560 2347 2919 2422; x_wconf 88' lang='lat' dir='ltr'><strong>Ladislaus</strong></span> <span class='ocrx_word' id='word_1_202' title='bbox 2974 2348 3060 2421; x_wconf 90' lang='lat' dir='ltr'><strong>de</strong></span> <span class='ocrx_word' id='word_1_203' title='bbox 3105 2346 3414 2436; x_wconf 76' lang='lat' dir='ltr'><strong>Zenche,</strong></span> <span class='ocrx_word' id='word_1_204' title='bbox 3469 2357 3539 2420; x_wconf 89' lang='lat' dir='ltr'><strong>et</strong></span> <span class='ocrx_word' id='word_1_205' title='bbox 3586 2345 3798 2417; x_wconf 87' lang='lat' dir='ltr'><strong>Petrus</strong></span> 
     </span>
     <span class='ocr_line' id='line_1_20' title="bbox 506 2446 3798 2548; baseline -0.002 -25"><span class='ocrx_word' id='word_1_206' title='bbox 506 2451 862 2547; x_wconf 68' lang='lat' dir='ltr'><strong>Bochkay„</strong></span> <span class='ocrx_word' id='word_1_207' title='bbox 902 2453 1152 2547; x_wconf 89' lang='lat' dir='ltr'><strong>aliique</strong></span> <span class='ocrx_word' id='word_1_208' title='bbox 1190 2452 1477 2548; x_wconf 88' lang='lat' dir='ltr'><strong>predicti</strong></span> <span class='ocrx_word' id='word_1_209' title='bbox 1514 2475 1594 2524; x_wconf 90' lang='lat' dir='ltr'><strong>se</strong></span> <span class='ocrx_word' id='word_1_210' title='bbox 1633 2456 1847 2547; x_wconf 64' lang='lat' dir='ltr'><strong>ipsos,</strong></span> <span class='ocrx_word' id='word_1_211' title='bbox 1887 2474 2019 2524; x_wconf 90' lang='lat' dir='ltr'><strong>nec</strong></span> <span class='ocrx_word' id='word_1_212' title='bbox 2055 2475 2193 2524; x_wconf 90' lang='lat' dir='ltr'><strong>non</strong></span> <span class='ocrx_word' id='word_1_213' title='bbox 2233 2456 2650 2547; x_wconf 86' lang='lat' dir='ltr'><strong>prescriptos</strong></span> <span class='ocrx_word' id='word_1_214' title='bbox 2684 2455 3056 2526; x_wconf 77' lang='lat' dir='ltr'><strong>Vniuersos</strong></span> <span class='ocrx_word' id='word_1_215' title='bbox 3092 2450 3382 2526; x_wconf 79' lang='lat' dir='ltr'><strong>Nobiles</strong></span> <span class='ocrx_word' id='word_1_216' title='bbox 3411 2450 3653 2543; x_wconf 76' lang='lat' dir='ltr'><strong>Regni,</strong></span> <span class='ocrx_word' id='word_1_217' title='bbox 3686 2446 3798 2517; x_wconf 82' lang='lat' dir='ltr'><strong>fide</strong></span> 
     </span>
     <span class='ocr_line' id='line_1_21' title="bbox 507 2550 3798 2650; baseline -0.002 -24"><span class='ocrx_word' id='word_1_218' title='bbox 507 2577 747 2628; x_wconf 87' lang='lat' dir='ltr'><strong>eorum</strong></span> <span class='ocrx_word' id='word_1_219' title='bbox 797 2553 1177 2629; x_wconf 86' lang='lat' dir='ltr'><strong>Christiana</strong></span> <span class='ocrx_word' id='word_1_220' title='bbox 1231 2555 1574 2628; x_wconf 88' lang='lat' dir='ltr'><strong>mediante</strong></span> <span class='ocrx_word' id='word_1_221' title='bbox 1611 2559 1987 2650; x_wconf 86' lang='lat' dir='ltr'><strong>persistere</strong></span> <span class='ocrx_word' id='word_1_222' title='bbox 2041 2556 2252 2641; x_wconf 64' lang='lat' dir='ltr'><strong>velle„</strong></span> <span class='ocrx_word' id='word_1_223' title='bbox 2309 2566 2376 2627; x_wconf 88' lang='lat' dir='ltr'><strong>et</strong></span> <span class='ocrx_word' id='word_1_224' title='bbox 2428 2555 2495 2626; x_wconf 92' lang='lat' dir='ltr'><strong>id</strong></span> <span class='ocrx_word' id='word_1_225' title='bbox 2548 2559 2769 2650; x_wconf 89' lang='lat' dir='ltr'><strong>ipsum</strong></span> <span class='ocrx_word' id='word_1_226' title='bbox 2821 2553 3103 2627; x_wconf 85' lang='lat' dir='ltr'><strong>firmiter</strong></span> <span class='ocrx_word' id='word_1_227' title='bbox 3152 2564 3399 2628; x_wconf 91' lang='lat' dir='ltr'><strong>tenere</strong></span> <span class='ocrx_word' id='word_1_228' title='bbox 3453 2564 3521 2625; x_wconf 91' lang='lat' dir='ltr'><strong>et</strong></span> <span class='ocrx_word' id='word_1_229' title='bbox 3573 2550 3798 2625; x_wconf 86' lang='lat' dir='ltr'><strong>obser-</strong></span> 
     </span>
     <span class='ocr_line' id='line_1_22' title="bbox 508 2651 3799 2754; baseline -0.002 -24"><span class='ocrx_word' id='word_1_230' title='bbox 508 2681 672 2732; x_wconf 88' lang='lat' dir='ltr'><strong>uare</strong></span> <span class='ocrx_word' id='word_1_231' title='bbox 711 2667 1247 2754; x_wconf 84' lang='lat' dir='ltr'><strong>assumpserunt.</strong></span> <span class='ocrx_word' id='word_1_232' title='bbox 1301 2657 1361 2729; x_wconf 90' lang='lat' dir='ltr'><strong>E</strong></span> <span class='ocrx_word' id='word_1_233' title='bbox 1399 2680 1743 2732; x_wconf 90' lang='lat' dir='ltr'><strong>conuerso</strong></span> <span class='ocrx_word' id='word_1_234' title='bbox 1782 2668 2007 2730; x_wconf 89' lang='lat' dir='ltr'><strong>autem</strong></span> <span class='ocrx_word' id='word_1_235' title='bbox 2046 2662 2557 2754; x_wconf 90' lang='lat' dir='ltr'><strong>prenominatus</strong></span> <span class='ocrx_word' id='word_1_236' title='bbox 2595 2658 2910 2730; x_wconf 89' lang='lat' dir='ltr'><strong>dominus</strong></span> <span class='ocrx_word' id='word_1_237' title='bbox 2948 2658 3288 2732; x_wconf 86' lang='lat' dir='ltr'><strong>Osualdus</strong></span> <span class='ocrx_word' id='word_1_238' title='bbox 3316 2657 3696 2753; x_wconf 85' lang='lat' dir='ltr'><strong>Episcopus</strong></span> <span class='ocrx_word' id='word_1_239' title='bbox 3725 2651 3799 2723; x_wconf 84' lang='lat' dir='ltr'><strong>ad</strong></span> 
     </span>
     <span class='ocr_line' id='line_1_23' title="bbox 504 2754 3799 2857; baseline -0.002 -23"><span class='ocrx_word' id='word_1_240' title='bbox 504 2765 916 2856; x_wconf 86' lang='lat' dir='ltr'><strong>peticionem</strong></span> <span class='ocrx_word' id='word_1_241' title='bbox 977 2771 1502 2856; x_wconf 88' lang='lat' dir='ltr'><strong>preattactorum</strong></span> <span class='ocrx_word' id='word_1_242' title='bbox 1559 2761 1782 2855; x_wconf 83' lang='lat' dir='ltr'><strong>Regni</strong></span> <span class='ocrx_word' id='word_1_243' title='bbox 1835 2761 2152 2834; x_wconf 87' lang='lat' dir='ltr'><strong>Nobilum</strong></span> <span class='ocrx_word' id='word_1_244' title='bbox 2218 2762 2479 2836; x_wconf 88' lang='lat' dir='ltr'><strong>eisdem</strong></span> <span class='ocrx_word' id='word_1_245' title='bbox 2534 2762 2602 2833; x_wconf 93' lang='lat' dir='ltr'><strong>id</strong></span> <span class='ocrx_word' id='word_1_246' title='bbox 2657 2765 2913 2851; x_wconf 67' lang='lat' dir='ltr'><strong>annuit,</strong></span> <span class='ocrx_word' id='word_1_247' title='bbox 2985 2763 3295 2857; x_wconf 85' lang='lat' dir='ltr'><strong>quamuis</strong></span> <span class='ocrx_word' id='word_1_248' title='bbox 3369 2764 3499 2857; x_wconf 87' lang='lat' dir='ltr'><strong>ipsi</strong></span> <span class='ocrx_word' id='word_1_249' title='bbox 3551 2759 3635 2830; x_wconf 89' lang='lat' dir='ltr'><strong>de</strong></span> <span class='ocrx_word' id='word_1_250' title='bbox 3682 2754 3799 2827; x_wconf 89' lang='lat' dir='ltr'><strong>bo-</strong></span> 
     </span>
     <span class='ocr_line' id='line_1_24' title="bbox 501 2860 3799 2959; baseline -0.003 -21"><span class='ocrx_word' id='word_1_251' title='bbox 501 2869 610 2938; x_wconf 88' lang='lat' dir='ltr'><strong>nis</strong></span> <span class='ocrx_word' id='word_1_252' title='bbox 663 2873 734 2935; x_wconf 91' lang='lat' dir='ltr'><strong>et</strong></span> <span class='ocrx_word' id='word_1_253' title='bbox 786 2861 1342 2959; x_wconf 87' lang='lat' dir='ltr'><strong>possessionibus</strong></span> <span class='ocrx_word' id='word_1_254' title='bbox 1416 2887 1654 2937; x_wconf 91' lang='lat' dir='ltr'><strong>eorum</strong></span> <span class='ocrx_word' id='word_1_255' title='bbox 1727 2869 1923 2937; x_wconf 88' lang='lat' dir='ltr'><strong>annis</strong></span> <span class='ocrx_word' id='word_1_256' title='bbox 1999 2866 2285 2959; x_wconf 83' lang='lat' dir='ltr'><strong>singulis</strong></span> <span class='ocrx_word' id='word_1_257' title='bbox 2353 2887 2578 2959; x_wconf 83' lang='lat' dir='ltr'><strong>vsque</strong></span> <span class='ocrx_word' id='word_1_258' title='bbox 2643 2863 2892 2939; x_wconf 85' lang='lat' dir='ltr'><strong>festum</strong></span> <span class='ocrx_word' id='word_1_259' title='bbox 2946 2865 3126 2937; x_wconf 89' lang='lat' dir='ltr'><strong>beati</strong></span> <span class='ocrx_word' id='word_1_260' title='bbox 3182 2863 3458 2936; x_wconf 78' lang='lat' dir='ltr'><strong>Martini</strong></span> <span class='ocrx_word' id='word_1_261' title='bbox 3507 2860 3799 2956; x_wconf 86' lang='lat' dir='ltr'><strong>Episcopi</strong></span> 
     </span>
     <span class='ocr_line' id='line_1_25' title="bbox 504 2964 3799 3042; baseline -0.002 -2"><span class='ocrx_word' id='word_1_262' title='bbox 504 2978 576 3040; x_wconf 86' lang='lat' dir='ltr'><strong>et</strong></span> <span class='ocrx_word' id='word_1_263' title='bbox 628 2964 1070 3040; x_wconf 86' lang='lat' dir='ltr'><strong>Confessoris</strong></span> <span class='ocrx_word' id='word_1_264' title='bbox 1125 2967 1429 3042; x_wconf 84' lang='lat' dir='ltr'><strong>decimas</strong></span> <span class='ocrx_word' id='word_1_265' title='bbox 1482 2967 1663 3040; x_wconf 88' lang='lat' dir='ltr'><strong>bladi</strong></span> <span class='ocrx_word' id='word_1_266' title='bbox 1719 2980 1788 3041; x_wconf 88' lang='lat' dir='ltr'><strong>et</strong></span> <span class='ocrx_word' id='word_1_267' title='bbox 1840 2972 1981 3040; x_wconf 88' lang='lat' dir='ltr'><strong>vini</strong></span> <span class='ocrx_word' id='word_1_268' title='bbox 2021 2979 2092 3040; x_wconf 90' lang='lat' dir='ltr'><strong>et</strong></span> <span class='ocrx_word' id='word_1_269' title='bbox 2128 2972 2428 3040; x_wconf 91' lang='lat' dir='ltr'><strong>omnium</strong></span> <span class='ocrx_word' id='word_1_270' title='bbox 2483 2970 2764 3040; x_wconf 88' lang='lat' dir='ltr'><strong>aliarum</strong></span> <span class='ocrx_word' id='word_1_271' title='bbox 2810 2991 3041 3041; x_wconf 87' lang='lat' dir='ltr'><strong>rerum</strong></span> <span class='ocrx_word' id='word_1_272' title='bbox 3096 2968 3430 3041; x_wconf 87' lang='lat' dir='ltr'><strong>decimari</strong></span> <span class='ocrx_word' id='word_1_273' title='bbox 3483 2966 3799 3040; x_wconf 87' lang='lat' dir='ltr'><strong>solitarum</strong></span> 
     </span>
     <span class='ocr_line' id='line_1_26' title="bbox 499 3069 3802 3168; baseline -0.001 -26"><span class='ocrx_word' id='word_1_274' title='bbox 499 3073 693 3142; x_wconf 85' lang='lat' dir='ltr'><strong>iuxta</strong></span> <span class='ocrx_word' id='word_1_275' title='bbox 745 3069 911 3142; x_wconf 88' lang='lat' dir='ltr'><strong>Jura</strong></span> <span class='ocrx_word' id='word_1_276' title='bbox 966 3081 1036 3144; x_wconf 88' lang='lat' dir='ltr'><strong>et</strong></span> <span class='ocrx_word' id='word_1_277' title='bbox 1087 3071 1451 3165; x_wconf 89' lang='lat' dir='ltr'><strong>Priuilegia</strong></span> <span class='ocrx_word' id='word_1_278' title='bbox 1525 3075 1737 3167; x_wconf 89' lang='lat' dir='ltr'><strong>ipsius</strong></span> <span class='ocrx_word' id='word_1_279' title='bbox 1817 3073 2073 3145; x_wconf 90' lang='lat' dir='ltr'><strong>domini</strong></span> <span class='ocrx_word' id='word_1_280' title='bbox 2123 3071 2450 3168; x_wconf 88' lang='lat' dir='ltr'><strong>Episcopi</strong></span> <span class='ocrx_word' id='word_1_281' title='bbox 2503 3081 2575 3145; x_wconf 89' lang='lat' dir='ltr'><strong>et</strong></span> <span class='ocrx_word' id='word_1_282' title='bbox 2623 3070 2946 3146; x_wconf 89' lang='lat' dir='ltr'><strong>Ecclesie</strong></span> <span class='ocrx_word' id='word_1_283' title='bbox 3000 3094 3128 3145; x_wconf 91' lang='lat' dir='ltr'><strong>sue</strong></span> <span class='ocrx_word' id='word_1_284' title='bbox 3180 3071 3607 3165; x_wconf 86' lang='lat' dir='ltr'><strong>integraliter</strong></span> <span class='ocrx_word' id='word_1_285' title='bbox 3654 3087 3802 3160; x_wconf 84' lang='lat' dir='ltr'><strong>per-</strong></span> 
     </span>
     <span class='ocr_line' id='line_1_27' title="bbox 503 3169 3803 3271; baseline -0.001 -25"><span class='ocrx_word' id='word_1_286' title='bbox 503 3173 782 3246; x_wconf 87' lang='lat' dir='ltr'><strong>soluere</strong></span> <span class='ocrx_word' id='word_1_287' title='bbox 834 3184 1254 3263; x_wconf 75' lang='lat' dir='ltr'><strong>tenerentur,</strong></span> <span class='ocrx_word' id='word_1_288' title='bbox 1318 3185 1394 3248; x_wconf 89' lang='lat' dir='ltr'><strong>vt</strong></span> <span class='ocrx_word' id='word_1_289' title='bbox 1443 3197 1481 3246; x_wconf 93' lang='lat' dir='ltr'><strong>a</strong></span> <span class='ocrx_word' id='word_1_290' title='bbox 1539 3175 1651 3248; x_wconf 91' lang='lat' dir='ltr'><strong>die</strong></span> <span class='ocrx_word' id='word_1_291' title='bbox 1707 3173 2082 3249; x_wconf 88' lang='lat' dir='ltr'><strong>dicacionis</strong></span> <span class='ocrx_word' id='word_1_292' title='bbox 2157 3179 2456 3271; x_wconf 86' lang='lat' dir='ltr'><strong>ipsarum</strong></span> <span class='ocrx_word' id='word_1_293' title='bbox 2530 3175 2949 3248; x_wconf 87' lang='lat' dir='ltr'><strong>decimarum</strong></span> <span class='ocrx_word' id='word_1_294' title='bbox 3018 3195 3244 3269; x_wconf 79' lang='lat' dir='ltr'><strong>vsque</strong></span> <span class='ocrx_word' id='word_1_295' title='bbox 3316 3174 3569 3248; x_wconf 84' lang='lat' dir='ltr'><strong>festum</strong></span> <span class='ocrx_word' id='word_1_296' title='bbox 3621 3169 3803 3242; x_wconf 85' lang='lat' dir='ltr'><strong>Puri-</strong></span> 
     </span>
     <span class='ocr_line' id='line_1_28' title="bbox 505 3274 3804 3375; baseline -0.002 -27"><span class='ocrx_word' id='word_1_297' title='bbox 505 3275 854 3350; x_wconf 81' lang='lat' dir='ltr'><strong>ficacionis</strong></span> <span class='ocrx_word' id='word_1_298' title='bbox 924 3277 1140 3350; x_wconf 91' lang='lat' dir='ltr'><strong>Beate</strong></span> <span class='ocrx_word' id='word_1_299' title='bbox 1209 3277 1426 3351; x_wconf 78' lang='lat' dir='ltr'><strong>Marie</strong></span> <span class='ocrx_word' id='word_1_300' title='bbox 1471 3278 1801 3373; x_wconf 69' lang='lat' dir='ltr'><strong>Virginis,</strong></span> <span class='ocrx_word' id='word_1_301' title='bbox 1875 3282 1943 3351; x_wconf 93' lang='lat' dir='ltr'><strong>in</strong></span> <span class='ocrx_word' id='word_1_302' title='bbox 2015 3282 2155 3352; x_wconf 84' lang='lat' dir='ltr'><strong>vita</strong></span> <span class='ocrx_word' id='word_1_303' title='bbox 2227 3277 2539 3375; x_wconf 89' lang='lat' dir='ltr'><strong>prelibati</strong></span> <span class='ocrx_word' id='word_1_304' title='bbox 2609 3278 2862 3351; x_wconf 89' lang='lat' dir='ltr'><strong>domini</strong></span> <span class='ocrx_word' id='word_1_305' title='bbox 2931 3278 3285 3373; x_wconf 76' lang='lat' dir='ltr'><strong>Episcopi,</strong></span> <span class='ocrx_word' id='word_1_306' title='bbox 3360 3283 3509 3373; x_wconf 87' lang='lat' dir='ltr'><strong>ipsa</strong></span> <span class='ocrx_word' id='word_1_307' title='bbox 3565 3274 3804 3349; x_wconf 80' lang='lat' dir='ltr'><strong>solacio</strong></span> 
     </span>
     <span class='ocr_line' id='line_1_29' title="bbox 503 3379 3807 3475; baseline -0.002 -23"><span class='ocrx_word' id='word_1_308' title='bbox 503 3379 918 3453; x_wconf 89' lang='lat' dir='ltr'><strong>decimarum</strong></span> <span class='ocrx_word' id='word_1_309' title='bbox 972 3379 1181 3468; x_wconf 64' lang='lat' dir='ltr'><strong>bladi,</strong></span> <span class='ocrx_word' id='word_1_310' title='bbox 1238 3392 1311 3455; x_wconf 88' lang='lat' dir='ltr'><strong>et</strong></span> <span class='ocrx_word' id='word_1_311' title='bbox 1359 3385 1527 3473; x_wconf 69' lang='lat' dir='ltr'><strong>vini,</strong></span> <span class='ocrx_word' id='word_1_312' title='bbox 1584 3394 1655 3454; x_wconf 92' lang='lat' dir='ltr'><strong>et</strong></span> <span class='ocrx_word' id='word_1_313' title='bbox 1706 3383 1989 3454; x_wconf 86' lang='lat' dir='ltr'><strong>aliarum</strong></span> <span class='ocrx_word' id='word_1_314' title='bbox 2060 3403 2290 3455; x_wconf 88' lang='lat' dir='ltr'><strong>rerum</strong></span> <span class='ocrx_word' id='word_1_315' title='bbox 2360 3385 2764 3455; x_wconf 86' lang='lat' dir='ltr'><strong>successiue</strong></span> <span class='ocrx_word' id='word_1_316' title='bbox 2834 3382 3260 3475; x_wconf 83' lang='lat' dir='ltr'><strong>integraliter</strong></span> <span class='ocrx_word' id='word_1_317' title='bbox 3330 3379 3488 3455; x_wconf 89' lang='lat' dir='ltr'><strong>fieri</strong></span> <span class='ocrx_word' id='word_1_318' title='bbox 3538 3386 3606 3452; x_wconf 87' lang='lat' dir='ltr'><strong>et</strong></span> <span class='ocrx_word' id='word_1_319' title='bbox 3653 3396 3807 3471; x_wconf 90' lang='lat' dir='ltr'><strong>per-</strong></span> 
     </span>
     <span class='ocr_line' id='line_1_30' title="bbox 499 3481 3808 3581; baseline -0.001 -25"><span class='ocrx_word' id='word_1_320' title='bbox 499 3481 616 3557; x_wconf 79' lang='lat' dir='ltr'><strong>fici</strong></span> <span class='ocrx_word' id='word_1_321' title='bbox 663 3484 937 3575; x_wconf 76' lang='lat' dir='ltr'><strong>debeat,</strong></span> <span class='ocrx_word' id='word_1_322' title='bbox 988 3484 1310 3580; x_wconf 83' lang='lat' dir='ltr'><strong>quodque</strong></span> <span class='ocrx_word' id='word_1_323' title='bbox 1363 3489 1516 3581; x_wconf 90' lang='lat' dir='ltr'><strong>ipse</strong></span> <span class='ocrx_word' id='word_1_324' title='bbox 1571 3485 1887 3558; x_wconf 89' lang='lat' dir='ltr'><strong>dominus</strong></span> <span class='ocrx_word' id='word_1_325' title='bbox 1920 3486 2306 3581; x_wconf 89' lang='lat' dir='ltr'><strong>Episcopus</strong></span> <span class='ocrx_word' id='word_1_326' title='bbox 2361 3495 2432 3558; x_wconf 88' lang='lat' dir='ltr'><strong>et</strong></span> <span class='ocrx_word' id='word_1_327' title='bbox 2482 3484 2943 3559; x_wconf 87' lang='lat' dir='ltr'><strong>decimat-ores</strong></span> <span class='ocrx_word' id='word_1_328' title='bbox 2998 3488 3105 3559; x_wconf 88' lang='lat' dir='ltr'><strong>sui</strong></span> <span class='ocrx_word' id='word_1_329' title='bbox 3138 3505 3366 3580; x_wconf 80' lang='lat' dir='ltr'><strong>vsque</strong></span> <span class='ocrx_word' id='word_1_330' title='bbox 3421 3483 3808 3577; x_wconf 79' lang='lat' dir='ltr'><strong>vigesimum</strong></span> 
     </span>
     <span class='ocr_line' id='line_1_31' title="bbox 500 3586 3810 3681; baseline -0.002 -22"><span class='ocrx_word' id='word_1_331' title='bbox 500 3586 679 3659; x_wconf 85' lang='lat' dir='ltr'><strong>diem</strong></span> <span class='ocrx_word' id='word_1_332' title='bbox 734 3587 895 3661; x_wconf 86' lang='lat' dir='ltr'><strong>festi</strong></span> <span class='ocrx_word' id='word_1_333' title='bbox 945 3586 1332 3662; x_wconf 87' lang='lat' dir='ltr'><strong>Natiuitatis</strong></span> <span class='ocrx_word' id='word_1_334' title='bbox 1403 3588 1676 3661; x_wconf 91' lang='lat' dir='ltr'><strong>Domini</strong></span> <span class='ocrx_word' id='word_1_335' title='bbox 1749 3590 1947 3661; x_wconf 88' lang='lat' dir='ltr'><strong>dictis</strong></span> <span class='ocrx_word' id='word_1_336' title='bbox 2014 3587 2444 3681; x_wconf 68' lang='lat' dir='ltr'><strong>Regnicolis‚</strong></span> <span class='ocrx_word' id='word_1_337' title='bbox 2525 3590 2640 3660; x_wconf 84' lang='lat' dir='ltr'><strong>vel</strong></span> <span class='ocrx_word' id='word_1_338' title='bbox 2696 3609 2934 3660; x_wconf 90' lang='lat' dir='ltr'><strong>eorum</strong></span> <span class='ocrx_word' id='word_1_339' title='bbox 3017 3590 3241 3678; x_wconf 68' lang='lat' dir='ltr'><strong>alteri,</strong></span> <span class='ocrx_word' id='word_1_340' title='bbox 3323 3590 3609 3661; x_wconf 88' lang='lat' dir='ltr'><strong>racione</strong></span> <span class='ocrx_word' id='word_1_341' title='bbox 3686 3601 3810 3655; x_wconf 88' lang='lat' dir='ltr'><strong>non</strong></span> 
     </span>
     <span class='ocr_line' id='line_1_32' title="bbox 497 3687 3810 3788; baseline -0.002 -26"><span class='ocrx_word' id='word_1_342' title='bbox 497 3691 858 3765; x_wconf 88' lang='lat' dir='ltr'><strong>solutionis</strong></span> <span class='ocrx_word' id='word_1_343' title='bbox 927 3695 1229 3787; x_wconf 89' lang='lat' dir='ltr'><strong>ipsarum</strong></span> <span class='ocrx_word' id='word_1_344' title='bbox 1309 3692 1728 3764; x_wconf 88' lang='lat' dir='ltr'><strong>decimarum</strong></span> <span class='ocrx_word' id='word_1_345' title='bbox 1808 3692 2361 3765; x_wconf 89' lang='lat' dir='ltr'><strong>ecclesiasticum</strong></span> <span class='ocrx_word' id='word_1_346' title='bbox 2441 3691 2868 3763; x_wconf 87' lang='lat' dir='ltr'><strong>interdictum</strong></span> <span class='ocrx_word' id='word_1_347' title='bbox 2947 3693 3305 3788; x_wconf 85' lang='lat' dir='ltr'><strong>imponere</strong></span> <span class='ocrx_word' id='word_1_348' title='bbox 3360 3711 3502 3764; x_wconf 91' lang='lat' dir='ltr'><strong>non</strong></span> <span class='ocrx_word' id='word_1_349' title='bbox 3555 3687 3810 3759; x_wconf 85' lang='lat' dir='ltr'><strong>valeant</strong></span> 
     </span>
     <span class='ocr_line' id='line_1_33' title="bbox 498 3789 3810 3891; baseline -0.001 -27"><span class='ocrx_word' id='word_1_350' title='bbox 498 3816 725 3889; x_wconf 87' lang='lat' dir='ltr'><strong>neque</strong></span> <span class='ocrx_word' id='word_1_351' title='bbox 777 3798 1068 3891; x_wconf 68' lang='lat' dir='ltr'><strong>possint,</strong></span> <span class='ocrx_word' id='word_1_352' title='bbox 1123 3795 1247 3868; x_wconf 89' lang='lat' dir='ltr'><strong>sed</strong></span> <span class='ocrx_word' id='word_1_353' title='bbox 1287 3793 1535 3868; x_wconf 87' lang='lat' dir='ltr'><strong>eodem</strong></span> <span class='ocrx_word' id='word_1_354' title='bbox 1572 3798 1918 3888; x_wconf 84' lang='lat' dir='ltr'><strong>vigesimo</strong></span> <span class='ocrx_word' id='word_1_355' title='bbox 1956 3795 2069 3867; x_wconf 89' lang='lat' dir='ltr'><strong>die</strong></span> <span class='ocrx_word' id='word_1_356' title='bbox 2106 3795 2345 3889; x_wconf 88' lang='lat' dir='ltr'><strong>elapso</strong></span> <span class='ocrx_word' id='word_1_357' title='bbox 2400 3795 2744 3890; x_wconf 88' lang='lat' dir='ltr'><strong>quoslibet</strong></span> <span class='ocrx_word' id='word_1_358' title='bbox 2796 3795 3074 3870; x_wconf 89' lang='lat' dir='ltr'><strong>soluere</strong></span> <span class='ocrx_word' id='word_1_359' title='bbox 3125 3804 3544 3870; x_wconf 83' lang='lat' dir='ltr'><strong>recusantes</strong></span> <span class='ocrx_word' id='word_1_360' title='bbox 3582 3789 3810 3862; x_wconf 85' lang='lat' dir='ltr'><strong>huius-</strong></span> 
     </span>
     <span class='ocr_line' id='line_1_34' title="bbox 497 3897 3811 3994; baseline -0.001 -25"><span class='ocrx_word' id='word_1_361' title='bbox 497 3897 682 3970; x_wconf 87' lang='lat' dir='ltr'><strong>modi</strong></span> <span class='ocrx_word' id='word_1_362' title='bbox 758 3898 1238 3972; x_wconf 89' lang='lat' dir='ltr'><strong>ecclesiastico</strong></span> <span class='ocrx_word' id='word_1_363' title='bbox 1310 3903 1578 3994; x_wconf 89' lang='lat' dir='ltr'><strong>possint</strong></span> <span class='ocrx_word' id='word_1_364' title='bbox 1629 3908 1701 3969; x_wconf 90' lang='lat' dir='ltr'><strong>et</strong></span> <span class='ocrx_word' id='word_1_365' title='bbox 1749 3899 2031 3971; x_wconf 84' lang='lat' dir='ltr'><strong>valeant</strong></span> <span class='ocrx_word' id='word_1_366' title='bbox 2107 3898 2466 3972; x_wconf 87' lang='lat' dir='ltr'><strong>interdicto</strong></span> <span class='ocrx_word' id='word_1_367' title='bbox 2544 3898 2904 3988; x_wconf 60' lang='lat' dir='ltr'><strong>innodare„</strong></span> <span class='ocrx_word' id='word_1_368' title='bbox 2986 3897 3169 3994; x_wconf 89' lang='lat' dir='ltr'><strong>quod</strong></span> <span class='ocrx_word' id='word_1_369' title='bbox 3251 3897 3531 3993; x_wconf 83' lang='lat' dir='ltr'><strong>quidem</strong></span> <span class='ocrx_word' id='word_1_370' title='bbox 3606 3897 3811 3966; x_wconf 83' lang='lat' dir='ltr'><strong>inter-</strong></span> 
     </span>
     <span class='ocr_line' id='line_1_35' title="bbox 497 3999 3813 4097; baseline -0.001 -24"><span class='ocrx_word' id='word_1_371' title='bbox 497 3999 749 4073; x_wconf 85' lang='lat' dir='ltr'><strong>dictum</strong></span> <span class='ocrx_word' id='word_1_372' title='bbox 830 4021 1107 4096; x_wconf 84' lang='lat' dir='ltr'><strong>semper</strong></span> <span class='ocrx_word' id='word_1_373' title='bbox 1179 4022 1405 4095; x_wconf 78' lang='lat' dir='ltr'><strong>vsque</strong></span> <span class='ocrx_word' id='word_1_374' title='bbox 1483 4001 1736 4075; x_wconf 83' lang='lat' dir='ltr'><strong>festum</strong></span> <span class='ocrx_word' id='word_1_375' title='bbox 1814 4001 2331 4075; x_wconf 85' lang='lat' dir='ltr'><strong>Purificacionis</strong></span> <span class='ocrx_word' id='word_1_376' title='bbox 2412 4001 2788 4097; x_wconf 84' lang='lat' dir='ltr'><strong>predictum</strong></span> <span class='ocrx_word' id='word_1_377' title='bbox 2871 4024 2957 4075; x_wconf 88' lang='lat' dir='ltr'><strong>ac</strong></span> <span class='ocrx_word' id='word_1_378' title='bbox 3035 4002 3154 4075; x_wconf 80' lang='lat' dir='ltr'><strong>vel</strong></span> <span class='ocrx_word' id='word_1_379' title='bbox 3227 4002 3533 4074; x_wconf 89' lang='lat' dir='ltr'><strong>mediate</strong></span> <span class='ocrx_word' id='word_1_380' title='bbox 3612 4014 3813 4090; x_wconf 74' lang='lat' dir='ltr'><strong>Vsque</strong></span> 
     </span>
     <span class='ocr_line' id='line_1_36' title="bbox 495 4102 3812 4201; baseline 0.002 -25"><span class='ocrx_word' id='word_1_381' title='bbox 495 4104 869 4199; x_wconf 84' lang='lat' dir='ltr'><strong>plenariam</strong></span> <span class='ocrx_word' id='word_1_382' title='bbox 942 4103 1326 4178; x_wconf 85' lang='lat' dir='ltr'><strong>huiusmodi</strong></span> <span class='ocrx_word' id='word_1_383' title='bbox 1397 4106 1814 4178; x_wconf 90' lang='lat' dir='ltr'><strong>decimarum</strong></span> <span class='ocrx_word' id='word_1_384' title='bbox 1871 4110 2309 4180; x_wconf 85' lang='lat' dir='ltr'><strong>exactionem</strong></span> <span class='ocrx_word' id='word_1_385' title='bbox 2366 4117 2436 4177; x_wconf 87' lang='lat' dir='ltr'><strong>et</strong></span> <span class='ocrx_word' id='word_1_386' title='bbox 2486 4106 3039 4201; x_wconf 87' lang='lat' dir='ltr'><strong>persolucionem</strong></span> <span class='ocrx_word' id='word_1_387' title='bbox 3109 4102 3365 4178; x_wconf 86' lang='lat' dir='ltr'><strong>debeat</strong></span> <span class='ocrx_word' id='word_1_388' title='bbox 3431 4102 3812 4200; x_wconf 62' lang='lat' dir='ltr'><strong>perdurare,</strong></span> 
     </span>
     <span class='ocr_line' id='line_1_37' title="bbox 495 4205 3811 4303; baseline -0.002 -24"><span class='ocrx_word' id='word_1_389' title='bbox 495 4208 1112 4303; x_wconf 82' lang='lat' dir='ltr'><strong>nichilominusque</strong></span> <span class='ocrx_word' id='word_1_390' title='bbox 1166 4212 1389 4281; x_wconf 90' lang='lat' dir='ltr'><strong>eciam</strong></span> <span class='ocrx_word' id='word_1_391' title='bbox 1441 4219 1791 4284; x_wconf 87' lang='lat' dir='ltr'><strong>transacto</strong></span> <span class='ocrx_word' id='word_1_392' title='bbox 1846 4209 2030 4282; x_wconf 88' lang='lat' dir='ltr'><strong>dicto</strong></span> <span class='ocrx_word' id='word_1_393' title='bbox 2084 4208 2598 4282; x_wconf 84' lang='lat' dir='ltr'><strong>Purificacionis</strong></span> <span class='ocrx_word' id='word_1_394' title='bbox 2654 4208 2838 4282; x_wconf 82' lang='lat' dir='ltr'><strong>festo</strong></span> <span class='ocrx_word' id='word_1_395' title='bbox 2908 4208 3270 4282; x_wconf 88' lang='lat' dir='ltr'><strong>interdicto</strong></span> <span class='ocrx_word' id='word_1_396' title='bbox 3347 4205 3811 4280; x_wconf 83' lang='lat' dir='ltr'><strong>ecclesiastico</strong></span> 
     </span>
     <span class='ocr_line' id='line_1_38' title="bbox 498 4308 3813 4408; baseline -0.002 -25"><span class='ocrx_word' id='word_1_397' title='bbox 498 4321 854 4406; x_wconf 89' lang='lat' dir='ltr'><strong>prenotato</strong></span> <span class='ocrx_word' id='word_1_398' title='bbox 909 4333 1049 4385; x_wconf 92' lang='lat' dir='ltr'><strong>non</strong></span> <span class='ocrx_word' id='word_1_399' title='bbox 1102 4311 1447 4402; x_wconf 69' lang='lat' dir='ltr'><strong>obstante⁸&gt;</strong></span> <span class='ocrx_word' id='word_1_400' title='bbox 1527 4313 1699 4385; x_wconf 82' lang='lat' dir='ltr'><strong>Bani</strong></span> <span class='ocrx_word' id='word_1_401' title='bbox 1767 4312 1990 4406; x_wconf 84' lang='lat' dir='ltr'><strong>Regni</strong></span> <span class='ocrx_word' id='word_1_402' title='bbox 2066 4313 2435 4386; x_wconf 88' lang='lat' dir='ltr'><strong>Sclauonie</strong></span> <span class='ocrx_word' id='word_1_403' title='bbox 2517 4312 2801 4408; x_wconf 89' lang='lat' dir='ltr'><strong>predicti</strong></span> <span class='ocrx_word' id='word_1_404' title='bbox 2881 4323 2997 4385; x_wconf 87' lang='lat' dir='ltr'><strong>ant</strong></span> <span class='ocrx_word' id='word_1_405' title='bbox 3073 4333 3315 4385; x_wconf 87' lang='lat' dir='ltr'><strong>eorum</strong></span> <span class='ocrx_word' id='word_1_406' title='bbox 3368 4308 3710 4384; x_wconf 87' lang='lat' dir='ltr'><strong>Vicebani</strong></span> <span class='ocrx_word' id='word_1_407' title='bbox 3755 4310 3813 4375; x_wconf 80' lang='lat' dir='ltr'><strong>et</strong></span> 
     </span>
     <span class='ocr_line' id='line_1_39' title="bbox 493 4413 3813 4512; baseline -0.001 -25"><span class='ocrx_word' id='word_1_408' title='bbox 493 4413 802 4489; x_wconf 85' lang='lat' dir='ltr'><strong>Comites</strong></span> <span class='ocrx_word' id='word_1_409' title='bbox 873 4413 1241 4490; x_wconf 87' lang='lat' dir='ltr'><strong>Crisiensis</strong></span> <span class='ocrx_word' id='word_1_410' title='bbox 1297 4439 1383 4489; x_wconf 86' lang='lat' dir='ltr'><strong>ac</strong></span> <span class='ocrx_word' id='word_1_411' title='bbox 1433 4415 1921 4510; x_wconf 87' lang='lat' dir='ltr'><strong>Zagrabiensis</strong></span> <span class='ocrx_word' id='word_1_412' title='bbox 1993 4439 2118 4512; x_wconf 91' lang='lat' dir='ltr'><strong>pro</strong></span> <span class='ocrx_word' id='word_1_413' title='bbox 2191 4427 2502 4512; x_wconf 90' lang='lat' dir='ltr'><strong>tempore</strong></span> <span class='ocrx_word' id='word_1_414' title='bbox 2573 4419 2947 4508; x_wconf 60' lang='lat' dir='ltr'><strong>commu,</strong></span> <span class='ocrx_word' id='word_1_415' title='bbox 3018 4416 3330 4508; x_wconf 87' lang='lat' dir='ltr'><strong>singulos</strong></span> <span class='ocrx_word' id='word_1_416' title='bbox 3406 4413 3707 4489; x_wconf 79' lang='lat' dir='ltr'><strong>rebelles</strong></span> <span class='ocrx_word' id='word_1_417' title='bbox 3752 4415 3813 4478; x_wconf 73' lang='lat' dir='ltr'><strong>et</strong></span> 
     </span>
     <span class='ocr_line' id='line_1_40' title="bbox 493 4517 3816 4613; baseline -0.001 -22"><span class='ocrx_word' id='word_1_418' title='bbox 493 4520 773 4592; x_wconf 89' lang='lat' dir='ltr'><strong>soluere</strong></span> <span class='ocrx_word' id='word_1_419' title='bbox 825 4530 1234 4593; x_wconf 84' lang='lat' dir='ltr'><strong>recusantes</strong></span> <span class='ocrx_word' id='word_1_420' title='bbox 1285 4524 1354 4592; x_wconf 93' lang='lat' dir='ltr'><strong>in</strong></span> <span class='ocrx_word' id='word_1_421' title='bbox 1407 4523 1606 4591; x_wconf 90' lang='lat' dir='ltr'><strong>trium</strong></span> <span class='ocrx_word' id='word_1_422' title='bbox 1662 4541 2044 4592; x_wconf 87' lang='lat' dir='ltr'><strong>marcarum</strong></span> <span class='ocrx_word' id='word_1_423' title='bbox 2099 4520 2402 4613; x_wconf 87' lang='lat' dir='ltr'><strong>birsagio</strong></span> <span class='ocrx_word' id='word_1_424' title='bbox 2458 4519 2544 4593; x_wconf 92' lang='lat' dir='ltr'><strong>ad</strong></span> <span class='ocrx_word' id='word_1_425' title='bbox 2599 4519 3027 4594; x_wconf 90' lang='lat' dir='ltr'><strong>solucionem</strong></span> <span class='ocrx_word' id='word_1_426' title='bbox 3081 4518 3463 4592; x_wconf 82' lang='lat' dir='ltr'><strong>earundem</strong></span> <span class='ocrx_word' id='word_1_427' title='bbox 3520 4517 3816 4591; x_wconf 74' lang='lat' dir='ltr'><strong>docima-</strong></span> 
     </span>
     <span class='ocr_line' id='line_1_41' title="bbox 494 4620 3812 4719; baseline -0.002 -25"><span class='ocrx_word' id='word_1_428' title='bbox 494 4644 642 4694; x_wconf 91' lang='lat' dir='ltr'><strong>rum</strong></span> <span class='ocrx_word' id='word_1_429' title='bbox 697 4624 1117 4718; x_wconf 88' lang='lat' dir='ltr'><strong>compellere</strong></span> <span class='ocrx_word' id='word_1_430' title='bbox 1172 4633 1243 4695; x_wconf 92' lang='lat' dir='ltr'><strong>et</strong></span> <span class='ocrx_word' id='word_1_431' title='bbox 1290 4626 1677 4716; x_wconf 87' lang='lat' dir='ltr'><strong>astringere</strong></span> <span class='ocrx_word' id='word_1_432' title='bbox 1755 4624 2037 4696; x_wconf 82' lang='lat' dir='ltr'><strong>valeant</strong></span> <span class='ocrx_word' id='word_1_433' title='bbox 2117 4635 2319 4718; x_wconf 84' lang='lat' dir='ltr'><strong>atque</strong></span> <span class='ocrx_word' id='word_1_434' title='bbox 2398 4625 2684 4719; x_wconf 85' lang='lat' dir='ltr'><strong>possint.</strong></span> <span class='ocrx_word' id='word_1_435' title='bbox 2791 4622 2907 4695; x_wconf 85' lang='lat' dir='ltr'><strong>Ad</strong></span> <span class='ocrx_word' id='word_1_436' title='bbox 2978 4645 3111 4718; x_wconf 85' lang='lat' dir='ltr'><strong>que</strong></span> <span class='ocrx_word' id='word_1_437' title='bbox 3184 4624 3418 4696; x_wconf 81' lang='lat' dir='ltr'><strong>omnia</strong></span> <span class='ocrx_word' id='word_1_438' title='bbox 3494 4620 3812 4716; x_wconf 78' lang='lat' dir='ltr'><strong>premissa</strong></span> 
     </span>
     <span class='ocr_line' id='line_1_42' title="bbox 491 4721 3813 4822; baseline -0.002 -26"><span class='ocrx_word' id='word_1_439' title='bbox 491 4726 775 4799; x_wconf 81' lang='lat' dir='ltr'><strong>firmiter</strong></span> <span class='ocrx_word' id='word_1_440' title='bbox 846 4724 1279 4800; x_wconf 89' lang='lat' dir='ltr'><strong>obseruanda</strong></span> <span class='ocrx_word' id='word_1_441' title='bbox 1350 4735 1582 4820; x_wconf 86' lang='lat' dir='ltr'><strong>partes</strong></span> <span class='ocrx_word' id='word_1_442' title='bbox 1650 4725 1956 4820; x_wconf 87' lang='lat' dir='ltr'><strong>predicte</strong></span> <span class='ocrx_word' id='word_1_443' title='bbox 2028 4747 2217 4818; x_wconf 76' lang='lat' dir='ltr'><strong>sese,</strong></span> <span class='ocrx_word' id='word_1_444' title='bbox 2299 4749 2433 4799; x_wconf 90' lang='lat' dir='ltr'><strong>nec</strong></span> <span class='ocrx_word' id='word_1_445' title='bbox 2488 4748 2624 4800; x_wconf 89' lang='lat' dir='ltr'><strong>non</strong></span> <span class='ocrx_word' id='word_1_446' title='bbox 2678 4729 3129 4822; x_wconf 84' lang='lat' dir='ltr'><strong>prenominati</strong></span> <span class='ocrx_word' id='word_1_447' title='bbox 3183 4725 3449 4799; x_wconf 88' lang='lat' dir='ltr'><strong>domini</strong></span> <span class='ocrx_word' id='word_1_448' title='bbox 3502 4721 3813 4798; x_wconf 88' lang='lat' dir='ltr'><strong>Nicolaus</strong></span> 
     </span>
     <span class='ocr_line' id='line_1_43' title="bbox 493 4822 3817 4918; baseline -0.003 -17"><span class='ocrx_word' id='word_1_449' title='bbox 493 4830 586 4902; x_wconf 89' lang='lat' dir='ltr'><strong>de</strong></span> <span class='ocrx_word' id='word_1_450' title='bbox 620 4828 922 4917; x_wconf 72' lang='lat' dir='ltr'><strong>Dombo,</strong></span> <span class='ocrx_word' id='word_1_451' title='bbox 975 4829 1333 4903; x_wconf 88' lang='lat' dir='ltr'><strong>Ladislaus</strong></span> <span class='ocrx_word' id='word_1_452' title='bbox 1379 4828 1468 4900; x_wconf 91' lang='lat' dir='ltr'><strong>de</strong></span> <span class='ocrx_word' id='word_1_453' title='bbox 1507 4828 1851 4918; x_wconf 64' lang='lat' dir='ltr'><strong>Gerebem</strong></span> <span class='ocrx_word' id='word_1_454' title='bbox 1907 4839 1980 4903; x_wconf 89' lang='lat' dir='ltr'><strong>et</strong></span> <span class='ocrx_word' id='word_1_455' title='bbox 2031 4830 2203 4901; x_wconf 85' lang='lat' dir='ltr'><strong>alter</strong></span> <span class='ocrx_word' id='word_1_456' title='bbox 2253 4828 2610 4904; x_wconf 84' lang='lat' dir='ltr'><strong>Ladislaus</strong></span> <span class='ocrx_word' id='word_1_457' title='bbox 2666 4830 2755 4904; x_wconf 91' lang='lat' dir='ltr'><strong>de</strong></span> <span class='ocrx_word' id='word_1_458' title='bbox 2790 4828 3070 4902; x_wconf 90' lang='lat' dir='ltr'><strong>Zenche</strong></span> <span class='ocrx_word' id='word_1_459' title='bbox 3106 4839 3176 4903; x_wconf 90' lang='lat' dir='ltr'><strong>et</strong></span> <span class='ocrx_word' id='word_1_460' title='bbox 3209 4829 3463 4902; x_wconf 84' lang='lat' dir='ltr'><strong>Petrus</strong></span> <span class='ocrx_word' id='word_1_461' title='bbox 3501 4822 3817 4915; x_wconf 73' lang='lat' dir='ltr'><strong>Bochkay</strong></span> 
     </span>
     <span class='ocr_line' id='line_1_44' title="bbox 489 4930 3815 5029; baseline -0.003 -24"><span class='ocrx_word' id='word_1_462' title='bbox 489 4954 650 5005; x_wconf 84' lang='lat' dir='ltr'><strong>cum</strong></span> <span class='ocrx_word' id='word_1_463' title='bbox 705 4954 944 5006; x_wconf 87' lang='lat' dir='ltr'><strong>eorum</strong></span> <span class='ocrx_word' id='word_1_464' title='bbox 998 4930 1442 5028; x_wconf 88' lang='lat' dir='ltr'><strong>complicibus</strong></span> <span class='ocrx_word' id='word_1_465' title='bbox 1512 4936 1955 5028; x_wconf 71' lang='lat' dir='ltr'><strong>prenarratis‚</strong></span> <span class='ocrx_word' id='word_1_466' title='bbox 2033 4933 2383 5029; x_wconf 88' lang='lat' dir='ltr'><strong>predictos</strong></span> <span class='ocrx_word' id='word_1_467' title='bbox 2453 4937 2824 5008; x_wconf 81' lang='lat' dir='ltr'><strong>vniuersos</strong></span> <span class='ocrx_word' id='word_1_468' title='bbox 2887 4933 3115 5027; x_wconf 86' lang='lat' dir='ltr'><strong>Regni</strong></span> <span class='ocrx_word' id='word_1_469' title='bbox 3164 4931 3458 5006; x_wconf 87' lang='lat' dir='ltr'><strong>Nobiles</strong></span> <span class='ocrx_word' id='word_1_470' title='bbox 3515 4933 3815 5004; x_wconf 80' lang='lat' dir='ltr'><strong>vltronea</strong></span> 
     </span>
     <span class='ocr_line' id='line_1_45' title="bbox 491 5035 3814 5132; baseline -0.002 -23"><span class='ocrx_word' id='word_1_471' title='bbox 491 5036 881 5132; x_wconf 82' lang='lat' dir='ltr'><strong>obligarunt</strong></span> <span class='ocrx_word' id='word_1_472' title='bbox 957 5037 1310 5109; x_wconf 80' lang='lat' dir='ltr'><strong>voluntate</strong></span> <span class='ocrx_word' id='word_1_473' title='bbox 1392 5058 1625 5109; x_wconf 87' lang='lat' dir='ltr'><strong>coram</strong></span> <span class='ocrx_word' id='word_1_474' title='bbox 1680 5036 1901 5111; x_wconf 87' lang='lat' dir='ltr'><strong>nobis.</strong></span> <span class='ocrx_word' id='word_1_475' title='bbox 2008 5037 2087 5109; x_wconf 91' lang='lat' dir='ltr'><strong>In</strong></span> <span class='ocrx_word' id='word_1_476' title='bbox 2139 5040 2333 5111; x_wconf 86' lang='lat' dir='ltr'><strong>cuius</strong></span> <span class='ocrx_word' id='word_1_477' title='bbox 2402 5041 2505 5109; x_wconf 92' lang='lat' dir='ltr'><strong>rei</strong></span> <span class='ocrx_word' id='word_1_478' title='bbox 2576 5039 3037 5112; x_wconf 87' lang='lat' dir='ltr'><strong>testimonium</strong></span> <span class='ocrx_word' id='word_1_479' title='bbox 3116 5046 3488 5132; x_wconf 89' lang='lat' dir='ltr'><strong>presentes</strong></span> <span class='ocrx_word' id='word_1_480' title='bbox 3572 5035 3814 5106; x_wconf 75' lang='lat' dir='ltr'><strong>litteras</strong></span> 
     </span>
     <span class='ocr_line' id='line_1_46' title="bbox 493 5137 3818 5232; baseline -0.002 -18"><span class='ocrx_word' id='word_1_481' title='bbox 493 5151 770 5214; x_wconf 89' lang='lat' dir='ltr'><strong>nostras</strong></span> <span class='ocrx_word' id='word_1_482' title='bbox 826 5139 1068 5232; x_wconf 83' lang='lat' dir='ltr'><strong>sigillis</strong></span> <span class='ocrx_word' id='word_1_483' title='bbox 1105 5137 1610 5214; x_wconf 87' lang='lat' dir='ltr'><strong>Vicebanorum</strong></span> <span class='ocrx_word' id='word_1_484' title='bbox 1668 5152 1741 5213; x_wconf 88' lang='lat' dir='ltr'><strong>et</strong></span> <span class='ocrx_word' id='word_1_485' title='bbox 1783 5138 2118 5213; x_wconf 88' lang='lat' dir='ltr'><strong>Comitum</strong></span> <span class='ocrx_word' id='word_1_486' title='bbox 2171 5151 2564 5214; x_wconf 85' lang='lat' dir='ltr'><strong>nostrorum</strong></span> <span class='ocrx_word' id='word_1_487' title='bbox 2602 5137 3046 5217; x_wconf 87' lang='lat' dir='ltr'><strong>Grisiensium</strong></span> <span class='ocrx_word' id='word_1_488' title='bbox 3103 5142 3562 5232; x_wconf 79' lang='lat' dir='ltr'><strong>consignatas</strong></span> <span class='ocrx_word' id='word_1_489' title='bbox 3614 5155 3818 5230; x_wconf 87' lang='lat' dir='ltr'><strong>sepe-</strong></span> 
     </span>
     <span class='ocr_line' id='line_1_47' title="bbox 494 5239 3816 5341; baseline 0.001 -28"><span class='ocrx_word' id='word_1_490' title='bbox 494 5243 640 5318; x_wconf 83' lang='lat' dir='ltr'><strong>fato</strong></span> <span class='ocrx_word' id='word_1_491' title='bbox 695 5243 973 5317; x_wconf 81' lang='lat' dir='ltr'><strong>domino</strong></span> <span class='ocrx_word' id='word_1_492' title='bbox 1026 5242 1330 5319; x_wconf 87' lang='lat' dir='ltr'><strong>Osualdo</strong></span> <span class='ocrx_word' id='word_1_493' title='bbox 1381 5244 1728 5341; x_wconf 90' lang='lat' dir='ltr'><strong>Episcopo</strong></span> <span class='ocrx_word' id='word_1_494' title='bbox 1801 5244 2120 5319; x_wconf 86' lang='lat' dir='ltr'><strong>duximus</strong></span> <span class='ocrx_word' id='word_1_495' title='bbox 2174 5244 2686 5336; x_wconf 75' lang='lat' dir='ltr'><strong>concedendas,</strong></span> <span class='ocrx_word' id='word_1_496' title='bbox 2769 5267 2940 5339; x_wconf 85' lang='lat' dir='ltr'><strong>quas</strong></span> <span class='ocrx_word' id='word_1_497' title='bbox 2994 5243 3150 5317; x_wconf 88' lang='lat' dir='ltr'><strong>dum</strong></span> <span class='ocrx_word' id='word_1_498' title='bbox 3205 5239 3413 5318; x_wconf 88' lang='lat' dir='ltr'><strong>nobis</strong></span> <span class='ocrx_word' id='word_1_499' title='bbox 3469 5246 3544 5316; x_wconf 90' lang='lat' dir='ltr'><strong>in</strong></span> <span class='ocrx_word' id='word_1_500' title='bbox 3596 5239 3816 5336; x_wconf 75' lang='lat' dir='ltr'><strong>specie</strong></span> 
     </span>
     <span class='ocr_line' id='line_1_48' title="bbox 494 5339 3816 5443; baseline -0.002 -26"><span class='ocrx_word' id='word_1_501' title='bbox 494 5357 842 5443; x_wconf 89' lang='lat' dir='ltr'><strong>reportate</strong></span> <span class='ocrx_word' id='word_1_502' title='bbox 893 5345 1170 5439; x_wconf 75' lang='lat' dir='ltr'><strong>fuerint,</strong></span> <span class='ocrx_word' id='word_1_503' title='bbox 1226 5345 1351 5422; x_wconf 85' lang='lat' dir='ltr'><strong>sub</strong></span> <span class='ocrx_word' id='word_1_504' title='bbox 1407 5349 1633 5443; x_wconf 86' lang='lat' dir='ltr'><strong>sigillo</strong></span> <span class='ocrx_word' id='word_1_505' title='bbox 1698 5355 1936 5422; x_wconf 89' lang='lat' dir='ltr'><strong>nostro</strong></span> <span class='ocrx_word' id='word_1_506' title='bbox 1988 5347 2253 5440; x_wconf 76' lang='lat' dir='ltr'><strong>Banali,</strong></span> <span class='ocrx_word' id='word_1_507' title='bbox 2327 5359 2399 5421; x_wconf 88' lang='lat' dir='ltr'><strong>et</strong></span> <span class='ocrx_word' id='word_1_508' title='bbox 2450 5347 2839 5423; x_wconf 77' lang='lat' dir='ltr'><strong>autenthico</strong></span> <span class='ocrx_word' id='word_1_509' title='bbox 2912 5347 3161 5422; x_wconf 81' lang='lat' dir='ltr'><strong>confici</strong></span> <span class='ocrx_word' id='word_1_510' title='bbox 3216 5356 3286 5418; x_wconf 91' lang='lat' dir='ltr'><strong>et</strong></span> <span class='ocrx_word' id='word_1_511' title='bbox 3340 5346 3658 5420; x_wconf 85' lang='lat' dir='ltr'><strong>emanari</strong></span> <span class='ocrx_word' id='word_1_512' title='bbox 3708 5339 3816 5412; x_wconf 82' lang='lat' dir='ltr'><strong>fa-</strong></span> 
     </span>
    </p>
   </div>
  </div>
 </body>
</html>
