3950 5917
3399 444 3520 529 ’77'

144 644 363 726 nerii
417 646 569 723 δ’·
622 642 1179 726 De'i-Genitricis
1214 644 1547 746 'Virginis'
1606 652 1871 729 Hariae
1937 658 2010 730 in
2077 655 2519 752 Tbopolsslta
2569 659 2888 733 ²usuales
2966 663 3032 733 e
3101 671 3500 754 consuetas,

144 763 473 850 tempore
526 774 657 827 suo
712 755 999 828 solvere
1034 765 1111 828 et
1140 754 1614 829 administrare
1667 767 2048 832 teneantur.
2128 760 2395 834 Ju'dicia
2450 784 2723 858 quoque
2776 771 2849 835 et
2893 766 3264 838 universas
3319 786 3499 839 cau-

146 876 273 930 sus
326 876 583 929 eoum
626 860 1035 949 justitiarius
1083 861 1153 931 in
1208 860 1379 933 sede
1434 858 1836 935 comittatus
1871 861 2389 957 Zagrabiensis,
2442 865 2528 938 ad
2567 869 2783 938 instar
2833 865 3121 939 aliorum
3155 866 3497 940 Nobilium

146 958 475 1052 eiusdem
548 960 740 1035 sedis
807 965 1159 1058 prosequi,
1230 965 1544 1052 actitare,
1614 973 1688 1036 et
1739 968 2053 1038 actitatas
2124 965 2509 1041 observare
2578 978 2958 1043 teneantur.
3064 970 3263 1044 Alias
3318 974 3499 1043 enim

148 1066 535 1137 uivoesas
596 1068 663 1137 dc
707 1063 1046 1160 quaslibet
1081 1087 1333 1138 causas
1360 1069 1714 1161 justiarias
1749 1067 2232 1164 Jobagyonum
2267 1073 2598 1167 ipsorum,
2654 1094 2833 1166 quae
2868 1075 2940 1144 in
2979 1094 3217 1146 eorum
3252 1073 3500 1147 Terri-

152 1168 383 1254 toriis,
438 1175 519 1239 et
548 1169 729 1239 inter
762 1167 1050 1241 eosdem
1100 1167 1557 1267 Jobagyoncs
1610 1174 1913 1267 ipsorum
1968 1172 2585 1269 quomodocunque
2631 1178 3056 1270 contingunt,
3109 1175 3500 1266 homicidia„

146 1270 569 1361 violentiae,
622 1268 991 1362 furticinia.,
1042 1276 1109 1345 dc
1142 1274 1276 1345 alia
1311 1277 1601 1369 quaevis
1648 1275 1988 1347 secularia
2021 1279 2216 1366 vitia,
2287 1299 2532 1352 omnes
2583 1276 2868 1351 Nobiles
2941 1282 3243 1352 annotati
3291 1279 3497 1370 Kres,

148 1371 488 1470 Κιψίεεα,
561 1377 628 1446 dc
686 1373 869 1464 Rak,
922 1397 1012 1447 ac
1053 1398 1295 1449 eorum
1344 1381 1812 1474 posteritates,
1865 1381 1936 1451 in
1991 1398 2232 1451 eorum
2285 1380 2483 1472 sede,
2538 1403 2940 1478 quacunque
2992 1382 3168 1454 feria
3220 1380 3497 1456 hebdo-

150 1476 439 1567 madali,
494 1498 625 1572 per
675 1477 964 1551 eosdem
1018 1479 1322 1573 legitime
1375 1479 1711 1576 praefixa,
1761 1479 2101 1574 judicare,
2156 1492 2228 1556 et
2277 1487 2646 1557 universos
2718 1484 3099 1577 maleficos,
3169 1489 3494 1569 rusticos.

138 1582 344 1674 juta
404 1601 657 1653 eorum
725 1603 1068 1654 excessus
1119 1587 1387 1678 punire,
1441 1587 1505 1656 Φ
1557 1606 2007 1679 quaecunque
2077 1584 2404 1681 birsagia,
2460 1588 2546 1660 ad
2599 1592 2817 1662 maius
2880 1598 3023 1662 tres
3076 1611 3376 1676 marcas,
3431 1595 3494 1661 dc

152 1705 457 1781 poenam
519 1686 741 1779 pacis,
813 1694 1084 1757 centum
1140 1685 1465 1758 denarios
1518 1688 1825 1775 usuales,
1880 1686 2318 1763 medietatem
2375 1690 2664 1785 praefati
2716 1690 3029 1783 Nobila,
3084 1692 3280 1763 aliam
3340 1714 3501 1766 me-

150 1786 489 1860 dietatem
538 1786 814 1878 judices
850 1790 1179 1883 ipsorum,
1231 1811 1359 1884 per
1401 1790 1688 1863 eosdem
1741 1791 2046 1883 legitime
2114 1814 2241 1888 pro
2297 1803 2608 1889 tempore
2672 1797 3047 1885 constituti,
3099 1795 3375 1881 tollere,
3431 1805 3502 1869 et

152 1892 524 1987 prosequi,
593 1893 1045 1986 recipereqne
1114 1892 1420 1984 valeant,
1490 1903 1694 1989 atque
1768 1898 2052 1989 possint.
2148 1896 2228 1969 In
2284 1898 2479 1988 cujus
2533 1896 2922 1971 donationis
2987 1901 3053 1970 dc
3102 1898 3498 1994 perennalis

152 1992 710 2066 confirmationis
750 1997 1148 2066 memoriam
1184 1994 1703 2092 firmitatemque
1751 2007 2174 2093 perpetuam,
2229 2002 2707 2073 concessimus
2760 2001 2885 2073 has
2923 2000 3187 2075 litteras
3224 2011 3503 2076 nostras

152 2096 669 2194 privilegiales.‚
742 2095 1073 2192 dupplicis
1145 2099 1351 2191 sigilli
1420 2104 1639 2173 nostri
1706 2103 1776 2172 in
1830 2105 2255 2196 appensione
2327 2106 2691 2175 munimine
2761 2100 3147 2177 roboratas.
3253 2104 3501 2177 Datum

150 2220 275 2295 per
326 2221 589 2272 manus
613 2198 1052 2273 Venerabilis
1103 2204 1237 2274 viri
1281 2198 1593 2292 Magistri
1643 2201 1983 2295 Farkasii‚
2031 2203 2365 2279 Albensis
2417 2204 2786 2280 Ecclesiae
2835 2206 3247 2303 Praepositi,
3303 2204 3500 2280 Gan-

150 2303 426 2376 oellnrii
490 2312 779 2376 nostrae
846 2301 1256 2396 Maiestatis,
1328 2304 1557 2379 dilecti
1627 2305 1850 2380 fidelis
1903 2311 2143 2381 nostri.
2247 2308 2455 2382 Anno
2525 2308 3021 2384 lucarnationis
3091 2310 3498 2383 Dominicae

156 2404 535 2479 lissesimo
605 2405 1099 2482 Ducentesimo
1171 2413 1618 2503 sexagesimo
1690 2419 1951 2507 quarto.
2049 2409 2289 2486 Nonas
2361 2410 2706 2504 Octobris,
2776 2413 3004 2508 Regni
3074 2423 3302 2487 autem
3352 2435 3497 2487 no-

160 2512 281 2583 sui
339 2511 701 2604 vigesimo
771 2519 997 2583 sexto.
1387 2528 1391 2532 '

160 2692 239 2764 ΙΪι
266 2711 628 2780 mna-ptis,
662 2711 718 2763 in
755 2711 1154 2766 comunitatibus
1187 2711 1447 2768 Nobilium
1481 2713 1660 2767 lli-esic
1691 2728 1788 2767 seu
1822 2714 2001 2768 Krafiic
2034 2723 2090 2769 et
2111 2715 2338 2785 Raptim
2373 2731 2468 2771 seu
2505 2716 2756 2787 Κυρόῖιιο,
2793 2718 3219 2771 descendentium
3254 2736 3290 2771 ι
3316 2733 3504 2789 supra-

470 2797 754 2851 nominatis
790 2796 920 2850 Kree
955 2806 1009 2853 et
1042 2799 1253 2869 liupila.
1288 2801 1580 2855 asservatis.
1648 2800 1817 2854 Habet
1851 2816 2065 2871 quoque
2100 2801 2337 2856 Korcetic
2369 2803 2499 2857 llist.
2533 2804 2679 2858 Eccl.
2714 2804 2868 2875 Zagr.
2903 2821 2956 2874 p.
2994 2805 3116 2859 329.

156 2967 463 3047 (Eam
523 2972 1003 3036 donationum.
1030 2981 1092 3036 ct
1125 2973 1562 3055 privileyialcs
1618 2974 1865 3039 litteras
1923 2976 2427 3055 confirmarunt.-
2484 2977 2851 3042 Ludocicus
2894 2978 2944 3044 1.
3003 2977 3142 3041 Rem
3198 2997 3262 3042 a.
3310 2975 3505 3058 1364,

168 3064 527 3140 vadamus
572 3073 613 3138 1
620 3072 680 3138 V.
730 3093 793 3139 a.
836 3073 1031 3157 1499,
1080 3075 1443 3140 Ludovt'cus
1486 3076 1565 3140 11.
1608 3096 1675 3149 a.
1715 3078 1904 3153 1519,
1948 3079 2398 3143 Fen-dinamus
2438 3079 2491 3146 1.
2536 3100 2598 3145 a.
2648 3080 2843 3163 1548,
2889 3082 3379 3189 Mqoet'milianu
3425 3081 3507 3147 11.

1213 3199 1275 3245 a.
1322 3181 1490 3245 1571
1539 3191 1603 3246 ct
1643 3181 1960 3264 liudolfus
1999 3182 2079 3246 11.
2124 3202 2190 3249 a.
2237 3181 2464 3261 1583.)

1681 3772 1992 3858 LXI.

1291 4059 1501 4131 Anno
1571 4058 1808 4132 1264.
1891 4059 2057 4132 Idm
2119 4059 2384 4132 Martii.

160 4320 535 4402 Abbati
617 4317 1207 4426 Toplicensi
1285 4320 1599 4402 media
1679 4345 1903 4426 pars
1993 4332 2361 4429 terrae,
2444 4347 2698 4430 quae
2776 4321 3109 4405 Kralla
3203 4339 3512 4404 voca-

160 4470 345 4565 tur,
412 4483 465 4538 a
523 4456 1011 4539 Michaele
1073 4456 1448 4538 Comite
1529 4458 1642 4539 de
1706 4459 1999 4564 Sana,
2063 4461 2320 4566 quod
2404 4465 2494 4542 in
2572 4460 3046 4541 hodierna
3117 4458 3512 4542 Groatia

866 4600 1243 4676 turcica
1326 4607 1576 4701 erat,
1656 4597 2278 4703 possidenda
2370 4598 2817 4679 traditur.

486 4865 724 4938 Tenor
772 4865 1124 4960 Privilegij
1182 4888 1391 4962 snper
1443 4863 1666 4940 Grala.
1755 4866 2120 4941 Universis
2183 4869 2312 4942 has
2363 4868 2656 4944 Litteras
2710 4871 3144 4966 inspecturis.
3217 4869 3516 4944 Michael

164 4967 430 5045 Comes
500 4967 593 5042 de
644 4968 860 5057 Sana,
941 4968 1363 5066 subscriptas
1425 4974 1699 5044 veritati
1770 4969 1971 5043 fidem
2047 4970 2394 5044 adhibere.
2499 4971 2840 5047 Noverint
2907 4973 3259 5060 Universi.
3329 4970 3516 5066 quod

166 5072 317 5147 lton
380 5071 473 5146 de
526 5071 851 5145 mandato
939 5083 1012 5145 et
1079 5082 1452 5170 praecepto
1521 5073 2107 5147 Excellentissimi
2185 5074 2461 5149 Domini
2529 5075 2766 5150 Nostri
2818 5077 3038 5173 Regis
3090 5075 3514 5166 Humane,

165 5175 609 5251 medietatam
675 5174 938 5249 Terrae
988 5175 1247 5262 Kralla,
1319 5199 1476 5250 cum
1544 5181 1689 5250 suis
1756 5179 2186 5272 pertinentijs
2259 5177 2619 5272 omnibus,
2687 5184 2866 5253 sicut
2933 5200 3089 5251 eam
3139 5174 3514 5251 Pribislaus

170 5278 429 5355 &aas
481 5283 702 5354 tenuit
753 5282 824 5352 in
878 5282 1020 5353 vita
1073 5302 1198 5354 sua
1261 5289 1333 5354 et
1382 5281 1719 5377 possedit,
1790 5281 2086 5353 Domino
2158 5278 2414 5356 Abbati
2485 5282 2575 5357 de
2645 5284 2954 5380 Toplica‚
3023 5302 3149 5377 per
3198 5279 3516 5361 Fratrem

168 5380 609 5461 Reddet-ium
680 5381 1096 5457 Honachum
1156 5405 1354 5459 suum
1374 5435 1401 5476 ‚
1471 5388 1586 5480 qui
1656 5407 1812 5459 cum
1863 5383 2136 5458 Litteris
2208 5395 2279 5460 et
2346 5396 2718 5484 praecepto
2787 5387 2983 5460 venit
3051 5382 3142 5457 ad
3211 5381 3276 5458 N
3277 5405 3361 5459 os
3418 5404 3518 5469 ex
