<?xml version="1.0" encoding="UTF-8"?>
<!DOCTYPE html PUBLIC "-//W3C//DTD XHTML 1.0 Transitional//EN"
    "http://www.w3.org/TR/xhtml1/DTD/xhtml1-transitional.dtd">
<html xmlns="http://www.w3.org/1999/xhtml" xml:lang="en" lang="en">
 <head>
  <title>
</title>
<meta http-equiv="Content-Type" content="text/html;charset=utf-8" />
  <meta name='ocr-system' content='tesseract 3.04.00' />
  <meta name='ocr-capabilities' content='ocr_page ocr_carea ocr_par ocr_line ocrx_word'/>
</head>
<body>
  <div class='ocr_page' id='page_1' title='image "./juraregnicroati00etcgoog/juraregnicroati00etcgoog_0064.png"; bbox 0 0 3950 5917; ppageno 0'>
   <div class='ocr_carea' id='block_1_1' title="bbox 498 441 615 518">
    <p class='ocr_par' dir='ltr' id='par_1_1' title="bbox 498 441 615 518">
     <span class='ocr_line' id='line_1_1' title="bbox 498 441 615 518; baseline 0 -18"><span class='ocrx_word' id='word_1_1' title='bbox 498 441 615 518; x_wconf 69' lang='lat'><strong>48</strong></span> 
     </span>
    </p>
   </div>
   <div class='ocr_carea' id='block_1_2' title="bbox 476 641 3858 2823">
    <p class='ocr_par' dir='ltr' id='par_1_2' title="bbox 476 641 3858 2823">
     <span class='ocr_line' id='line_1_2' title="bbox 508 641 3848 749; baseline 0 -24"><span class='ocrx_word' id='word_1_2' title='bbox 508 656 583 725; x_wconf 87' lang='lat' dir='ltr'><strong>in</strong></span> <span class='ocrx_word' id='word_1_3' title='bbox 632 659 1051 749; x_wconf 75' lang='lat' dir='ltr'><strong>perpetuum.</strong></span> <span class='ocrx_word' id='word_1_4' title='bbox 1161 648 1581 745; x_wconf 72' lang='lat' dir='ltr'><strong>Quamquam</strong></span> <span class='ocrx_word' id='word_1_5' title='bbox 1620 645 1855 742; x_wconf 81' lang='lat' dir='ltr'><strong>Regia</strong></span> <span class='ocrx_word' id='word_1_6' title='bbox 1896 645 2306 724; x_wconf 78' lang='lat' dir='ltr'><strong>sublimitas</strong></span> <span class='ocrx_word' id='word_1_7' title='bbox 2327 667 2672 743; x_wconf 79' lang='lat' dir='ltr'><strong>generosa</strong></span> <span class='ocrx_word' id='word_1_8' title='bbox 2716 647 2899 722; x_wconf 71' lang='lat' dir='ltr'><strong>circa</strong></span> <span class='ocrx_word' id='word_1_9' title='bbox 2942 641 3310 724; x_wconf 75' lang='lat' dir='ltr'><strong>universos</strong></span> <span class='ocrx_word' id='word_1_10' title='bbox 3363 665 3534 725; x_wconf 85' lang='lat' dir='ltr'><strong>suos</strong></span> <span class='ocrx_word' id='word_1_11' title='bbox 3567 648 3848 725; x_wconf 72' lang='lat' dir='ltr'><strong>fideles</strong></span> 
     </span>
     <span class='ocr_line' id='line_1_3' title="bbox 512 749 3858 852; baseline 0 -25"><span class='ocrx_word' id='word_1_12' title='bbox 512 759 863 830; x_wconf 56' lang='lat' dir='ltr'><strong>ministros</strong></span> <span class='ocrx_word' id='word_1_13' title='bbox 934 777 1031 827; x_wconf 89' lang='lat' dir='ltr'><strong>ex</strong></span> <span class='ocrx_word' id='word_1_14' title='bbox 1078 755 1311 826; x_wconf 74' lang='lat' dir='ltr'><strong>innata</strong></span> <span class='ocrx_word' id='word_1_15' title='bbox 1364 752 1495 828; x_wconf 77' lang='lat' dir='ltr'><strong>sibi</strong></span> <span class='ocrx_word' id='word_1_16' title='bbox 1564 749 1940 826; x_wconf 74' lang='lat' dir='ltr'><strong>Clementia</strong></span> <span class='ocrx_word' id='word_1_17' title='bbox 2010 751 2313 827; x_wconf 86' lang='lat' dir='ltr'><strong>liberalis</strong></span> <span class='ocrx_word' id='word_1_18' title='bbox 2384 755 2684 843; x_wconf 79' lang='lat' dir='ltr'><strong>existat3</strong></span> <span class='ocrx_word' id='word_1_19' title='bbox 2733 751 2823 825; x_wconf 89' lang='lat' dir='ltr'><strong>ad</strong></span> <span class='ocrx_word' id='word_1_20' title='bbox 2892 754 3050 828; x_wconf 83' lang='lat' dir='ltr'><strong>illos</strong></span> <span class='ocrx_word' id='word_1_21' title='bbox 3116 763 3372 845; x_wconf 87' lang='lat' dir='ltr'><strong>tamen,</strong></span> <span class='ocrx_word' id='word_1_22' title='bbox 3446 773 3662 849; x_wconf 78' lang='lat' dir='ltr'><strong>quos-</strong></span> <span class='ocrx_word' id='word_1_23' title='bbox 3685 775 3858 852; x_wconf 77' lang='lat' dir='ltr'><strong>pro</strong></span> 
     </span>
     <span class='ocr_line' id='line_1_4' title="bbox 508 855 3848 950; baseline -0 -18"><span class='ocrx_word' id='word_1_24' title='bbox 508 863 659 932; x_wconf 84' lang='lat' dir='ltr'><strong>suis</strong></span> <span class='ocrx_word' id='word_1_25' title='bbox 713 857 1087 932; x_wconf 83' lang='lat' dir='ltr'><strong>bonoribus</strong></span> <span class='ocrx_word' id='word_1_26' title='bbox 1136 857 1517 931; x_wconf 70' lang='lat' dir='ltr'><strong>ferventius</strong></span> <span class='ocrx_word' id='word_1_27' title='bbox 1571 855 1952 931; x_wconf 72' lang='lat' dir='ltr'><strong>desudasse</strong></span> <span class='ocrx_word' id='word_1_28' title='bbox 2024 859 2411 950; x_wconf 74' lang='lat' dir='ltr'><strong>agnoverit,</strong></span> <span class='ocrx_word' id='word_1_29' title='bbox 2482 856 2842 930; x_wconf 80' lang='lat' dir='ltr'><strong>dexteram</strong></span> <span class='ocrx_word' id='word_1_30' title='bbox 2894 879 3064 932; x_wconf 88' lang='lat' dir='ltr'><strong>suae</strong></span> <span class='ocrx_word' id='word_1_31' title='bbox 3113 856 3616 932; x_wconf 80' lang='lat' dir='ltr'><strong>munificentiae</strong></span> <span class='ocrx_word' id='word_1_32' title='bbox 3667 881 3848 933; x_wconf 83' lang='lat' dir='ltr'><strong>ex·-</strong></span> 
     </span>
     <span class='ocr_line' id='line_1_5' title="bbox 512 958 3852 1056; baseline -0 -20"><span class='ocrx_word' id='word_1_33' title='bbox 512 963 803 1036; x_wconf 86' lang='lat' dir='ltr'><strong>tendere</strong></span> <span class='ocrx_word' id='word_1_34' title='bbox 854 973 929 1035; x_wconf 81' lang='lat' dir='ltr'><strong>et</strong></span> <span class='ocrx_word' id='word_1_35' title='bbox 978 983 1106 1036; x_wconf 92' lang='lat' dir='ltr'><strong>eos</strong></span> <span class='ocrx_word' id='word_1_36' title='bbox 1159 963 1559 1034; x_wconf 86' lang='lat' dir='ltr'><strong>eximiarum</strong></span> <span class='ocrx_word' id='word_1_37' title='bbox 1614 964 2244 1056; x_wconf 83' lang='lat' dir='ltr'><strong>praerogativarum</strong></span> <span class='ocrx_word' id='word_1_38' title='bbox 2296 958 2560 1034; x_wconf 92' lang='lat' dir='ltr'><strong>honore</strong></span> <span class='ocrx_word' id='word_1_39' title='bbox 2613 964 2854 1036; x_wconf 89' lang='lat' dir='ltr'><strong>merito</strong></span> <span class='ocrx_word' id='word_1_40' title='bbox 2905 969 3180 1035; x_wconf 80' lang='lat' dir='ltr'><strong>tenetur</strong></span> <span class='ocrx_word' id='word_1_41' title='bbox 3226 962 3585 1037; x_wconf 74' lang='lat' dir='ltr'><strong>ilhistrare.</strong></span> <span class='ocrx_word' id='word_1_42' title='bbox 3663 962 3852 1035; x_wconf 71' lang='lat' dir='ltr'><strong>Hac</strong></span> 
     </span>
     <span class='ocr_line' id='line_1_6' title="bbox 517 1063 3858 1162; baseline -0 -23"><span class='ocrx_word' id='word_1_43' title='bbox 517 1070 722 1160; x_wconf 85' lang='lat' dir='ltr'><strong>igitur</strong></span> <span class='ocrx_word' id='word_1_44' title='bbox 772 1069 1040 1140; x_wconf 91' lang='lat' dir='ltr'><strong>ratione</strong></span> <span class='ocrx_word' id='word_1_45' title='bbox 1095 1065 1453 1140; x_wconf 86' lang='lat' dir='ltr'><strong>salubriter</strong></span> <span class='ocrx_word' id='word_1_46' title='bbox 1504 1068 1806 1152; x_wconf 86' lang='lat' dir='ltr'><strong>amoniti,</strong></span> <span class='ocrx_word' id='word_1_47' title='bbox 1856 1068 2318 1160; x_wconf 77' lang='lat' dir='ltr'><strong>praesentium</strong></span> <span class='ocrx_word' id='word_1_48' title='bbox 2373 1068 2440 1136; x_wconf 75' lang='lat' dir='ltr'><strong>dc</strong></span> <span class='ocrx_word' id='word_1_49' title='bbox 2487 1063 2868 1139; x_wconf 88' lang='lat' dir='ltr'><strong>futurorum</strong></span> <span class='ocrx_word' id='word_1_50' title='bbox 2913 1069 3194 1148; x_wconf 80' lang='lat' dir='ltr'><strong>notitiae</strong></span> <span class='ocrx_word' id='word_1_51' title='bbox 3241 1066 3636 1140; x_wconf 89' lang='lat' dir='ltr'><strong>clarescere</strong></span> <span class='ocrx_word' id='word_1_52' title='bbox 3689 1088 3858 1162; x_wconf 76' lang='lat' dir='ltr'><strong>per</strong></span> 
     </span>
     <span class='ocr_line' id='line_1_7' title="bbox 511 1165 3836 1266; baseline -0 -23"><span class='ocrx_word' id='word_1_53' title='bbox 511 1171 691 1244; x_wconf 87' lang='lat' dir='ltr'><strong>haec</strong></span> <span class='ocrx_word' id='word_1_54' title='bbox 765 1173 1016 1266; x_wconf 82' lang='lat' dir='ltr'><strong>scripta</strong></span> <span class='ocrx_word' id='word_1_55' title='bbox 1094 1171 1438 1256; x_wconf 82' lang='lat' dir='ltr'><strong>volumus,</strong></span> <span class='ocrx_word' id='word_1_56' title='bbox 1526 1166 1932 1242; x_wconf 77' lang='lat' dir='ltr'><strong>laudabilem</strong></span> <span class='ocrx_word' id='word_1_57' title='bbox 2005 1172 2455 1242; x_wconf 80' lang='lat' dir='ltr'><strong>constantiam</strong></span> <span class='ocrx_word' id='word_1_58' title='bbox 2489 1165 2496 1178; x_wconf 89' lang='lat'>&#39;</span> <span class='ocrx_word' id='word_1_59' title='bbox 2525 1167 2892 1261; x_wconf 82' lang='lat' dir='ltr'><strong>fidelitatis,</strong></span> <span class='ocrx_word' id='word_1_60' title='bbox 2964 1174 3031 1245; x_wconf 61' lang='grc' dir='ltr'><strong>Φ</strong></span> <span class='ocrx_word' id='word_1_61' title='bbox 3100 1179 3375 1245; x_wconf 86' lang='lat' dir='ltr'><strong>strenua</strong></span> <span class='ocrx_word' id='word_1_62' title='bbox 3447 1168 3836 1243; x_wconf 74' lang='lat' dir='ltr'><strong>multifaria</strong></span> 
     </span>
     <span class='ocr_line' id='line_1_8' title="bbox 488 1270 3838 1370; baseline -0.001 -23"><span class='ocrx_word' id='word_1_63' title='bbox 488 1277 950 1356; x_wconf 73' lang='lat' dir='ltr'><strong>servitiorum</strong></span> <span class='ocrx_word' id='word_1_64' title='bbox 1004 1272 1335 1369; x_wconf 88' lang='lat' dir='ltr'><strong>obsequia</strong></span> <span class='ocrx_word' id='word_1_65' title='bbox 1382 1270 1686 1346; x_wconf 86' lang='lat' dir='ltr'><strong>fidelium</strong></span> <span class='ocrx_word' id='word_1_66' title='bbox 1752 1282 2142 1347; x_wconf 87' lang='lat' dir='ltr'><strong>nostrorum</strong></span> <span class='ocrx_word' id='word_1_67' title='bbox 2201 1271 2533 1366; x_wconf 87' lang='lat' dir='ltr'><strong>Baboneg</strong></span> <span class='ocrx_word' id='word_1_68' title='bbox 2604 1271 2988 1366; x_wconf 77' lang='lat' dir='ltr'><strong>(Babonic)</strong></span> <span class='ocrx_word' id='word_1_69' title='bbox 3057 1284 3132 1347; x_wconf 89' lang='lat' dir='ltr'><strong>et</strong></span> <span class='ocrx_word' id='word_1_70' title='bbox 3182 1270 3512 1370; x_wconf 80' lang='lat' dir='ltr'><strong>Stephani</strong></span> <span class='ocrx_word' id='word_1_71' title='bbox 3564 1270 3838 1347; x_wconf 82' lang='lat' dir='ltr'><strong>Comi-</strong></span> 
     </span>
     <span class='ocr_line' id='line_1_9' title="bbox 513 1374 3836 1473; baseline -0 -22"><span class='ocrx_word' id='word_1_72' title='bbox 513 1389 655 1451; x_wconf 87' lang='lat' dir='ltr'><strong>tum</strong></span> <span class='ocrx_word' id='word_1_73' title='bbox 708 1378 797 1452; x_wconf 95' lang='lat' dir='ltr'><strong>de</strong></span> <span class='ocrx_word' id='word_1_74' title='bbox 847 1376 1187 1468; x_wconf 89' lang='lat' dir='ltr'><strong>Vodicha,</strong></span> <span class='ocrx_word' id='word_1_75' title='bbox 1240 1376 1531 1450; x_wconf 88' lang='lat' dir='ltr'><strong>filiorum</strong></span> <span class='ocrx_word' id='word_1_76' title='bbox 1584 1376 1922 1473; x_wconf 88' lang='lat' dir='ltr'><strong>quondam</strong></span> <span class='ocrx_word' id='word_1_77' title='bbox 1968 1374 2255 1450; x_wconf 84' lang='lat' dir='ltr'><strong>Comitis</strong></span> <span class='ocrx_word' id='word_1_78' title='bbox 2308 1375 2635 1472; x_wconf 80' lang='lat' dir='ltr'><strong>Stephani</strong></span> <span class='ocrx_word' id='word_1_79' title='bbox 2686 1375 2775 1450; x_wconf 89' lang='lat' dir='ltr'><strong>de</strong></span> <span class='ocrx_word' id='word_1_80' title='bbox 2827 1375 3108 1451; x_wconf 85' lang='lat' dir='ltr'><strong>Goric</strong></span> <span class='ocrx_word' id='word_1_81' title='bbox 3132 1376 3323 1468; x_wconf 84' lang='lat' dir='ltr'><strong>hia,</strong></span> <span class='ocrx_word' id='word_1_82' title='bbox 3375 1398 3552 1473; x_wconf 91' lang='lat' dir='ltr'><strong>quos</strong></span> <span class='ocrx_word' id='word_1_83' title='bbox 3599 1380 3836 1451; x_wconf 81' lang='lat' dir='ltr'><strong>veri-</strong></span> 
     </span>
     <span class='ocr_line' id='line_1_10' title="bbox 514 1478 3846 1578; baseline -0 -23"><span class='ocrx_word' id='word_1_84' title='bbox 514 1483 773 1577; x_wconf 88' lang='lat' dir='ltr'><strong>loquax</strong></span> <span class='ocrx_word' id='word_1_85' title='bbox 844 1485 1196 1578; x_wconf 90' lang='lat' dir='ltr'><strong>praeconii</strong></span> <span class='ocrx_word' id='word_1_86' title='bbox 1270 1480 1455 1554; x_wconf 86' lang='lat' dir='ltr'><strong>fama</strong></span> <span class='ocrx_word' id='word_1_87' title='bbox 1534 1490 1606 1553; x_wconf 89' lang='lat' dir='ltr'><strong>et</strong></span> <span class='ocrx_word' id='word_1_88' title='bbox 1679 1482 1990 1553; x_wconf 84' lang='lat' dir='ltr'><strong>veritatis</strong></span> <span class='ocrx_word' id='word_1_89' title='bbox 2068 1483 2490 1576; x_wconf 76' lang='lat' dir='ltr'><strong>experientia</strong></span> <span class='ocrx_word' id='word_1_90' title='bbox 2559 1478 2649 1552; x_wconf 88' lang='lat' dir='ltr'><strong>de</strong></span> <span class='ocrx_word' id='word_1_91' title='bbox 2727 1481 3040 1575; x_wconf 75' lang='lat' dir='ltr'><strong>originali</strong></span> <span class='ocrx_word' id='word_1_92' title='bbox 3132 1480 3358 1554; x_wconf 90' lang='lat' dir='ltr'><strong>Domo</strong></span> <span class='ocrx_word' id='word_1_93' title='bbox 3438 1491 3510 1555; x_wconf 89' lang='lat' dir='ltr'><strong>et</strong></span> <span class='ocrx_word' id='word_1_94' title='bbox 3585 1479 3846 1577; x_wconf 74' lang='lat' dir='ltr'><strong>Stil-po</strong></span> 
     </span>
     <span class='ocr_line' id='line_1_11' title="bbox 512 1582 3846 1681; baseline 0 -23"><span class='ocrx_word' id='word_1_95' title='bbox 512 1607 860 1681; x_wconf 84' lang='lat' dir='ltr'><strong>generosa</strong></span> <span class='ocrx_word' id='word_1_96' title='bbox 927 1585 1326 1660; x_wconf 86' lang='lat' dir='ltr'><strong>Ursinorum</strong></span> <span class='ocrx_word' id='word_1_97' title='bbox 1394 1583 1750 1657; x_wconf 81' lang='lat' dir='ltr'><strong>Romanae</strong></span> <span class='ocrx_word' id='word_1_98' title='bbox 1827 1582 2032 1658; x_wconf 83' lang='lat' dir='ltr'><strong>Urbis</strong></span> <span class='ocrx_word' id='word_1_99' title='bbox 2119 1583 2526 1658; x_wconf 77' lang='lat' dir='ltr'><strong>Senatorum</strong></span> <span class='ocrx_word' id='word_1_100' title='bbox 2592 1594 3008 1680; x_wconf 87' lang='lat' dir='ltr'><strong>propagatos</strong></span> <span class='ocrx_word' id='word_1_101' title='bbox 3058 1593 3365 1660; x_wconf 84' lang='lat' dir='ltr'><strong>testatur.</strong></span> <span class='ocrx_word' id='word_1_102' title='bbox 3466 1584 3640 1658; x_wconf 86' lang='lat' dir='ltr'><strong>Nam</strong></span> <span class='ocrx_word' id='word_1_103' title='bbox 3693 1588 3846 1658; x_wconf 82' lang='lat' dir='ltr'><strong>in-</strong></span> 
     </span>
     <span class='ocr_line' id='line_1_12' title="bbox 509 1686 3836 1784; baseline 0 -22"><span class='ocrx_word' id='word_1_104' title='bbox 509 1693 620 1763; x_wconf 86' lang='lat' dir='ltr'><strong>ter</strong></span> <span class='ocrx_word' id='word_1_105' title='bbox 691 1699 969 1762; x_wconf 88' lang='lat' dir='ltr'><strong>caetera</strong></span> <span class='ocrx_word' id='word_1_106' title='bbox 1022 1711 1261 1763; x_wconf 89' lang='lat' dir='ltr'><strong>eorum</strong></span> <span class='ocrx_word' id='word_1_107' title='bbox 1328 1688 1689 1764; x_wconf 78' lang='lat' dir='ltr'><strong>laudabilia</strong></span> <span class='ocrx_word' id='word_1_108' title='bbox 1758 1691 2035 1762; x_wconf 90' lang='lat' dir='ltr'><strong>seruitia</strong></span> <span class='ocrx_word' id='word_1_109' title='bbox 2055 1741 2080 1778; x_wconf 85' lang='lat'><strong>,</strong></span> <span class='ocrx_word' id='word_1_110' title='bbox 2149 1710 2326 1783; x_wconf 91' lang='lat' dir='ltr'><strong>quae</strong></span> <span class='ocrx_word' id='word_1_111' title='bbox 2393 1686 2865 1784; x_wconf 84' lang='lat' dir='ltr'><strong>praesentibus</strong></span> <span class='ocrx_word' id='word_1_112' title='bbox 2942 1689 3079 1764; x_wconf 86' lang='lat' dir='ltr'><strong>stili</strong></span> <span class='ocrx_word' id='word_1_113' title='bbox 3146 1687 3379 1762; x_wconf 85' lang='lat' dir='ltr'><strong>officio</strong></span> <span class='ocrx_word' id='word_1_114' title='bbox 3427 1687 3836 1764; x_wconf 84' lang='lat' dir='ltr'><strong>taediosum</strong></span> 
     </span>
     <span class='ocr_line' id='line_1_13' title="bbox 513 1791 3844 1887; baseline 0.001 -21"><span class='ocrx_word' id='word_1_115' title='bbox 513 1803 707 1868; x_wconf 88' lang='lat' dir='ltr'><strong>esset</strong></span> <span class='ocrx_word' id='word_1_116' title='bbox 782 1793 1112 1867; x_wconf 75' lang='lat' dir='ltr'><strong>denotare</strong></span> <span class='ocrx_word' id='word_1_117' title='bbox 1139 1845 1165 1887; x_wconf 91' lang='lat'><strong>,</strong></span> <span class='ocrx_word' id='word_1_118' title='bbox 1234 1793 1361 1868; x_wconf 90' lang='lat' dir='ltr'><strong>sed</strong></span> <span class='ocrx_word' id='word_1_119' title='bbox 1431 1793 1893 1866; x_wconf 83' lang='lat' dir='ltr'><strong>memoraliter</strong></span> <span class='ocrx_word' id='word_1_120' title='bbox 1974 1801 2219 1867; x_wconf 82' lang='lat' dir='ltr'><strong>nostro</strong></span> <span class='ocrx_word' id='word_1_121' title='bbox 2306 1791 2501 1865; x_wconf 84' lang='lat' dir='ltr'><strong>cordi</strong></span> <span class='ocrx_word' id='word_1_122' title='bbox 2583 1795 2886 1868; x_wconf 85' lang='lat' dir='ltr'><strong>existunt</strong></span> <span class='ocrx_word' id='word_1_123' title='bbox 2957 1793 3345 1883; x_wconf 80' lang='lat' dir='ltr'><strong>inculcata3</strong></span> <span class='ocrx_word' id='word_1_124' title='bbox 3449 1813 3603 1866; x_wconf 87' lang='lat' dir='ltr'><strong>cum</strong></span> <span class='ocrx_word' id='word_1_125' title='bbox 3678 1812 3844 1868; x_wconf 70' lang='lat' dir='ltr'><strong>nos</strong></span> 
     </span>
     <span class='ocr_line' id='line_1_14' title="bbox 512 1894 3842 1992; baseline -0.001 -20"><span class='ocrx_word' id='word_1_126' title='bbox 512 1896 749 1972; x_wconf 86' lang='lat' dir='ltr'><strong>divino</strong></span> <span class='ocrx_word' id='word_1_127' title='bbox 828 1899 1085 1970; x_wconf 89' lang='lat' dir='ltr'><strong>monitu</strong></span> <span class='ocrx_word' id='word_1_128' title='bbox 1161 1919 1412 1971; x_wconf 85' lang='lat' dir='ltr'><strong>versus</strong></span> <span class='ocrx_word' id='word_1_129' title='bbox 1488 1906 1744 1969; x_wconf 87' lang='lat' dir='ltr'><strong>terram</strong></span> <span class='ocrx_word' id='word_1_130' title='bbox 1821 1906 2126 1971; x_wconf 88' lang='lat' dir='ltr'><strong>sanctam</strong></span> <span class='ocrx_word' id='word_1_131' title='bbox 2208 1895 2547 1992; x_wconf 79' lang='lat' dir='ltr'><strong>sepulchri</strong></span> <span class='ocrx_word' id='word_1_132' title='bbox 2624 1899 2840 1972; x_wconf 83' lang='lat' dir='ltr'><strong>nostri</strong></span> <span class='ocrx_word' id='word_1_133' title='bbox 2927 1895 3309 1972; x_wconf 85' lang='lat' dir='ltr'><strong>Salvatoris</strong></span> <span class='ocrx_word' id='word_1_134' title='bbox 3386 1896 3477 1971; x_wconf 89' lang='lat' dir='ltr'><strong>ad</strong></span> <span class='ocrx_word' id='word_1_135' title='bbox 3554 1894 3842 1970; x_wconf 79' lang='lat' dir='ltr'><strong>defen-</strong></span> 
     </span>
     <span class='ocr_line' id='line_1_15' title="bbox 518 1997 3833 2097; baseline 0 -24"><span class='ocrx_word' id='word_1_136' title='bbox 518 1999 810 2073; x_wconf 87' lang='lat' dir='ltr'><strong>dendum</strong></span> <span class='ocrx_word' id='word_1_137' title='bbox 885 2004 952 2073; x_wconf 91' lang='lat' dir='ltr'><strong>in</strong></span> <span class='ocrx_word' id='word_1_138' title='bbox 1016 2001 1312 2076; x_wconf 90' lang='lat' dir='ltr'><strong>Brachio</strong></span> <span class='ocrx_word' id='word_1_139' title='bbox 1364 2004 1650 2097; x_wconf 87' lang='lat' dir='ltr'><strong>potenti,</strong></span> <span class='ocrx_word' id='word_1_140' title='bbox 1724 2000 1978 2074; x_wconf 82' lang='lat' dir='ltr'><strong>salubri</strong></span> <span class='ocrx_word' id='word_1_141' title='bbox 2047 2022 2199 2073; x_wconf 90' lang='lat' dir='ltr'><strong>cum</strong></span> <span class='ocrx_word' id='word_1_142' title='bbox 2259 2003 2714 2097; x_wconf 77' lang='lat' dir='ltr'><strong>prosperitate</strong></span> <span class='ocrx_word' id='word_1_143' title='bbox 2781 2000 3074 2097; x_wconf 86' lang='lat' dir='ltr'><strong>profecti</strong></span> <span class='ocrx_word' id='word_1_144' title='bbox 3139 2000 3553 2092; x_wconf 81' lang='lat' dir='ltr'><strong>fuissemus3</strong></span> <span class='ocrx_word' id='word_1_145' title='bbox 3629 1997 3833 2073; x_wconf 79' lang='lat' dir='ltr'><strong>idem</strong></span> 
     </span>
     <span class='ocr_line' id='line_1_16' title="bbox 508 2102 3834 2201; baseline 0 -23"><span class='ocrx_word' id='word_1_146' title='bbox 508 2104 770 2179; x_wconf 81' lang='lat' dir='ltr'><strong>Comes</strong></span> <span class='ocrx_word' id='word_1_147' title='bbox 847 2104 1415 2201; x_wconf 87' lang='lat' dir='ltr'><strong>Stephanus,</strong></span> <span class='ocrx_word' id='word_1_148' title='bbox 1492 2104 1796 2178; x_wconf 78' lang='lat' dir='ltr'><strong>frater</strong></span> <span class='ocrx_word' id='word_1_149' title='bbox 1861 2105 2096 2176; x_wconf 90' lang='lat' dir='ltr'><strong>dicti</strong></span> <span class='ocrx_word' id='word_1_150' title='bbox 2172 2102 2647 2198; x_wconf 86' lang='lat' dir='ltr'><strong>Baboneg,</strong></span> <span class='ocrx_word' id='word_1_151' title='bbox 2715 2126 2858 2179; x_wconf 88' lang='lat' dir='ltr'><strong>non</strong></span> <span class='ocrx_word' id='word_1_152' title='bbox 2930 2107 3188 2178; x_wconf 86' lang='lat' dir='ltr'><strong>monitu</strong></span> <span class='ocrx_word' id='word_1_153' title='bbox 3252 2114 3493 2179; x_wconf 85' lang='lat' dir='ltr'><strong>nostro</strong></span> <span class='ocrx_word' id='word_1_154' title='bbox 3571 2125 3834 2199; x_wconf 83' lang='lat' dir='ltr'><strong>anga-</strong></span> 
     </span>
     <span class='ocr_line' id='line_1_17' title="bbox 476 2206 3832 2303; baseline 0.001 -23"><span class='ocrx_word' id='word_1_155' title='bbox 476 2213 748 2298; x_wconf 63' lang='lat' dir='ltr'><strong>riatus,</strong></span> <span class='ocrx_word' id='word_1_156' title='bbox 804 2212 1100 2303; x_wconf 87' lang='lat' dir='ltr'><strong>quinimo</strong></span> <span class='ocrx_word' id='word_1_157' title='bbox 1154 2210 1383 2282; x_wconf 90' lang='lat' dir='ltr'><strong>clarae</strong></span> <span class='ocrx_word' id='word_1_158' title='bbox 1436 2206 1775 2282; x_wconf 81' lang='lat' dir='ltr'><strong>fidelitatis</strong></span> <span class='ocrx_word' id='word_1_159' title='bbox 1827 2215 1996 2282; x_wconf 88' lang='lat' dir='ltr'><strong>voto</strong></span> <span class='ocrx_word' id='word_1_160' title='bbox 2034 2211 2415 2298; x_wconf 88' lang='lat' dir='ltr'><strong>instinctus,</strong></span> <span class='ocrx_word' id='word_1_161' title='bbox 2469 2207 2559 2280; x_wconf 88' lang='lat' dir='ltr'><strong>ad</strong></span> <span class='ocrx_word' id='word_1_162' title='bbox 2600 2218 2904 2283; x_wconf 89' lang='lat' dir='ltr'><strong>nostrum</strong></span> <span class='ocrx_word' id='word_1_163' title='bbox 2974 2207 3215 2302; x_wconf 87' lang='lat' dir='ltr'><strong>decus,</strong></span> <span class='ocrx_word' id='word_1_164' title='bbox 3294 2231 3481 2281; x_wconf 92' lang='lat' dir='ltr'><strong>cum</strong></span> <span class='ocrx_word' id='word_1_165' title='bbox 3563 2211 3769 2283; x_wconf 87' lang='lat' dir='ltr'><strong>suis</strong></span> <span class='ocrx_word' id='word_1_166' title='bbox 3793 2260 3832 2298; x_wconf 74' lang='lat'><strong>,</strong></span> 
     </span>
     <span class='ocr_line' id='line_1_18' title="bbox 512 2309 3828 2408; baseline 0.001 -23"><span class='ocrx_word' id='word_1_167' title='bbox 512 2322 600 2385; x_wconf 90' lang='lat' dir='ltr'><strong>et</strong></span> <span class='ocrx_word' id='word_1_168' title='bbox 653 2313 1053 2385; x_wconf 90' lang='lat' dir='ltr'><strong>eiusdem</strong></span> <span class='ocrx_word' id='word_1_169' title='bbox 1105 2311 1426 2386; x_wconf 88' lang='lat' dir='ltr'><strong>fratris</strong></span> <span class='ocrx_word' id='word_1_170' title='bbox 1479 2314 1621 2387; x_wconf 89' lang='lat' dir='ltr'><strong>sui</strong></span> <span class='ocrx_word' id='word_1_171' title='bbox 1671 2314 2103 2408; x_wconf 83' lang='lat' dir='ltr'><strong>proximis</strong></span> <span class='ocrx_word' id='word_1_172' title='bbox 2167 2309 2747 2407; x_wconf 83' lang='lat' dir='ltr'><strong>familiaribusque</strong></span> <span class='ocrx_word' id='word_1_173' title='bbox 2800 2310 3242 2403; x_wconf 85' lang='lat' dir='ltr'><strong>notabilibus,</strong></span> <span class='ocrx_word' id='word_1_174' title='bbox 3315 2316 3482 2388; x_wconf 86' lang='lat' dir='ltr'><strong>satis</strong></span> <span class='ocrx_word' id='word_1_175' title='bbox 3509 2311 3828 2387; x_wconf 78' lang='lat' dir='ltr'><strong>honesto</strong></span> 
     </span>
     <span class='ocr_line' id='line_1_19' title="bbox 516 2414 3830 2512; baseline -0 -23"><span class='ocrx_word' id='word_1_176' title='bbox 516 2426 720 2489; x_wconf 90' lang='lat' dir='ltr'><strong>coetu</strong></span> <span class='ocrx_word' id='word_1_177' title='bbox 798 2421 866 2488; x_wconf 71' lang='lat' dir='ltr'><strong>dc</strong></span> <span class='ocrx_word' id='word_1_178' title='bbox 918 2438 1225 2510; x_wconf 87' lang='lat' dir='ltr'><strong>congruo</strong></span> <span class='ocrx_word' id='word_1_179' title='bbox 1297 2419 1502 2488; x_wconf 90' lang='lat' dir='ltr'><strong>armis</strong></span> <span class='ocrx_word' id='word_1_180' title='bbox 1557 2415 2024 2488; x_wconf 77' lang='lat' dir='ltr'><strong>condecenter</strong></span> <span class='ocrx_word' id='word_1_181' title='bbox 2073 2414 2335 2506; x_wconf 87' lang='lat' dir='ltr'><strong>fulcito,</strong></span> <span class='ocrx_word' id='word_1_182' title='bbox 2391 2415 2856 2512; x_wconf 90' lang='lat' dir='ltr'><strong>equitibus</strong></span> <span class='ocrx_word' id='word_1_183' title='bbox 2927 2416 3357 2492; x_wconf 90' lang='lat' dir='ltr'><strong>ducentis</strong></span> <span class='ocrx_word' id='word_1_184' title='bbox 3410 2421 3477 2490; x_wconf 76' lang='lat' dir='ltr'><strong>dt</strong></span> <span class='ocrx_word' id='word_1_185' title='bbox 3528 2419 3830 2512; x_wconf 85' lang='lat' dir='ltr'><strong>quin-</strong></span> 
     </span>
     <span class='ocr_line' id='line_1_20' title="bbox 508 2522 3820 2617; baseline 0 -24"><span class='ocrx_word' id='word_1_186' title='bbox 508 2543 620 2615; x_wconf 91' lang='lat' dir='ltr'><strong>qu</strong></span> <span class='ocrx_word' id='word_1_187' title='bbox 639 2544 679 2592; x_wconf 90' lang='lat' dir='ltr'><strong>a</strong></span> <span class='ocrx_word' id='word_1_188' title='bbox 700 2523 990 2614; x_wconf 88' lang='lat' dir='ltr'><strong>ginta,</strong></span> <span class='ocrx_word' id='word_1_189' title='bbox 1041 2523 1482 2616; x_wconf 89' lang='lat' dir='ltr'><strong>pecuniarum</strong></span> <span class='ocrx_word' id='word_1_190' title='bbox 1533 2522 1835 2616; x_wconf 90' lang='lat' dir='ltr'><strong>ipsorum</strong></span> <span class='ocrx_word' id='word_1_191' title='bbox 1887 2523 2308 2615; x_wconf 89' lang='lat' dir='ltr'><strong>propriarum</strong></span> <span class='ocrx_word' id='word_1_192' title='bbox 2358 2523 2431 2593; x_wconf 90' lang='lat' dir='ltr'><strong>in</strong></span> <span class='ocrx_word' id='word_1_193' title='bbox 2481 2524 2836 2617; x_wconf 73' lang='lat' dir='ltr'><strong>expensis,</strong></span> <span class='ocrx_word' id='word_1_194' title='bbox 2885 2542 3011 2617; x_wconf 91' lang='lat' dir='ltr'><strong>per</strong></span> <span class='ocrx_word' id='word_1_195' title='bbox 3058 2525 3193 2594; x_wconf 90' lang='lat' dir='ltr'><strong>iter</strong></span> <span class='ocrx_word' id='word_1_196' title='bbox 3242 2524 3630 2594; x_wconf 89' lang='lat' dir='ltr'><strong>continuum</strong></span> <span class='ocrx_word' id='word_1_197' title='bbox 3657 2541 3820 2593; x_wconf 84' lang='lat' dir='ltr'><strong>uo—</strong></span> 
     </span>
     <span class='ocr_line' id='line_1_21' title="bbox 512 2621 3822 2720; baseline -0 -24"><span class='ocrx_word' id='word_1_198' title='bbox 512 2633 656 2697; x_wconf 85' lang='lat' dir='ltr'><strong>stro</strong></span> <span class='ocrx_word' id='word_1_199' title='bbox 711 2623 900 2697; x_wconf 88' lang='lat' dir='ltr'><strong>felici</strong></span> <span class='ocrx_word' id='word_1_200' title='bbox 951 2628 1020 2697; x_wconf 92' lang='lat' dir='ltr'><strong>iu</strong></span> <span class='ocrx_word' id='word_1_201' title='bbox 1072 2624 1256 2697; x_wconf 87' lang='lat' dir='ltr'><strong>aditu</strong></span> <span class='ocrx_word' id='word_1_202' title='bbox 1321 2634 1391 2697; x_wconf 92' lang='lat' dir='ltr'><strong>et</strong></span> <span class='ocrx_word' id='word_1_203' title='bbox 1458 2623 1678 2696; x_wconf 86' lang='lat' dir='ltr'><strong>reditu</strong></span> <span class='ocrx_word' id='word_1_204' title='bbox 1746 2621 2103 2697; x_wconf 90' lang='lat' dir='ltr'><strong>nobiscum</strong></span> <span class='ocrx_word' id='word_1_205' title='bbox 2171 2621 2580 2720; x_wconf 90' lang='lat' dir='ltr'><strong>procedere,</strong></span> <span class='ocrx_word' id='word_1_206' title='bbox 2651 2624 2961 2697; x_wconf 90' lang='lat' dir='ltr'><strong>diuturna</strong></span> <span class='ocrx_word' id='word_1_207' title='bbox 3031 2646 3303 2720; x_wconf 91' lang='lat' dir='ltr'><strong>quoque</strong></span> <span class='ocrx_word' id='word_1_208' title='bbox 3355 2629 3422 2698; x_wconf 77' lang='lat' dir='ltr'><strong>dt</strong></span> <span class='ocrx_word' id='word_1_209' title='bbox 3472 2632 3822 2697; x_wconf 73' lang='lat' dir='ltr'><strong>nocturna</strong></span> 
     </span>
     <span class='ocr_line' id='line_1_22' title="bbox 510 2726 3808 2823; baseline -0.001 -22"><span class='ocrx_word' id='word_1_210' title='bbox 510 2732 837 2823; x_wconf 89' lang='lat' dir='ltr'><strong>temporis</strong></span> <span class='ocrx_word' id='word_1_211' title='bbox 915 2733 1131 2802; x_wconf 85' lang='lat' dir='ltr'><strong>nostri</strong></span> <span class='ocrx_word' id='word_1_212' title='bbox 1200 2732 1269 2800; x_wconf 90' lang='lat' dir='ltr'><strong>in</strong></span> <span class='ocrx_word' id='word_1_213' title='bbox 1341 2727 1649 2801; x_wconf 88' lang='lat' dir='ltr'><strong>custodia</strong></span> <span class='ocrx_word' id='word_1_214' title='bbox 1719 2731 2120 2823; x_wconf 73' lang='lat' dir='ltr'><strong>persistere,</strong></span> <span class='ocrx_word' id='word_1_215' title='bbox 2191 2750 2583 2823; x_wconf 86' lang='lat' dir='ltr'><strong>gravesque</strong></span> <span class='ocrx_word' id='word_1_216' title='bbox 2668 2726 2946 2802; x_wconf 90' lang='lat' dir='ltr'><strong>labores</strong></span> <span class='ocrx_word' id='word_1_217' title='bbox 3017 2728 3311 2818; x_wconf 86' lang='lat' dir='ltr'><strong>suferre,</strong></span> <span class='ocrx_word' id='word_1_218' title='bbox 3383 2751 3536 2801; x_wconf 89' lang='lat' dir='ltr'><strong>cum</strong></span> <span class='ocrx_word' id='word_1_219' title='bbox 3601 2727 3808 2800; x_wconf 80' lang='lat' dir='ltr'><strong>totali</strong></span> 
     </span>
    </p>
   </div>
   <div class='ocr_carea' id='block_1_3' title="bbox 378 2831 3824 2928">
    <p class='ocr_par' dir='ltr' id='par_1_3' title="bbox 378 2831 3824 2928">
     <span class='ocr_line' id='line_1_23' title="bbox 378 2831 3824 2928; baseline -0.001 -23"><span class='ocrx_word' id='word_1_220' title='bbox 378 2847 385 2854; x_wconf 78' lang='grc'><strong>“</strong></span> <span class='ocrx_word' id='word_1_221' title='bbox 513 2836 757 2928; x_wconf 91' lang='lat' dir='ltr'><strong>quippe</strong></span> <span class='ocrx_word' id='word_1_222' title='bbox 811 2835 1017 2904; x_wconf 90' lang='lat' dir='ltr'><strong>animi</strong></span> <span class='ocrx_word' id='word_1_223' title='bbox 1067 2835 1173 2905; x_wconf 91' lang='lat' dir='ltr'><strong>sui</strong></span> <span class='ocrx_word' id='word_1_224' title='bbox 1224 2832 1532 2921; x_wconf 83' lang='lat' dir='ltr'><strong>fervore,</strong></span> <span class='ocrx_word' id='word_1_225' title='bbox 1613 2832 1975 2928; x_wconf 91' lang='lat' dir='ltr'><strong>claraeque</strong></span> <span class='ocrx_word' id='word_1_226' title='bbox 2050 2831 2546 2923; x_wconf 75' lang='lat' dir='ltr'><strong>sollicitudinis,</strong></span> <span class='ocrx_word' id='word_1_227' title='bbox 2622 2842 2694 2905; x_wconf 91' lang='lat' dir='ltr'><strong>et</strong></span> <span class='ocrx_word' id='word_1_228' title='bbox 2762 2834 3014 2906; x_wconf 87' lang='lat' dir='ltr'><strong>eximia</strong></span> <span class='ocrx_word' id='word_1_229' title='bbox 3093 2831 3435 2906; x_wconf 82' lang='lat' dir='ltr'><strong>fidelitatis</strong></span> <span class='ocrx_word' id='word_1_230' title='bbox 3514 2834 3824 2928; x_wconf 83' lang='lat' dir='ltr'><strong>puritate</strong></span> 
     </span>
    </p>
   </div>
   <div class='ocr_carea' id='block_1_4' title="bbox 496 2932 3825 5544">
    <p class='ocr_par' dir='ltr' id='par_1_4' title="bbox 496 2932 3825 5544">
     <span class='ocr_line' id='line_1_24' title="bbox 514 2932 3810 3033; baseline 0 -26"><span class='ocrx_word' id='word_1_231' title='bbox 514 2935 713 3009; x_wconf 89' lang='lat' dir='ltr'><strong>nobis</strong></span> <span class='ocrx_word' id='word_1_232' title='bbox 767 2932 1019 3010; x_wconf 88' lang='lat' dir='ltr'><strong>adesse</strong></span> <span class='ocrx_word' id='word_1_233' title='bbox 1071 2946 1273 3031; x_wconf 85' lang='lat' dir='ltr'><strong>atque</strong></span> <span class='ocrx_word' id='word_1_234' title='bbox 1324 2939 1709 3010; x_wconf 90' lang='lat' dir='ltr'><strong>ministrare</strong></span> <span class='ocrx_word' id='word_1_235' title='bbox 1759 2957 1898 3009; x_wconf 91' lang='lat' dir='ltr'><strong>non</strong></span> <span class='ocrx_word' id='word_1_236' title='bbox 1952 2932 2300 3009; x_wconf 85' lang='lat' dir='ltr'><strong>dubitavit.</strong></span> <span class='ocrx_word' id='word_1_237' title='bbox 2405 2934 2509 3010; x_wconf 88' lang='lat' dir='ltr'><strong>Ob</strong></span> <span class='ocrx_word' id='word_1_238' title='bbox 2561 2957 2848 3031; x_wconf 91' lang='lat' dir='ltr'><strong>quorum</strong></span> <span class='ocrx_word' id='word_1_239' title='bbox 2895 2940 3127 3032; x_wconf 89' lang='lat' dir='ltr'><strong>itaque</strong></span> <span class='ocrx_word' id='word_1_240' title='bbox 3180 2945 3510 3033; x_wconf 86' lang='lat' dir='ltr'><strong>expertae</strong></span> <span class='ocrx_word' id='word_1_241' title='bbox 3562 2934 3810 3008; x_wconf 82' lang='lat' dir='ltr'><strong>fideli-</strong></span> 
     </span>
     <span class='ocr_line' id='line_1_25' title="bbox 508 3040 3816 3135; baseline 0.001 -25"><span class='ocrx_word' id='word_1_242' title='bbox 508 3044 665 3113; x_wconf 85' lang='lat' dir='ltr'><strong>tatis</strong></span> <span class='ocrx_word' id='word_1_243' title='bbox 712 3043 1160 3113; x_wconf 85' lang='lat' dir='ltr'><strong>constantiam</strong></span> <span class='ocrx_word' id='word_1_244' title='bbox 1216 3050 1284 3112; x_wconf 94' lang='lat' dir='ltr'><strong>et</strong></span> <span class='ocrx_word' id='word_1_245' title='bbox 1337 3043 1768 3114; x_wconf 88' lang='lat' dir='ltr'><strong>servitiorum</strong></span> <span class='ocrx_word' id='word_1_246' title='bbox 1822 3042 2397 3135; x_wconf 87' lang='lat' dir='ltr'><strong>praescriptorum</strong></span> <span class='ocrx_word' id='word_1_247' title='bbox 2443 3044 2709 3129; x_wconf 87' lang='lat' dir='ltr'><strong>merita,</strong></span> <span class='ocrx_word' id='word_1_248' title='bbox 2782 3040 3300 3116; x_wconf 88' lang='lat' dir='ltr'><strong>considerantes</strong></span> <span class='ocrx_word' id='word_1_249' title='bbox 3354 3043 3555 3113; x_wconf 87' lang='lat' dir='ltr'><strong>etiam</strong></span> <span class='ocrx_word' id='word_1_250' title='bbox 3607 3043 3816 3135; x_wconf 82' lang='lat' dir='ltr'><strong>ipsos</strong></span> 
     </span>
     <span class='ocr_line' id='line_1_26' title="bbox 511 3142 3820 3240; baseline 0 -25"><span class='ocrx_word' id='word_1_251' title='bbox 511 3142 599 3215; x_wconf 91' lang='lat' dir='ltr'><strong>de</strong></span> <span class='ocrx_word' id='word_1_252' title='bbox 648 3143 993 3238; x_wconf 82' lang='lat' dir='ltr'><strong>praedicta</strong></span> <span class='ocrx_word' id='word_1_253' title='bbox 1046 3143 1256 3217; x_wconf 91' lang='lat' dir='ltr'><strong>nobili</strong></span> <span class='ocrx_word' id='word_1_254' title='bbox 1326 3143 1729 3219; x_wconf 89' lang='lat' dir='ltr'><strong>Ursinorum</strong></span> <span class='ocrx_word' id='word_1_255' title='bbox 1779 3148 2097 3240; x_wconf 90' lang='lat' dir='ltr'><strong>prosapia</strong></span> <span class='ocrx_word' id='word_1_256' title='bbox 2176 3154 2593 3240; x_wconf 90' lang='lat' dir='ltr'><strong>propagatos</strong></span> <span class='ocrx_word' id='word_1_257' title='bbox 2666 3144 2846 3234; x_wconf 86' lang='lat' dir='ltr'><strong>fore,</strong></span> <span class='ocrx_word' id='word_1_258' title='bbox 2920 3144 3356 3238; x_wconf 88' lang='lat' dir='ltr'><strong>Baboneg</strong></span> <span class='ocrx_word' id='word_1_259' title='bbox 3421 3153 3509 3217; x_wconf 91' lang='lat' dir='ltr'><strong>et</strong></span> <span class='ocrx_word' id='word_1_260' title='bbox 3577 3142 3820 3216; x_wconf 87' lang='lat' dir='ltr'><strong>Ste-</strong></span> 
     </span>
     <span class='ocr_line' id='line_1_27' title="bbox 506 3247 3825 3345; baseline 0.001 -26"><span class='ocrx_word' id='word_1_261' title='bbox 506 3247 886 3341; x_wconf 90' lang='lat' dir='ltr'><strong>phanum</strong></span> <span class='ocrx_word' id='word_1_262' title='bbox 940 3247 1288 3323; x_wconf 86' lang='lat' dir='ltr'><strong>fratres</strong></span> <span class='ocrx_word' id='word_1_263' title='bbox 1341 3249 1888 3345; x_wconf 88' lang='lat' dir='ltr'><strong>praedictos</strong></span> <span class='ocrx_word' id='word_1_264' title='bbox 1940 3252 2379 3345; x_wconf 90' lang='lat' dir='ltr'><strong>ipsorumque</strong></span> <span class='ocrx_word' id='word_1_265' title='bbox 2432 3247 2772 3323; x_wconf 90' lang='lat' dir='ltr'><strong>haederes</strong></span> <span class='ocrx_word' id='word_1_266' title='bbox 2802 3272 2885 3321; x_wconf 91' lang='lat' dir='ltr'><strong>ac</strong></span> <span class='ocrx_word' id='word_1_267' title='bbox 2927 3270 3378 3324; x_wconf 89' lang='lat' dir='ltr'><strong>successores</strong></span> <span class='ocrx_word' id='word_1_268' title='bbox 3414 3250 3825 3338; x_wconf 84' lang='lat' dir='ltr'><strong>universos,</strong></span> 
     </span>
     <span class='ocr_line' id='line_1_28' title="bbox 506 3349 3820 3450; baseline 0 -27"><span class='ocrx_word' id='word_1_269' title='bbox 506 3354 578 3423; x_wconf 90' lang='lat' dir='ltr'><strong>in</strong></span> <span class='ocrx_word' id='word_1_270' title='bbox 655 3350 1088 3447; x_wconf 87' lang='lat' dir='ltr'><strong>praefato</strong></span> <span class='ocrx_word' id='word_1_271' title='bbox 1170 3374 1476 3425; x_wconf 91' lang='lat' dir='ltr'><strong>eorum</strong></span> <span class='ocrx_word' id='word_1_272' title='bbox 1553 3352 1975 3426; x_wconf 89' lang='lat' dir='ltr'><strong>Dominio</strong></span> <span class='ocrx_word' id='word_1_273' title='bbox 2057 3351 2518 3441; x_wconf 88' lang='lat' dir='ltr'><strong>Vodicha,</strong></span> <span class='ocrx_word' id='word_1_274' title='bbox 2592 3352 2771 3449; x_wconf 91' lang='lat' dir='ltr'><strong>quod</strong></span> <span class='ocrx_word' id='word_1_275' title='bbox 2820 3356 2976 3450; x_wconf 87' lang='lat' dir='ltr'><strong>piae</strong></span> <span class='ocrx_word' id='word_1_276' title='bbox 3040 3355 3414 3426; x_wconf 90' lang='lat' dir='ltr'><strong>memoriae</strong></span> <span class='ocrx_word' id='word_1_277' title='bbox 3468 3349 3820 3447; x_wconf 88' lang='lat' dir='ltr'><strong>quondam</strong></span> 
     </span>
     <span class='ocr_line' id='line_1_29' title="bbox 506 3453 3822 3552; baseline 0.001 -26"><span class='ocrx_word' id='word_1_278' title='bbox 506 3454 844 3529; x_wconf 90' lang='lat' dir='ltr'><strong>Henricus</strong></span> <span class='ocrx_word' id='word_1_279' title='bbox 895 3454 1079 3546; x_wconf 86' lang='lat' dir='ltr'><strong>Rex,</strong></span> <span class='ocrx_word' id='word_1_280' title='bbox 1131 3466 1370 3530; x_wconf 91' lang='lat' dir='ltr'><strong>noster</strong></span> <span class='ocrx_word' id='word_1_281' title='bbox 1421 3456 1959 3547; x_wconf 89' lang='lat' dir='ltr'><strong>Praedecessor,</strong></span> <span class='ocrx_word' id='word_1_282' title='bbox 2033 3457 2121 3528; x_wconf 94' lang='lat' dir='ltr'><strong>de</strong></span> <span class='ocrx_word' id='word_1_283' title='bbox 2180 3453 2678 3531; x_wconf 76' lang='lat' dir='ltr'><strong>commissione</strong></span> <span class='ocrx_word' id='word_1_284' title='bbox 2733 3458 3072 3552; x_wconf 90' lang='lat' dir='ltr'><strong>quondam</strong></span> <span class='ocrx_word' id='word_1_285' title='bbox 3121 3454 3257 3530; x_wconf 90' lang='lat' dir='ltr'><strong>divi</strong></span> <span class='ocrx_word' id='word_1_286' title='bbox 3304 3455 3519 3549; x_wconf 87' lang='lat' dir='ltr'><strong>Regis</strong></span> <span class='ocrx_word' id='word_1_287' title='bbox 3590 3454 3822 3528; x_wconf 85' lang='lat' dir='ltr'><strong>Belae</strong></span> 
     </span>
     <span class='ocr_line' id='line_1_30' title="bbox 506 3557 3822 3657; baseline 0.001 -28"><span class='ocrx_word' id='word_1_288' title='bbox 506 3563 717 3654; x_wconf 90' lang='lat' dir='ltr'><strong>patris</strong></span> <span class='ocrx_word' id='word_1_289' title='bbox 773 3561 907 3649; x_wconf 85' lang='lat' dir='ltr'><strong>sui,</strong></span> <span class='ocrx_word' id='word_1_290' title='bbox 960 3559 1142 3632; x_wconf 89' lang='lat' dir='ltr'><strong>dicto</strong></span> <span class='ocrx_word' id='word_1_291' title='bbox 1197 3559 1536 3655; x_wconf 90' lang='lat' dir='ltr'><strong>quondam</strong></span> <span class='ocrx_word' id='word_1_292' title='bbox 1608 3557 1854 3633; x_wconf 84' lang='lat' dir='ltr'><strong>Comiti</strong></span> <span class='ocrx_word' id='word_1_293' title='bbox 1923 3559 2273 3657; x_wconf 88' lang='lat' dir='ltr'><strong>Stephano</strong></span> <span class='ocrx_word' id='word_1_294' title='bbox 2347 3560 2432 3632; x_wconf 94' lang='lat' dir='ltr'><strong>de</strong></span> <span class='ocrx_word' id='word_1_295' title='bbox 2505 3560 2798 3633; x_wconf 90' lang='lat' dir='ltr'><strong>Goricba</strong></span> <span class='ocrx_word' id='word_1_296' title='bbox 2869 3571 2939 3633; x_wconf 92' lang='lat' dir='ltr'><strong>et</strong></span> <span class='ocrx_word' id='word_1_297' title='bbox 2989 3564 3132 3634; x_wconf 91' lang='lat' dir='ltr'><strong>suis</strong></span> <span class='ocrx_word' id='word_1_298' title='bbox 3201 3558 3608 3633; x_wconf 86' lang='lat' dir='ltr'><strong>haeredibus</strong></span> <span class='ocrx_word' id='word_1_299' title='bbox 3678 3580 3822 3656; x_wconf 89' lang='lat' dir='ltr'><strong>pro</strong></span> 
     </span>
     <span class='ocr_line' id='line_1_31' title="bbox 506 3660 3822 3760; baseline 0 -27"><span class='ocrx_word' id='word_1_300' title='bbox 506 3660 818 3736; x_wconf 88' lang='lat' dir='ltr'><strong>fidelibus</strong></span> <span class='ocrx_word' id='word_1_301' title='bbox 873 3667 1304 3736; x_wconf 86' lang='lat' dir='ltr'><strong>servitiorum</strong></span> <span class='ocrx_word' id='word_1_302' title='bbox 1362 3686 1639 3738; x_wconf 91' lang='lat' dir='ltr'><strong>suorum</strong></span> <span class='ocrx_word' id='word_1_303' title='bbox 1690 3667 1975 3755; x_wconf 89' lang='lat' dir='ltr'><strong>meritis,</strong></span> <span class='ocrx_word' id='word_1_304' title='bbox 2027 3674 2100 3738; x_wconf 88' lang='lat' dir='ltr'><strong>ut</strong></span> <span class='ocrx_word' id='word_1_305' title='bbox 2152 3686 2246 3736; x_wconf 87' lang='lat' dir='ltr'><strong>ex</strong></span> <span class='ocrx_word' id='word_1_306' title='bbox 2295 3673 2538 3737; x_wconf 89' lang='lat' dir='ltr'><strong>tenore</strong></span> <span class='ocrx_word' id='word_1_307' title='bbox 2590 3667 2803 3760; x_wconf 91' lang='lat' dir='ltr'><strong>ipsius</strong></span> <span class='ocrx_word' id='word_1_308' title='bbox 2846 3663 3124 3737; x_wconf 91' lang='lat' dir='ltr'><strong>Henrici</strong></span> <span class='ocrx_word' id='word_1_309' title='bbox 3165 3663 3383 3758; x_wconf 86' lang='lat' dir='ltr'><strong>Regis</strong></span> <span class='ocrx_word' id='word_1_310' title='bbox 3433 3664 3822 3736; x_wconf 82' lang='lat' dir='ltr'><strong>litterarum</strong></span> 
     </span>
     <span class='ocr_line' id='line_1_32' title="bbox 508 3766 3822 3864; baseline 0 -26"><span class='ocrx_word' id='word_1_311' title='bbox 508 3767 937 3859; x_wconf 89' lang='lat' dir='ltr'><strong>collegimus,</strong></span> <span class='ocrx_word' id='word_1_312' title='bbox 1015 3770 1084 3839; x_wconf 91' lang='lat' dir='ltr'><strong>in</strong></span> <span class='ocrx_word' id='word_1_313' title='bbox 1135 3777 1530 3864; x_wconf 88' lang='lat' dir='ltr'><strong>perpetuum</strong></span> <span class='ocrx_word' id='word_1_314' title='bbox 1609 3766 1891 3841; x_wconf 90' lang='lat' dir='ltr'><strong>dedisse</strong></span> <span class='ocrx_word' id='word_1_315' title='bbox 1967 3777 2286 3857; x_wconf 83' lang='lat' dir='ltr'><strong>testatur3</strong></span> <span class='ocrx_word' id='word_1_316' title='bbox 2365 3769 2679 3864; x_wconf 92' lang='lat' dir='ltr'><strong>quodque</strong></span> <span class='ocrx_word' id='word_1_317' title='bbox 2740 3768 3130 3842; x_wconf 91' lang='lat' dir='ltr'><strong>Dominium</strong></span> <span class='ocrx_word' id='word_1_318' title='bbox 3183 3789 3313 3841; x_wconf 89' lang='lat' dir='ltr'><strong>nos</strong></span> <span class='ocrx_word' id='word_1_319' title='bbox 3369 3770 3521 3860; x_wconf 91' lang='lat' dir='ltr'><strong>ejus</strong></span> <span class='ocrx_word' id='word_1_320' title='bbox 3572 3788 3822 3839; x_wconf 89' lang='lat' dir='ltr'><strong>novae</strong></span> 
     </span>
     <span class='ocr_line' id='line_1_33' title="bbox 505 3870 3817 3968; baseline 0 -27"><span class='ocrx_word' id='word_1_321' title='bbox 505 3880 784 3944; x_wconf 90' lang='lat' dir='ltr'><strong>nostrae</strong></span> <span class='ocrx_word' id='word_1_322' title='bbox 839 3870 1224 3945; x_wconf 90' lang='lat' dir='ltr'><strong>donationis</strong></span> <span class='ocrx_word' id='word_1_323' title='bbox 1275 3876 1551 3944; x_wconf 91' lang='lat' dir='ltr'><strong>nomine</strong></span> <span class='ocrx_word' id='word_1_324' title='bbox 1632 3871 1885 3961; x_wconf 86' lang='lat' dir='ltr'><strong>denuo,</strong></span> <span class='ocrx_word' id='word_1_325' title='bbox 1968 3872 2055 3944; x_wconf 94' lang='lat' dir='ltr'><strong>ad</strong></span> <span class='ocrx_word' id='word_1_326' title='bbox 2130 3872 2564 3944; x_wconf 89' lang='lat' dir='ltr'><strong>humillimam</strong></span> <span class='ocrx_word' id='word_1_327' title='bbox 2618 3876 2916 3967; x_wconf 89' lang='lat' dir='ltr'><strong>ipsorum</strong></span> <span class='ocrx_word' id='word_1_328' title='bbox 2973 3874 3557 3968; x_wconf 90' lang='lat' dir='ltr'><strong>supplicationem,</strong></span> <span class='ocrx_word' id='word_1_329' title='bbox 3635 3874 3817 3942; x_wconf 90' lang='lat' dir='ltr'><strong>uni-</strong></span> 
     </span>
     <span class='ocr_line' id='line_1_34' title="bbox 502 3974 3820 4073; baseline 0.001 -29"><span class='ocrx_word' id='word_1_330' title='bbox 502 3980 734 4048; x_wconf 85' lang='lat' dir='ltr'><strong>versis</strong></span> <span class='ocrx_word' id='word_1_331' title='bbox 785 3978 988 4047; x_wconf 91' lang='lat' dir='ltr'><strong>etiam</strong></span> <span class='ocrx_word' id='word_1_332' title='bbox 1038 3974 1447 4049; x_wconf 88' lang='lat' dir='ltr'><strong>haeredibus</strong></span> <span class='ocrx_word' id='word_1_333' title='bbox 1501 3984 1573 4047; x_wconf 89' lang='lat' dir='ltr'><strong>et</strong></span> <span class='ocrx_word' id='word_1_334' title='bbox 1624 3975 2145 4049; x_wconf 88' lang='lat' dir='ltr'><strong>successoribus</strong></span> <span class='ocrx_word' id='word_1_335' title='bbox 2200 3999 2437 4048; x_wconf 90' lang='lat' dir='ltr'><strong>eorum</strong></span> <span class='ocrx_word' id='word_1_336' title='bbox 2488 3980 2881 4073; x_wconf 90' lang='lat' dir='ltr'><strong>perenniter</strong></span> <span class='ocrx_word' id='word_1_337' title='bbox 2933 3976 3174 4050; x_wconf 89' lang='lat' dir='ltr'><strong>dantes</strong></span> <span class='ocrx_word' id='word_1_338' title='bbox 3212 3985 3413 4071; x_wconf 87' lang='lat' dir='ltr'><strong>atque</strong></span> <span class='ocrx_word' id='word_1_339' title='bbox 3466 3974 3820 4049; x_wconf 78' lang='lat' dir='ltr'><strong>donantes</strong></span> 
     </span>
     <span class='ocr_line' id='line_1_35' title="bbox 505 4077 3818 4176; baseline 0.001 -27"><span class='ocrx_word' id='word_1_340' title='bbox 505 4077 1009 4168; x_wconf 87' lang='lat' dir='ltr'><strong>confirmamus,</strong></span> <span class='ocrx_word' id='word_1_341' title='bbox 1065 4102 1198 4151; x_wconf 94' lang='lat' dir='ltr'><strong>nec</strong></span> <span class='ocrx_word' id='word_1_342' title='bbox 1250 4102 1386 4153; x_wconf 91' lang='lat' dir='ltr'><strong>non</strong></span> <span class='ocrx_word' id='word_1_343' title='bbox 1439 4083 1717 4176; x_wconf 90' lang='lat' dir='ltr'><strong>insuper</strong></span> <span class='ocrx_word' id='word_1_344' title='bbox 1786 4090 1855 4153; x_wconf 91' lang='lat' dir='ltr'><strong>et</strong></span> <span class='ocrx_word' id='word_1_345' title='bbox 1906 4084 1975 4153; x_wconf 92' lang='lat' dir='ltr'><strong>in</strong></span> <span class='ocrx_word' id='word_1_346' title='bbox 2030 4083 2326 4154; x_wconf 86' lang='lat' dir='ltr'><strong>caeteris</strong></span> <span class='ocrx_word' id='word_1_347' title='bbox 2396 4079 2951 4176; x_wconf 88' lang='lat' dir='ltr'><strong>possessionibus</strong></span> <span class='ocrx_word' id='word_1_348' title='bbox 3022 4077 3373 4175; x_wconf 87' lang='lat' dir='ltr'><strong>quibusvis</strong></span> <span class='ocrx_word' id='word_1_349' title='bbox 3434 4101 3560 4175; x_wconf 91' lang='lat' dir='ltr'><strong>per</strong></span> <span class='ocrx_word' id='word_1_350' title='bbox 3609 4081 3818 4174; x_wconf 87' lang='lat' dir='ltr'><strong>ipsos</strong></span> 
     </span>
     <span class='ocr_line' id='line_1_36' title="bbox 502 4182 3812 4281; baseline 0 -26"><span class='ocrx_word' id='word_1_351' title='bbox 502 4184 620 4255; x_wconf 89' lang='lat' dir='ltr'><strong>vel</strong></span> <span class='ocrx_word' id='word_1_352' title='bbox 678 4206 913 4256; x_wconf 90' lang='lat' dir='ltr'><strong>eorum</strong></span> <span class='ocrx_word' id='word_1_353' title='bbox 968 4182 1308 4258; x_wconf 87' lang='lat' dir='ltr'><strong>haeredes</strong></span> <span class='ocrx_word' id='word_1_354' title='bbox 1371 4193 1441 4257; x_wconf 88' lang='lat' dir='ltr'><strong>et</strong></span> <span class='ocrx_word' id='word_1_355' title='bbox 1490 4187 1927 4280; x_wconf 88' lang='lat' dir='ltr'><strong>posteritates</strong></span> <span class='ocrx_word' id='word_1_356' title='bbox 1995 4188 2344 4279; x_wconf 85' lang='lat' dir='ltr'><strong>acquisitis</strong></span> <span class='ocrx_word' id='word_1_357' title='bbox 2415 4194 2616 4281; x_wconf 87' lang='lat' dir='ltr'><strong>atque</strong></span> <span class='ocrx_word' id='word_1_358' title='bbox 2688 4184 3143 4279; x_wconf 87' lang='lat' dir='ltr'><strong>acquirendis,</strong></span> <span class='ocrx_word' id='word_1_359' title='bbox 3215 4204 3435 4280; x_wconf 91' lang='lat' dir='ltr'><strong>aequo</strong></span> <span class='ocrx_word' id='word_1_360' title='bbox 3491 4192 3560 4255; x_wconf 93' lang='lat' dir='ltr'><strong>et</strong></span> <span class='ocrx_word' id='word_1_361' title='bbox 3605 4185 3812 4274; x_wconf 84' lang='lat' dir='ltr'><strong>justo</strong></span> 
     </span>
     <span class='ocr_line' id='line_1_37' title="bbox 500 4286 3814 4383; baseline 0 -26"><span class='ocrx_word' id='word_1_362' title='bbox 500 4308 723 4375; x_wconf 86' lang='lat' dir='ltr'><strong>more,</strong></span> <span class='ocrx_word' id='word_1_363' title='bbox 779 4291 1179 4359; x_wconf 86' lang='lat' dir='ltr'><strong>auctoritate</strong></span> <span class='ocrx_word' id='word_1_364' title='bbox 1234 4288 1432 4383; x_wconf 85' lang='lat' dir='ltr'><strong>plena</strong></span> <span class='ocrx_word' id='word_1_365' title='bbox 1487 4311 1571 4360; x_wconf 92' lang='lat' dir='ltr'><strong>ac</strong></span> <span class='ocrx_word' id='word_1_366' title='bbox 1622 4297 1961 4382; x_wconf 86' lang='lat' dir='ltr'><strong>potestate</strong></span> <span class='ocrx_word' id='word_1_367' title='bbox 2024 4299 2257 4363; x_wconf 91' lang='lat' dir='ltr'><strong>nostra</strong></span> <span class='ocrx_word' id='word_1_368' title='bbox 2327 4287 2575 4382; x_wconf 86' lang='lat' dir='ltr'><strong>Regia,</strong></span> <span class='ocrx_word' id='word_1_369' title='bbox 2647 4288 2907 4360; x_wconf 87' lang='lat' dir='ltr'><strong>Solium</strong></span> <span class='ocrx_word' id='word_1_370' title='bbox 2985 4286 3249 4381; x_wconf 83' lang='lat' dir='ltr'><strong>Regale</strong></span> <span class='ocrx_word' id='word_1_371' title='bbox 3331 4286 3814 4377; x_wconf 83' lang='lat' dir='ltr'><strong>considentes,</strong></span> 
     </span>
     <span class='ocr_line' id='line_1_38' title="bbox 499 4388 3820 4487; baseline 0.001 -26"><span class='ocrx_word' id='word_1_372' title='bbox 499 4391 788 4466; x_wconf 90' lang='lat' dir='ltr'><strong>Prelatis</strong></span> <span class='ocrx_word' id='word_1_373' title='bbox 842 4401 1043 4486; x_wconf 90' lang='lat' dir='ltr'><strong>atque</strong></span> <span class='ocrx_word' id='word_1_374' title='bbox 1079 4391 1463 4466; x_wconf 89' lang='lat' dir='ltr'><strong>Baronibus</strong></span> <span class='ocrx_word' id='word_1_375' title='bbox 1518 4402 1587 4464; x_wconf 93' lang='lat' dir='ltr'><strong>et</strong></span> <span class='ocrx_word' id='word_1_376' title='bbox 1621 4391 2033 4464; x_wconf 92' lang='lat' dir='ltr'><strong>Proceribus</strong></span> <span class='ocrx_word' id='word_1_377' title='bbox 2089 4415 2256 4485; x_wconf 88' lang='lat' dir='ltr'><strong>erga</strong></span> <span class='ocrx_word' id='word_1_378' title='bbox 2309 4413 2442 4465; x_wconf 91' lang='lat' dir='ltr'><strong>nos</strong></span> <span class='ocrx_word' id='word_1_379' title='bbox 2494 4392 2942 4466; x_wconf 88' lang='lat' dir='ltr'><strong>existentibus</strong></span> <span class='ocrx_word' id='word_1_380' title='bbox 2994 4394 3161 4487; x_wconf 90' lang='lat' dir='ltr'><strong>ipsis</strong></span> <span class='ocrx_word' id='word_1_381' title='bbox 3215 4388 3665 4464; x_wconf 87' lang='lat' dir='ltr'><strong>annuentibus</strong></span> <span class='ocrx_word' id='word_1_382' title='bbox 3722 4413 3820 4463; x_wconf 88' lang='lat' dir='ltr'><strong>ac</strong></span> 
     </span>
     <span class='ocr_line' id='line_1_39' title="bbox 503 4493 3824 4590; baseline 0.001 -26"><span class='ocrx_word' id='word_1_383' title='bbox 503 4516 741 4567; x_wconf 89' lang='lat' dir='ltr'><strong>eorum</strong></span> <span class='ocrx_word' id='word_1_384' title='bbox 797 4494 883 4566; x_wconf 94' lang='lat' dir='ltr'><strong>de</strong></span> <span class='ocrx_word' id='word_1_385' title='bbox 924 4505 1184 4567; x_wconf 87' lang='lat' dir='ltr'><strong>maturo</strong></span> <span class='ocrx_word' id='word_1_386' title='bbox 1240 4497 1555 4584; x_wconf 87' lang='lat' dir='ltr'><strong>consilio,</strong></span> <span class='ocrx_word' id='word_1_387' title='bbox 1607 4493 1898 4568; x_wconf 82' lang='lat' dir='ltr'><strong>facimus</strong></span> <span class='ocrx_word' id='word_1_388' title='bbox 1951 4504 2155 4589; x_wconf 89' lang='lat' dir='ltr'><strong>atque</strong></span> <span class='ocrx_word' id='word_1_389' title='bbox 2210 4516 2552 4585; x_wconf 61' lang='lat' dir='ltr'><strong>creamus,</strong></span> <span class='ocrx_word' id='word_1_390' title='bbox 2604 4494 3029 4590; x_wconf 88' lang='lat' dir='ltr'><strong>fecimusque</strong></span> <span class='ocrx_word' id='word_1_391' title='bbox 3075 4500 3140 4568; x_wconf 74' lang='lat' dir='ltr'><strong>dc</strong></span> <span class='ocrx_word' id='word_1_392' title='bbox 3168 4499 3581 4585; x_wconf 90' lang='lat' dir='ltr'><strong>creavimus,</strong></span> <span class='ocrx_word' id='word_1_393' title='bbox 3635 4495 3824 4566; x_wconf 89' lang='lat' dir='ltr'><strong>tituli</strong></span> 
     </span>
     <span class='ocr_line' id='line_1_40' title="bbox 499 4596 3822 4693; baseline 0.001 -26"><span class='ocrx_word' id='word_1_394' title='bbox 499 4601 654 4668; x_wconf 86' lang='lat' dir='ltr'><strong>veri</strong></span> <span class='ocrx_word' id='word_1_395' title='bbox 707 4597 947 4671; x_wconf 87' lang='lat' dir='ltr'><strong>illibati</strong></span> <span class='ocrx_word' id='word_1_396' title='bbox 1017 4609 1087 4671; x_wconf 89' lang='lat' dir='ltr'><strong>et</strong></span> <span class='ocrx_word' id='word_1_397' title='bbox 1156 4603 1388 4671; x_wconf 88' lang='lat' dir='ltr'><strong>eximii</strong></span> <span class='ocrx_word' id='word_1_398' title='bbox 1452 4596 1860 4672; x_wconf 83' lang='lat' dir='ltr'><strong>Comites</strong></span> <span class='ocrx_word' id='word_1_399' title='bbox 1938 4598 2351 4688; x_wconf 81' lang='lat' dir='ltr'><strong>liberos3</strong></span> <span class='ocrx_word' id='word_1_400' title='bbox 2428 4600 2655 4672; x_wconf 90' lang='lat' dir='ltr'><strong>taliter</strong></span> <span class='ocrx_word' id='word_1_401' title='bbox 2732 4609 2801 4672; x_wconf 93' lang='lat' dir='ltr'><strong>et</strong></span> <span class='ocrx_word' id='word_1_402' title='bbox 2859 4599 3064 4690; x_wconf 86' lang='lat' dir='ltr'><strong>adeo,</strong></span> <span class='ocrx_word' id='word_1_403' title='bbox 3136 4620 3357 4693; x_wconf 92' lang='lat' dir='ltr'><strong>eoque</strong></span> <span class='ocrx_word' id='word_1_404' title='bbox 3429 4597 3662 4686; x_wconf 88' lang='lat' dir='ltr'><strong>modo,</strong></span> <span class='ocrx_word' id='word_1_405' title='bbox 3734 4607 3822 4671; x_wconf 89' lang='lat' dir='ltr'><strong>ut</strong></span> 
     </span>
     <span class='ocr_line' id='line_1_41' title="bbox 505 4702 3822 4798; baseline 0.002 -28"><span class='ocrx_word' id='word_1_406' title='bbox 505 4702 633 4794; x_wconf 91' lang='lat' dir='ltr'><strong>ipsi</strong></span> <span class='ocrx_word' id='word_1_407' title='bbox 668 4704 737 4772; x_wconf 92' lang='lat' dir='ltr'><strong>in</strong></span> <span class='ocrx_word' id='word_1_408' title='bbox 774 4712 1171 4797; x_wconf 90' lang='lat' dir='ltr'><strong>perpetuum</strong></span> <span class='ocrx_word' id='word_1_409' title='bbox 1222 4712 1377 4775; x_wconf 89' lang='lat' dir='ltr'><strong>rato</strong></span> <span class='ocrx_word' id='word_1_410' title='bbox 1432 4702 1876 4775; x_wconf 88' lang='lat' dir='ltr'><strong>ordinationis</strong></span> <span class='ocrx_word' id='word_1_411' title='bbox 1931 4712 2003 4774; x_wconf 93' lang='lat' dir='ltr'><strong>et</strong></span> <span class='ocrx_word' id='word_1_412' title='bbox 2043 4706 2477 4776; x_wconf 88' lang='lat' dir='ltr'><strong>institutionis</strong></span> <span class='ocrx_word' id='word_1_413' title='bbox 2531 4727 2617 4776; x_wconf 93' lang='lat' dir='ltr'><strong>ac</strong></span> <span class='ocrx_word' id='word_1_414' title='bbox 2651 4706 3018 4777; x_wconf 86' lang='lat' dir='ltr'><strong>creationis</strong></span> <span class='ocrx_word' id='word_1_415' title='bbox 3070 4712 3351 4777; x_wconf 90' lang='lat' dir='ltr'><strong>nostrae</strong></span> <span class='ocrx_word' id='word_1_416' title='bbox 3403 4711 3822 4798; x_wconf 84' lang='lat' dir='ltr'><strong>prenotatae</strong></span> 
     </span>
     <span class='ocr_line' id='line_1_42' title="bbox 497 4806 3824 4902; baseline 0.001 -27"><span class='ocrx_word' id='word_1_417' title='bbox 497 4807 746 4897; x_wconf 86' lang='lat' dir='ltr'><strong>vigore</strong></span> <span class='ocrx_word' id='word_1_418' title='bbox 801 4806 1177 4880; x_wconf 89' lang='lat' dir='ltr'><strong>mediantes</strong></span> <span class='ocrx_word' id='word_1_419' title='bbox 1230 4808 1498 4902; x_wconf 90' lang='lat' dir='ltr'><strong>possint</strong></span> <span class='ocrx_word' id='word_1_420' title='bbox 1554 4815 1755 4901; x_wconf 92' lang='lat' dir='ltr'><strong>atque</strong></span> <span class='ocrx_word' id='word_1_421' title='bbox 1807 4807 2087 4879; x_wconf 90' lang='lat' dir='ltr'><strong>valeant</strong></span> <span class='ocrx_word' id='word_1_422' title='bbox 2133 4806 2502 4880; x_wconf 90' lang='lat' dir='ltr'><strong>liberaliter</strong></span> <span class='ocrx_word' id='word_1_423' title='bbox 2554 4811 2675 4899; x_wconf 87' lang='lat' dir='ltr'><strong>uti,</strong></span> <span class='ocrx_word' id='word_1_424' title='bbox 2727 4807 2861 4880; x_wconf 86' lang='lat' dir='ltr'><strong>frui</strong></span> <span class='ocrx_word' id='word_1_425' title='bbox 2914 4816 3115 4902; x_wconf 90' lang='lat' dir='ltr'><strong>atque</strong></span> <span class='ocrx_word' id='word_1_426' title='bbox 3169 4808 3566 4881; x_wconf 86' lang='lat' dir='ltr'><strong>solemniter</strong></span> <span class='ocrx_word' id='word_1_427' title='bbox 3617 4827 3824 4900; x_wconf 88' lang='lat' dir='ltr'><strong>gau-</strong></span> 
     </span>
     <span class='ocr_line' id='line_1_43' title="bbox 501 4909 3824 5006; baseline 0 -25"><span class='ocrx_word' id='word_1_428' title='bbox 501 4909 695 5000; x_wconf 89' lang='lat' dir='ltr'><strong>dere,</strong></span> <span class='ocrx_word' id='word_1_429' title='bbox 766 4909 1050 5002; x_wconf 88' lang='lat' dir='ltr'><strong>singulis</strong></span> <span class='ocrx_word' id='word_1_430' title='bbox 1106 4919 1305 5004; x_wconf 90' lang='lat' dir='ltr'><strong>atque</strong></span> <span class='ocrx_word' id='word_1_431' title='bbox 1359 4913 1701 4984; x_wconf 88' lang='lat' dir='ltr'><strong>universis</strong></span> <span class='ocrx_word' id='word_1_432' title='bbox 1753 4910 2027 4997; x_wconf 89' lang='lat' dir='ltr'><strong>ritibus,</strong></span> <span class='ocrx_word' id='word_1_433' title='bbox 2083 4910 2630 5001; x_wconf 86' lang='lat' dir='ltr'><strong>immunitatibus,</strong></span> <span class='ocrx_word' id='word_1_434' title='bbox 2681 4933 3160 5006; x_wconf 81' lang='lat' dir='ltr'><strong>generosaque</strong></span> <span class='ocrx_word' id='word_1_435' title='bbox 3190 4909 3597 4984; x_wconf 88' lang='lat' dir='ltr'><strong>conditionis</strong></span> <span class='ocrx_word' id='word_1_436' title='bbox 3623 4931 3824 5005; x_wconf 82' lang='lat' dir='ltr'><strong>pro-</strong></span> 
     </span>
     <span class='ocr_line' id='line_1_44' title="bbox 502 5013 3818 5110; baseline 0.001 -26"><span class='ocrx_word' id='word_1_437' title='bbox 502 5017 810 5101; x_wconf 89' lang='lat' dir='ltr'><strong>ceritate,</strong></span> <span class='ocrx_word' id='word_1_438' title='bbox 867 5034 998 5084; x_wconf 91' lang='lat' dir='ltr'><strong>uec</strong></span> <span class='ocrx_word' id='word_1_439' title='bbox 1042 5034 1178 5085; x_wconf 91' lang='lat' dir='ltr'><strong>non</strong></span> <span class='ocrx_word' id='word_1_440' title='bbox 1236 5018 1624 5109; x_wconf 89' lang='lat' dir='ltr'><strong>quarumvis</strong></span> <span class='ocrx_word' id='word_1_441' title='bbox 1676 5013 2061 5088; x_wconf 82' lang='lat' dir='ltr'><strong>libertatum</strong></span> <span class='ocrx_word' id='word_1_442' title='bbox 2111 5018 2445 5109; x_wconf 69' lang='lat' dir='ltr'><strong>maiorum</strong></span> <span class='ocrx_word' id='word_1_443' title='bbox 2497 5025 2567 5088; x_wconf 92' lang='lat' dir='ltr'><strong>et</strong></span> <span class='ocrx_word' id='word_1_444' title='bbox 2617 5020 2977 5102; x_wconf 86' lang='lat' dir='ltr'><strong>minorum,</strong></span> <span class='ocrx_word' id='word_1_445' title='bbox 3031 5016 3453 5110; x_wconf 86' lang='lat' dir='ltr'><strong>generalium</strong></span> <span class='ocrx_word' id='word_1_446' title='bbox 3491 5024 3560 5087; x_wconf 89' lang='lat' dir='ltr'><strong>et</strong></span> <span class='ocrx_word' id='word_1_447' title='bbox 3584 5036 3818 5110; x_wconf 87' lang='lat' dir='ltr'><strong>prae-</strong></span> 
     </span>
     <span class='ocr_line' id='line_1_45' title="bbox 502 5119 3822 5216; baseline 0.001 -28"><span class='ocrx_word' id='word_1_448' title='bbox 502 5120 874 5213; x_wconf 88' lang='lat' dir='ltr'><strong>cipuarum,</strong></span> <span class='ocrx_word' id='word_1_449' title='bbox 946 5119 1508 5212; x_wconf 80' lang='lat' dir='ltr'><strong>eximiorumque,</strong></span> <span class='ocrx_word' id='word_1_450' title='bbox 1588 5123 2089 5215; x_wconf 83' lang='lat' dir='ltr'><strong>praerogativis</strong></span> <span class='ocrx_word' id='word_1_451' title='bbox 2164 5130 2365 5216; x_wconf 89' lang='lat' dir='ltr'><strong>atque</strong></span> <span class='ocrx_word' id='word_1_452' title='bbox 2435 5123 2715 5214; x_wconf 85' lang='lat' dir='ltr'><strong>gratiis,</strong></span> <span class='ocrx_word' id='word_1_453' title='bbox 2787 5119 3027 5214; x_wconf 90' lang='lat' dir='ltr'><strong>quibus</strong></span> <span class='ocrx_word' id='word_1_454' title='bbox 3097 5123 3464 5215; x_wconf 89' lang='lat' dir='ltr'><strong>praecipue</strong></span> <span class='ocrx_word' id='word_1_455' title='bbox 3545 5123 3822 5192; x_wconf 87' lang='lat' dir='ltr'><strong>caeteri</strong></span> 
     </span>
     <span class='ocr_line' id='line_1_46' title="bbox 500 5221 3824 5319; baseline 0.002 -26"><span class='ocrx_word' id='word_1_456' title='bbox 500 5222 837 5318; x_wconf 89' lang='lat' dir='ltr'><strong>quidpiam</strong></span> <span class='ocrx_word' id='word_1_457' title='bbox 889 5225 1065 5312; x_wconf 89' lang='lat' dir='ltr'><strong>veri,</strong></span> <span class='ocrx_word' id='word_1_458' title='bbox 1122 5225 1355 5294; x_wconf 92' lang='lat' dir='ltr'><strong>eximii</strong></span> <span class='ocrx_word' id='word_1_459' title='bbox 1409 5246 1492 5295; x_wconf 90' lang='lat' dir='ltr'><strong>ac</strong></span> <span class='ocrx_word' id='word_1_460' title='bbox 1543 5221 1738 5296; x_wconf 91' lang='lat' dir='ltr'><strong>liberi</strong></span> <span class='ocrx_word' id='word_1_461' title='bbox 1819 5222 2121 5296; x_wconf 87' lang='lat' dir='ltr'><strong>Comites</strong></span> <span class='ocrx_word' id='word_1_462' title='bbox 2190 5222 2414 5319; x_wconf 84' lang='lat' dir='ltr'><strong>Regni</strong></span> <span class='ocrx_word' id='word_1_463' title='bbox 2467 5228 2710 5315; x_wconf 88' lang='lat' dir='ltr'><strong>nostri,</strong></span> <span class='ocrx_word' id='word_1_464' title='bbox 2778 5233 2892 5296; x_wconf 91' lang='lat' dir='ltr'><strong>aut</strong></span> <span class='ocrx_word' id='word_1_465' title='bbox 2962 5226 3030 5295; x_wconf 91' lang='lat' dir='ltr'><strong>in</strong></span> <span class='ocrx_word' id='word_1_466' title='bbox 3084 5225 3234 5297; x_wconf 89' lang='lat' dir='ltr'><strong>aliis</strong></span> <span class='ocrx_word' id='word_1_467' title='bbox 3290 5222 3824 5319; x_wconf 87' lang='lat' dir='ltr'><strong>quibuscunque</strong></span> 
     </span>
     <span class='ocr_line' id='line_1_47' title="bbox 496 5323 3818 5423; baseline 0.002 -27"><span class='ocrx_word' id='word_1_468' title='bbox 496 5323 919 5418; x_wconf 87' lang='lat' dir='ltr'><strong>Regionibus</strong></span> <span class='ocrx_word' id='word_1_469' title='bbox 954 5330 1323 5415; x_wconf 88' lang='lat' dir='ltr'><strong>constituti,</strong></span> <span class='ocrx_word' id='word_1_470' title='bbox 1375 5331 1471 5399; x_wconf 91' lang='lat' dir='ltr'><strong>uti</strong></span> <span class='ocrx_word' id='word_1_471' title='bbox 1508 5337 1709 5423; x_wconf 90' lang='lat' dir='ltr'><strong>atque</strong></span> <span class='ocrx_word' id='word_1_472' title='bbox 1764 5327 2067 5422; x_wconf 87' lang='lat' dir='ltr'><strong>gaudere</strong></span> <span class='ocrx_word' id='word_1_473' title='bbox 2098 5328 2604 5421; x_wconf 86' lang='lat' dir='ltr'><strong>dignoscuntur.</strong></span> <span class='ocrx_word' id='word_1_474' title='bbox 2655 5327 3209 5422; x_wconf 88' lang='lat' dir='ltr'><strong>Praesertimque</strong></span> <span class='ocrx_word' id='word_1_475' title='bbox 3262 5330 3541 5423; x_wconf 90' lang='lat' dir='ltr'><strong>iusuper</strong></span> <span class='ocrx_word' id='word_1_476' title='bbox 3595 5330 3818 5401; x_wconf 85' lang='lat' dir='ltr'><strong>etiam</strong></span> 
     </span>
     <span class='ocr_line' id='line_1_48' title="bbox 496 5427 3818 5544; baseline 0.002 -44"><span class='ocrx_word' id='word_1_477' title='bbox 496 5427 725 5503; x_wconf 89' lang='lat' dir='ltr'><strong>eidem</strong></span> <span class='ocrx_word' id='word_1_478' title='bbox 772 5430 1107 5526; x_wconf 88' lang='lat' dir='ltr'><strong>Baboneg</strong></span> <span class='ocrx_word' id='word_1_479' title='bbox 1159 5439 1233 5506; x_wconf 87' lang='lat' dir='ltr'><strong>et</strong></span> <span class='ocrx_word' id='word_1_480' title='bbox 1284 5430 1659 5544; x_wconf 62' lang='lat' dir='ltr'><strong>Stephano,</strong></span> <span class='ocrx_word' id='word_1_481' title='bbox 1715 5442 1787 5505; x_wconf 90' lang='lat' dir='ltr'><strong>et</strong></span> <span class='ocrx_word' id='word_1_482' title='bbox 1832 5435 2094 5506; x_wconf 83' lang='lat' dir='ltr'><strong>cunctis</strong></span> <span class='ocrx_word' id='word_1_483' title='bbox 2146 5437 2448 5528; x_wconf 90' lang='lat' dir='ltr'><strong>ipsorum</strong></span> <span class='ocrx_word' id='word_1_484' title='bbox 2500 5429 2938 5522; x_wconf 82' lang='lat' dir='ltr'><strong>haeredibus,</strong></span> <span class='ocrx_word' id='word_1_485' title='bbox 3013 5432 3196 5505; x_wconf 87' lang='lat' dir='ltr'><strong>hanc</strong></span> <span class='ocrx_word' id='word_1_486' title='bbox 3247 5429 3334 5505; x_wconf 88' lang='lat' dir='ltr'><strong>de</strong></span> <span class='ocrx_word' id='word_1_487' title='bbox 3383 5429 3818 5529; x_wconf 75' lang='lat' dir='ltr'><strong>plenitudine</strong></span> 
     </span>
    </p>
   </div>
  </div>
 </body>
</html>
