3950 5917
443 415 600 496 'tso

439 626 880 703 indicibilium
934 626 1366 699 diuersorum
1418 625 1770 698 malorum
1825 611 2089 720 genera
2160 631 2434 716 exorta,
2506 621 2862 709 suscitata,
2928 629 3350 718 perpetrata,
3418 639 3656 718 ymmo
3702 621 3785 695 in

441 742 704 805 tantum
755 740 829 803 et
880 729 1059 803 adeo
1114 739 1474 825 agregata,
1528 751 1616 801 ac
1667 750 1800 824 per
1847 726 2183 822 quosdam
2234 725 2556 824 potentes
2610 725 3038 798 accumulata
3092 728 3488 815 extiterant,
3557 733 3633 796 ut
3680 746 3784 797 ex

441 836 550 908 his
604 833 803 907 malis
856 829 1137 929 propter
1203 835 1731 929 oppressionem
1791 849 2167 930 pauperum
2237 829 2580 902 Nobilium
2637 837 2708 900 et
2761 830 3047 900 aliorum
3100 830 3784 922 possessionatorum

441 937 793 1011 hominum
865 939 1165 1008 maxima
1238 957 1489 1030 guerra
1559 938 1630 1006 in
1697 935 1834 1006 hoc
1886 931 2137 1028 Regno
2210 931 2583 1004 Sclauonie
2654 933 2818 1004 oriri
2888 929 3270 1015 uidebatur,
3339 951 3572 1027 ymmo
3644 934 3783 1003 iam

444 1047 706 1114 exorta'
748 1043 1099 1128 extiterat,
1153 1033 1450 1136 dictique
1500 1038 1786 1111 Nobiles
1822 1035 2052 1131 Regni
2104 1035 2733 1128 hujus·Sclauonie
2787 1055 2877 1106 ne
2913 1038 2984 1107 in
3018 1033 3483 1106 infidelitatem
3540 1041 3783 1105 contra

446 1145 985 1217 Serenissimum
1020 1145 1397 1238 principem
1434 1142 1782 1214 dominum
1815 1150 2125 1213 nostrum
2180 1161 2419 1230 regem
2457 1136 2969 1232 sigismundum
3023 1135 3460 1232 aliquomodo
3510 1155 3783 1208 neces-

449 1249 672 1323 sitate
706 1246 1042 1341 compulsi
1116 1250 1590 1330 incurrissent,
1664 1267 1904 1318 eorum
1957 1242 2278 1315 fortalitia
2334 1252 2540 1337 atque
2572 1241 2907 1330 castella,
2964 1240 3236 1327 domos,
3289 1242 3783 1336 possessiones

447 1361 518 1424 et
577 1347 997 1422 hereditates
1050 1348 1138 1422 ad
1190 1370 1442 1421 manus
1490 1358 1559 1420 et
1610 1356 1993 1443 potestates
2051 1355 2326 1446 nostras
2380 1345 2549 1417 dare
2603 1353 2675 1416 et
2725 1348 3087 1437 assignare
3138 1342 3464 1415 uolebant
3523 1353 3594 1414 et
3644 1363 3785 1414 co—

445 1452 818 1542 nabantur3
896 1452 1217 1526 videntes
1293 1456 1502 1546 igitur
1553 1460 1623 1523 et
1674 1450 2225 1538 considerantes,
2304 1458 2379 1521 ut
2445 1446 2562 1519 ubi
2615 1468 2826 1541 super
2894 1449 3251 1544 premissis
3327 1444 3415 1519 de
3466 1444 3781 1518 remedio

446 1565 785 1653 oportuno
840 1558 1190 1650 prouisum
1237 1576 1377 1627 non
1409 1553 1640 1642 fuerit,
1695 1563 1767 1625 et
1818 1554 1980 1626 dicti
2033 1563 2227 1625 actus
2279 1549 2818 1646 nephandissimi
2871 1559 2941 1623 et
2975 1552 3348 1647 perniciosi
3398 1549 3791 1646 potentian-ii

446 1663 671 1753 magis
724 1669 797 1731 et
847 1663 1071 1753 magis
1135 1667 1761 1753 augmentarentur,
1844 1666 2100 1728 extunc
2168 1675 2298 1750 per
2345 1657 2870 1749 oppressionem
2947 1663 3324 1748 potentum,
3402 1671 3789 1745 eorumque

447 1783 792 1857 sequaces
845 1765 1066 1858 ipsum
1119 1761 1436 1855 Regnum
1491 1759 1863 1833 Sclauonie
1926 1761 2122 1854 quasi
2175 1761 2242 1830 in
2298 1757 2575 1829 nihilum
2629 1756 3087 1850 redigeretur,
3143 1766 3214 1829 et
3250 1776 3589 1850 pauperes
3640 1775 3790 1825 no-

447 1866 625 1938 biles
677 1863 904 1958 Regni
984 1864 1183 1936 huius
1265 1885 1507 1937 eorum
1583 1862 2075 1936 hereditatibus
2156 1859 2696 1948 eradicarentur,
2777 1869 2849 1931 et
2902 1881 3143 1932 eorum
3196 1858 3404 1931 rebus
3460 1867 3530 1929 et
3580 1854 3791 1930 bonis

447 1969 757 2064 plenarie
811 1971 1265 2063 priuarentur,
1331 1989 1472 2038 vna
1528 1989 1683 2038 cum
1736 1965 2055 2052 PrelatiS,
2126 1961 2536 2051 BaronibuS,
2608 1962 2970 2058 Regnique
3026 1962 3397 2033 Sclauonie
3449 1960 3792 2033 Proceri-

449 2070 607 2156 bus,
661 2074 732 2143 in
787 2069 1149 2161 Grisiensi,
1202 2069 1680 2164 Zagrabiensi,
1744 2068 2243 2141 Varasdinensi
2299 2075 2370 2138 et
2421 2066 2510 2138 de
2562 2066 2958 2138 Verewcze
3011 2063 3458 2138 Gonnitatibus
3512 2065 3791 2136 consti-

447 2178 634 2263 tutis,
690 2170 778 2245 ad
830 2183 1195 2268 presentes
1248 2184 1539 2247 octavas
1610 2172 1773 2245 festi
1841 2169 2029 2243 beati
2080 2167 2366 2264 Georgii
2412 2167 2737 2265 Martyris
2807 2171 3163 2263 signanter
3211 2178 3297 2240 et·
3332 2169 3623 2263 precise*
3658 2187 3792 2262 pro

449 2278 938 2374 prosecutione
990 2276 1428 2372 infrascripto
1496 2276 1963 2370 dispositionis
2017 2273 2151 2344 huc
2204 2272 2292 2344 ad
2344 2293 2479 2345 nos
2528 2271 3055 2359 confluentibus,
3124 2274 3428 2344 vnanimi
3481 2279 3553 2342 et
3600 2290 3796 2341 con-

449 2380 647 2453 cordi
696 2380 1052 2452 voluntate
1106 2401 1328 2474 vsque
1381 2377 1659 2450 felicem
1712 2377 2080 2449 aduentum
2135 2376 2296 2450 dicti
2345 2375 2601 2449 domini
2653 2379 2871 2448 nostri
2922 2374 3140 2469 Regis
3204 2377 3276 2446 in
3324 2373 3579 2445 dictum
3628 2371 3795 2444 Re·-

449 2505 662 2577 gnum
708 2504 907 2557 suum
960 2482 1311 2577 Hungarie
1366 2480 1686 2569 fiendum,
1738 2480 1918 2553 hanc
1970 2479 2288 2552 fecerunt
2342 2488 2411 2551 et
2461 2482 2896 2553 instituerunt
2947 2477 3504 2573 dispositionem:
3588 2473 3797 2562 Quod

448 2591 669 2682 primo
713 2594 788 2657 et
830 2586 1689 2682 principaliter.annuatim
1743 2605 1884 2656 non
1935 2583 2170 2678 plures
2223 2583 2356 2656 uisi
2404 2591 2705 2677 quatuor
2752 2591 3071 2668 octavas,
3103 2580 3451 2653 videlicet
3498 2577 3796 2652 festivi-

449 2700 662 2762 tatum
717 2686 1127 2762 Sanctorum
1184 2684 1493 2781 Georgii,
1546 2686 1818 2776 Jacobi,
1870 2685 2231 2759 Michaelis
2286 2695 2355 2757 et
2406 2683 2930 2781 Epiphaniarffln
2982 2684 3262 2756 Domini
3330 2685 3794 2767 instituemus,

448 2795 524 2866 in
576 2791 817 2886 quibus
886 2793 1239 2864 vniversis
1303 2788 1641 2862 nobilibus
1695 2789 1923 2882 Regni
1979 2787 2353 2861 Sclavonie
2408 2792 2478 2862 in
2533 2785 2893 2879 Crisiensi,
2964 2786 3440 2879 Zagrabiensi,
3512 2784 3794 2857 Varas-

453 2895 724 2967 dinensi
777 2903 847 2967 et
901 2894 987 2965 de
1039 2893 1432 2966 Verewcze
1506 2891 1953 2965 comitatibus
2025 2891 2367 2964 Judicium
2421 2901 2491 2963 et
2536 2893 2867 2983 justitiam
2930 2893 3132 2984 juxta
3206 2893 3549 2984 antiquam
3604 2909 3795 2960 con-

455 2996 885 3071 suetudinem
919 2995 1173 3090 Regni,
1227 3006 1299 3069 et
1330 3000 1672 3092 presentis
1711 2996 2153 3069 Institutionis
2210 2993 2640 3068 stabilitatem
2697 2994 2994 3067 debeant
3037 2993 3378 3086 judicare,
3430 2996 3524 3064 ita
3576 2988 3796 3063 vide-

452 3101 644 3189 licet,
697 3107 774 3172 vt
812 3121 1087 3195 semper
1123 3104 1273 3195 ipse
1328 3110 1574 3172 octauo
1628 3099 2034 3171 inchoentur
2084 3097 2259 3169 feria
2315 3097 2620 3172 secunda
2677 3101 2986 3192 proxima
3040 3106 3200 3194 post
3234 3106 3552 3169 octauum
3602 3093 3798 3167 diem

454 3202 791 3275 festorum
843 3204 1331 3298 predictorum,
1386 3212 1457 3275 et
1495 3203 1796 3296 birsagia
1852 3201 2335 3274 distribuantur
2386 3200 2560 3275 feria
2611 3202 2836 3289 tertia,
2892 3198 3219 3274 videlicet
3271 3199 3382 3272 die
3436 3200 3802 3292 sequenti3

454 3303 627 3378 Item
682 3305 1032 3379 decretum
1085 3306 1506 3402 proclamato
1560 3304 2140 3400 Congregationis
2209 3325 2435 3398 voque
2505 3303 2782 3376 felicem
2844 3301 3212 3375 adventum
3282 3301 3504 3396 Regie
3557 3299 3803 3392 Majo-

457 3411 656 3483 statis
711 3407 798 3482 ad
833 3409 1150 3503 Regnum
1205 3432 1403 3484 suum
1454 3409 1806 3504 Hungarie
1859 3405 2157 3481 fiendum
2212 3405 2434 3479 nullus
2489 3410 2797 3480 emanari
2847 3406 3087 3479 facere
3142 3404 3414 3495 debeat,
3467 3415 3538 3476 et
3586 3407 3660 3477 in
3704 3424 3804 3476 eo

455 3513 741 3586 ulterius
793 3534 936 3586 non
989 3511 1323 3608 procedat
1372 3535 1595 3608 vsque
1644 3515 2008 3586 terminum
2061 3509 2423 3606 prefixum,
2478 3510 2606 3583 sed
2642 3513 2917 3583 omnino
2972 3508 3486 3583 condescendat
3537 3517 3608 3579 et
3661 3527 3807 3580 so-

453 3619 705 3711 piatur,
790 3614 917 3689 sed
992 3637 1201 3711 super
1280 3614 1543 3689 actibus
1597 3618 2020 3712 potentiariis
2073 3623 2231 3716 post
2281 3635 2639 3686 recessum
2711 3613 2873 3685 dicti
2940 3613 3197 3686 domini
3247 3612 3466 3707 Regis
3519 3610 3607 3682 de
3659 3609 3808 3681 hoc

454 3718 706 3812 Regno
764 3717 1023 3791 factum
1077 3722 1460 3815 quicunque
1513 3717 1741 3809 Regni
1791 3715 2041 3789 nobilis
2094 3738 2269 3789 unus
2325 3737 2534 3812 super
2586 3717 2873 3789 alterum
2926 3725 3419 3812 perpetrasset,
3489 3713 3610 3787 vel
3664 3712 3807 3786 alia

455 3831 899 3911 nocumenta,
978 3822 1299 3917 dampna,
1377 3824 1685 3908 iniurias,
1759 3821 2005 3916 spolia,
2076 3841 2298 3893 nouas
2377 3824 2899 3916 possessionum
2965 3841 3093 3892 seu
3160 3829 3498 3891 terrarum
3569 3837 3805 3889 occu-

455 3928 801 4020 pationes,
879 3925 1229 4000 hominum
1297 3927 1902 4019 interemptiones,
1974 3922 2400 4017 aliorumque
2472 3926 2875 4019 quorumuis,
2939 3923 3276 3998 malorum
3340 3942 3609 4015 genera
3674 3921 3808 3996 in—

458 4028 802 4118 tulissent,
870 4037 987 4100 aut
1051 4047 1278 4123 vsque
1351 4028 1719 4104 aduentum
1785 4027 2046 4100 domini
2113 4021 2331 4100 nostri
2382 4025 2600 4122 Regis
2669 4031 2741 4099 in
2809 4024 3128 4122 Regnum
3190 4047 3387 4100 suum
3448 4023 3813 4120 Hungarie

456 4123 761 4203 fiendum
837 4131 1208 4221 intulerint,
1286 4131 1470 4220 talis,
1550 4134 1687 4221 cui,
1766 4131 1881 4204 vel
1966 4127 2175 4226 super
2252 4153 2458 4225 quem
2536 4132 2875 4226 premissa
2945 4137 3331 4226 perpetrata
3403 4127 3588 4199 facta
3657 4146 3811 4223 po-

457 4237 800 4322 tentiaria,
883 4257 969 4306 ac
1038 4233 1330 4328 dampna
1401 4244 1472 4308 et
1541 4235 1672 4307 alia
1738 4236 1965 4308 omnia
2045 4231 2454 4322 intulissent,
2535 4236 2606 4306 in
2676 4231 2943 4316 eisdem
3012 4235 3307 4323 octauis,
3378 4234 3450 4303 in
3520 4227 3811 4305 sedibus

463 4335 823 4426 Grisiensi,
875 4336 1353 4432 Zagrabiensi,
1406 4338 1905 4412 Varasdinensi
1955 4346 2029 4410 et
2079 4335 2167 4410 tle
2214 4336 2607 4409 Verewcze
2661 4336 3013 4433 predictis,
3085 4338 3509 4432 querimonia
3564 4354 3813 4406 coram

459 4437 663 4514 nobis
735 4450 807 4513 et
875 4443 1132 4515 nostris
1183 4441 1557 4516 Vicebanis
1612 4449 1684 4513 et
1735 4438 2111 4514 Comitibus
2167 4462 2253 4512 ac
2304 4438 2843 4514 vicecomitibus
2915 4435 3370 4513 comitatuum
3440 4436 3813 4536 predicto-

459 4561 639 4633 rum,
694 4545 1085 4640 ceterisque
1137 4543 1373 4639 probis
1424 4546 1596 4617 viris
1650 4552 1723 4616 et
1771 4542 2127 4617 Judicibus
2179 4543 2532 4634 nobilium,
2587 4546 2701 4639 qui
2753 4565 2877 4641 pro
2931 4553 3096 4616 tunc
3147 4547 3218 4615 in
3272 4539 3540 4616 eisdem
3592 4548 3817 4618 octa-

459 4651 568 4718 uis
623 4656 740 4719 aut
798 4650 869 4720 in
923 4668 1328 4743 quacunque
1409 4644 1814 4723 earundem⁴
1859 4655 2258 4718 octauarum
2309 4649 2380 4720 in
2435 4650 2582 4742 ipsa
2654 4646 2825 4721 sede
2904 4644 3160 4719 fuerint
3234 4647 3607 4728 constituti,
3692 4651 3820 4716 aut

462 4750 838 4839 constituti,
919 4751 1411 4844 querimoniam
1480 4770 1900 4843 promovere
1971 4748 2270 4823 debeant
2347 4760 2418 4823 et
2486 4760 2871 4840 teneantur,
2940 4748 3170 4846 ibique
3248 4771 3382 4823 nos
3436 4758 3508 4823 et
3556 4745 3823 4845 prefati

460 4851 800 4925 Vicebani
850 4854 1071 4925 nostri
1123 4859 1238 4921 aut
1291 4847 1595 4924 Comites
1648 4851 1767 4924 vel
1819 4850 2286 4926 vicecomites
2344 4875 2440 4926 ex
2474 4852 2673 4927 dictis
2726 4852 3066 4927 nobilibus
3124 4907 3140 4925 .
3172 4905 3188 4924 .
3217 4851 3426 4927 ndem
3477 4850 3825 4926 nobilium

327 5049 334 5050 γ
462 4957 690 5029 audita
746 4957 891 5051 ipsa
949 4954 1372 5048 querimonia
1424 4956 1641 5049 ipsius
1694 4955 2141 5050 querulantis,
2196 4958 2259 5031 si
2308 4956 2566 5029 factum
2618 4954 2901 5030 arduum
2956 4959 3285 5045 extiterit,
3341 4963 3598 5030 extunc
3645 4963 3823 5027 octo

460 5061 582 5133 vel
636 5082 793 5149 sex,
849 5055 963 5129 ubi
1017 5059 1236 5130 minus
1287 5055 1544 5129 factum
1597 5056 1828 5144 fuerit,
1883 5070 2142 5132 extunc
2193 5070 2508 5156 quatuor,
2564 5082 2660 5133 ex
2713 5060 2914 5135 dictis
2971 5071 3200 5134 autem
3250 5059 3606 5133 Judicibus
3662 5080 3821 5133 no-

459 5158 697 5235 bilium
751 5161 1062 5234 similiter
1112 5161 1177 5233 si
1228 5158 1510 5234 arduum
1578 5161 1837 5234 factum
1904 5161 2136 5251 fuerit,
2206 5173 2369 5236 tunc
2441 5186 2686 5238 omnes
2759 5173 3076 5258 quatuor,
3143 5162 3262 5238 ubi
3329 5186 3507 5238 vero
3581 5164 3821 5234 minus

459 5265 748 5355 factum,
803 5274 964 5337 tunc
999 5263 1135 5336 duo
1174 5262 1260 5337 ad
1297 5264 1549 5362 faciem
1583 5268 2053 5362 possessionis
2090 5264 2255 5339 facti
2293 5269 2662 5363 perpetrati
2703 5320 3020 5341 .......
3066 5290 3288 5364 eaque
3326 5322 3346 5341 .
3377 5322 3394 5340 .
3427 5323 3444 5340 .
3500 5268 3822 5354 investi-f

461 5367 674 5458 gandi
734 5376 806 5442 et
855 5368 1204 5442 resciendi
1284 5390 1546 5441 meram
1623 5370 2044 5442 certitudinis
2123 5372 2512 5460 ueritatem,
2593 5372 2905 5467 scitaque
2977 5392 3172 5444 mera
3249 5373 3541 5444 ueritate
3604 5370 3831 5462 juxta
