3950 5917
489 420 647 495 220

489 629 973 700 vniuersorum
1025 621 1367 696 Nobilium
1420 631 1558 694 tam
1611 621 1891 717 placito,
1946 641 2150 714 quam
2201 619 2582 709 voluntate„
2638 628 2715 692 vt
2767 622 2916 716 ipsa
2972 643 3247 716 semper
3307 644 3431 717 pro
3481 625 3791 695 communi

494 729 684 802 bono
739 733 808 802 in
864 751 993 801 suo
1073 730 1320 819 vigore
1399 733 1823 821 permaneat,
1904 726 2261 796 statuimus
2316 732 2386 794 et
2438 726 2821 812 sanximus,
2902 747 2987 795 ac
3056 727 3458 796 auctoritate
3525 748 3564 796 a
3630 725 3790 798 dicto

495 833 775 907 domino
849 841 1090 904 nostro
1162 829 1362 923 Rege
1432 827 1634 901 nobis
1706 825 2021 900 attributa
2086 825 2544 914 decreuimus.
2616 836 2692 900 vt
2746 829 3132 921 quicunque
3184 826 3522 900 Nobilium
3573 832 3793 922 regni-

495 937 804 1008 colarum
858 933 1101 1006 tributa
1156 931 1571 1021 habentium,
1624 931 1804 1004 hanc
1855 938 2163 1004 nostram
2218 929 2782 1024 disposicionem,
2837 930 3379 1015 ordinacionem.
3457 930 3794 1005 limitacio·

492 1062 654 1113 nem
708 1049 780 1111 et
830 1036 1391 1110 moderacionem
1442 1056 1567 1131 pro
1621 1034 2002 1107 Vniuersali
2054 1032 2447 1122 commodo,
2503 1042 2574 1104 et
2624 1034 2940 1122 vtilitate,
3010 1036 3412 1128 iusticiaque
3484 1039 3794 1107 communi

495 1166 625 1238 per
658 1163 791 1215 nos
846 1140 1055 1214 modo
1107 1142 1450 1234 premisso
1504 1136 1755 1229 factas,
1812 1135 2200 1232 superfluis,
2253 1138 2528 1232 ineptis,
2582 1136 2968 1232 illicitisque
3005 1145 3075 1209 et
3109 1140 3375 1211 iniustis
3428 1134 3791 1210 tributorum

495 1244 977 1320 exactionibus
1028 1246 1453 1338 transgressi
1530 1240 1807 1330 fuerint,
1876 1239 2312 1334 infringerint
2364 1262 2489 1314 seu
2543 1240 2982 1332 violauermt,
3055 1250 3126 1313 et
3175 1241 3313 1313 hoc
3364 1251 3597 1314 contra
3645 1242 3796 1314 tales

495 1349 616 1423 vel
659 1349 865 1423 talem
921 1349 1379 1421 attestacione
1455 1344 1766 1419 veridica
1819 1346 2205 1417 vicinorum
2260 1351 2329 1416 et
2382 1352 3013 1417 commetaneorum
3091 1366 3176 1415 ac
3227 1342 3565 1417 Nobilium
3615 1366 3793 1417 com-

495 1452 1019 1550 provincialium
1086 1450 1393 1544 legitime
1449 1445 1879 1544 comprobari
1957 1449 2233 1543 poterit,
2304 1469 2472 1519 mox
2524 1447 2700 1520 tales
2754 1457 2825 1519 et
2876 1448 3032 1520 talis
3084 1456 3636 1539 transgressores
3685 1469 3793 1520 seu

497 1565 982 1649 transgressor
1034 1555 1106 1626 in
1157 1561 1489 1649 perpetua
1561 1553 1937 1625 amissione
2008 1548 2395 1624 huiusmodi
2449 1553 2555 1625 sui
2606 1549 2833 1623 tributi
2894 1551 3013 1623 vel
3059 1548 3455 1624 tributorum
3526 1554 3653 1623 sint
3695 1549 3797 1623 vel

499 1661 589 1732 sit
642 1660 942 1732 conuicti
995 1678 1120 1731 seu
1177 1658 1561 1745 conuictus,
1616 1664 1686 1726 et
1737 1652 2030 1744 eisdem,
2101 1653 2495 1748 iuribusque
2548 1651 2947 1726 tributorum
3004 1676 3243 1727 eorum
3297 1658 3366 1727 in
3419 1676 3614 1727 evum
3663 1656 3796 1749 pri-

497 1764 641 1834 uati
693 1784 780 1834 ac
831 1761 1131 1834 destituti
1209 1757 1607 1832 habeantur.
1685 1756 1762 1830 In
1836 1761 2030 1832 cuius
2083 1760 2188 1830 rei
2239 1760 2698 1830 testimonium
2778 1767 3141 1853 presentes
3220 1758 3481 1831 litteras
3553 1767 3797 1830 nostras

499 1867 671 1960 ipsis
725 1862 1082 1938 Nobilibus
1151 1862 1380 1954 Regni
1450 1859 1822 1935 Sclauonie
1874 1870 1947 1934 et
2001 1857 2444 1935 Comitatibus
2523 1860 2847 1956 predictis
2928 1860 3245 1934 duximus
3329 1858 3796 1933 concedendas.

498 1967 748 2040 Datum
803 1964 1005 2041 Grisii
1056 1966 1467 2040 duodecimo
1521 1964 1633 2037 die
1688 1974 2087 2038 octauarum
2157 1962 2319 2039 festi
2372 1962 2556 2035 beati
2623 1963 2907 2057 Georgii
2978 1962 3302 2061 Martyris
3374 1962 3797 2061 predictarum

500 2069 709 2145 Anno
760 2070 1035 2144 Domini
1087 2068 1452 2144 Millesimo
1507 2067 2180 2166 quadringentesimo
2235 2070 2708 2161 octuagesimo
2756 2070 2996 2162 primo.

1382 2287 1626 2367 (Locus
1666 2287 1877 2369 sinino·
1919 2290 1991 2349 in
2036 2288 2344 2350 exteriori
2381 2285 2556 2365 facie
2616 2293 2966 2369 oppressi.)

503 2500 649 2574 θείς.
683 2503 859 2558 chart·
892 2504 947 2556 in
981 2501 1210 2557 Archivo
1244 2500 1415 2571 Regni
1449 2499 1707 2558 croatiae.
1758 2500 1899 2555 Priv.
1930 2499 1994 2554 N.
2030 2502 2120 2555 50.

1917 3105 2424 3190 ΟΧῙᾹΧ.

1544 3392 1752 3464 Anno
1812 3388 2050 3464 1481.
2111 3389 2236 3464 13.
2290 3393 2482 3466 Iulii.
2538 3393 2807 3466 Budas.

509 3651 931 3732 Mathias
995 3648 1194 3731 Rex
1255 3654 1626 3732 incolis
1693 3652 2249 3732 Slavoniae
2303 3655 2468 3758 jus
2530 3655 2837 3734 salem
2897 3657 3403 3737 vendendi
3463 3656 3805 3736 tribuit.

826 3921 975 3996 Nos
1027 3920 1349 4012 Mamas,
1402 3921 1534 3994 Dei
1589 3925 1824 4017 gracia
1875 3921 2040 3995 Rex
2071 3921 2450 4015 Hungarie‚
2503 3922 2837 3998 Bohemie
2874 3935 3035 4018 etc.‚
3089 3930 3422 4000 memorie
3477 3944 3803 3998 commen-

512 4025 754 4099 damus
806 4033 1052 4098 tenore
1105 4028 1543 4120 presencium
1596 4024 2094 4121 significantes,
2152 4025 2393 4121 quibus
2447 4027 2730 4123 expedit
2779 4032 3175 4103 vuiuersis:
3269 4029 3469 4118 Quod
3520 4050 3642 4102 nos
3687 4035 3806 4097 tum

512 4129 601 4202 ad
655 4129 1132 4201 nonnullorum
1187 4128 1766 4225 supplicacionem
1820 4129 2165 4203 Maiestati
2214 4139 2456 4206 nostre
2508 4153 2634 4226 pro
2687 4141 2881 4227 parte
2935 4142 3005 4205 et
3047 4137 3116 4206 in
3172 4137 3491 4228 personis
3543 4130 3806 4205 fidelium

510 4241 909 4306 nostrorum
961 4234 1442 4307 vniuersorum
1523 4233 2033 4327 regnicolarum
2084 4232 2312 4328 Regni
2365 4237 2585 4308 nostri
2664 4232 3036 4310 Sclauonie
3116 4247 3482 4333 propterea
3561 4235 3804 4316 factam,

511 4345 657 4407 tum
710 4338 966 4408 etenim
1045 4356 1168 4432 pro
1251 4337 1616 4410 commodo
1674 4347 1745 4410 et
1796 4337 2085 4410 vtilitate
2167 4337 2544 4410 eorundem
2599 4338 2668 4410 id
2722 4342 2891 4434 ipsis
2942 4342 3263 4433 graciose
3338 4342 3643 4414 duximus
3691 4355 3804 4406 au-

510 4438 858 4512 nuendum
913 4448 985 4511 et
1032 4439 1579 4531 concedendum,
1634 4449 1710 4512 vt
1763 4441 1966 4513 iidem
2019 4444 2389 4515 vniuersos
2466 4439 2622 4513 illos
2707 4444 2919 4532 sales.
3001 4464 3174 4538 quos
3228 4447 3359 4540 ipsi
3413 4444 3500 4517 de
3552 4440 3805 4538 quibus-

513 4564 784 4637 cunque
821 4538 1133 4616 Gameris
1188 4544 1431 4616 salium
1475 4552 1892 4632 nostrorum,
1944 4548 2212 4638 precio,
2265 4545 2380 4617 vel
2437 4544 2610 4619 alias
2665 4545 3226 4641 qualitercunque
3279 4551 3513 4642 gracia
3559 4550 3804 4642 questus

514 4655 634 4718 aut
685 4646 820 4718 alia
875 4644 964 4719 de
1019 4667 1228 4720 causa
1307 4647 1690 4720 leuauerint
1768 4646 1883 4717 vel
1938 4647 2318 4738 leuassent,
2399 4657 2600 4722 extra
2652 4649 2807 4721 loca
2891 4673 3016 4725 seu
3089 4673 3332 4725 cursus
3404 4648 3803 4722 camerarum

512 4758 931 4840 nostrarum,
1002 4748 1256 4844 vbique
1325 4749 1544 4822 libere
1617 4747 2016 4822 vendicioni
2085 4772 2442 4846 exponere
2512 4752 2793 4825 valeant
2862 4763 3066 4850 atque
3119 4758 3404 4850 possint.
3507 4754 3646 4826 Imo
3692 4767 3803 4819 an-

512 4855 786 4924 nuimus
841 4862 911 4924 et
963 4852 1411 4925 concedimus
1464 4855 1896 4947 presencium
1947 4875 2075 4948 per
2127 4856 2466 4948 vigorem.
2574 4855 2917 4942 Quocirca
2973 4857 3175 4933 vobis
3230 4857 3536 4931 fidelibus
3585 4851 3805 4929 nostris

511 4958 862 5029 vniuersis
917 4966 987 5026 et
1040 4955 1326 5049 singulis
1381 4951 1793 5029 Camerariis
1848 4966 1919 5029 et
1969 4956 2546 5034 Vicecamerariis
2599 4958 3059 5055 predictorum
3139 4962 3378 5035 salium
3454 4970 3804 5043 nostrorum!

512 5056 743 5133 vbiuis
797 5062 866 5131 in
922 5058 1109 5131 dicto
1176 5057 1425 5152 Regno
1503 5069 1741 5133 nostro
1823 5059 2196 5133 Sclauonie
2274 5066 2653 5137 constitutis
2727 5074 2798 5137 et
2850 5065 3327 5155 existentibus,
3409 5061 3805 5161 presencium

514 5164 840 5237 noticiam
893 5160 1248 5248 habituris,
1328 5161 1567 5235 harum
1640 5167 1824 5236 serie
1877 5162 2162 5238 firmiter
2237 5169 2696 5262 precipientes
2769 5171 3248 5244 committimus
3300 5178 3369 5242 et
3421 5166 3806 5244 mandamus.

519 5273 856 5362 quatenus
936 5268 1358 5361 prescriptos
1439 5267 1624 5341 sales
1696 5289 1823 5363 per
1873 5267 2096 5343 dictos
2174 5270 2569 5363 regnicolas
2648 5281 2928 5347 nostros
2980 5272 3069 5345 de
3122 5276 3287 5368 ipsis
3340 5269 3638 5344 Cameris
3684 5283 3805 5334 no-

521 5370 683 5439 stris
754 5368 1025 5442 leuatos
1047 5421 1070 5460 ‚
1144 5368 1406 5444 eisdem
1475 5369 1729 5466 vbique
1808 5368 2027 5445 libere
2100 5381 2170 5444 et
2240 5376 2389 5445 sine
2460 5374 2686 5468 aliqua
2768 5374 3309 5449 contradictione
3385 5372 3680 5447 vendere
3747 5369 3807 5433 et
