3950 5917
3327 437 3485 512 213

143 644 374 736 sigillo
431 643 775 738 palatinali
824 648 1161 741 premissa
1217 649 1442 716 omnia
1501 645 1914 717 ratificantes
1969 656 2041 717 et
2092 643 2549 739 adprobantes
2615 646 3119 741 quintodecimo
3176 643 3287 718 die
3342 643 3489 715 da·-

144 755 367 818 tarum
424 749 858 841 presencium
933 751 1238 819 vniuersi
1311 746 1597 819 Nobiles
1654 757 1723 820 et
1773 749 2001 821 incole
2081 752 2303 820 tocius
2374 747 2601 842 Regni
2654 752 2872 828 nostri
2924 747 3294 821 Sclauonie
3349 750 3485 841 ipa·

144 848 429 922 domino
503 848 848 946 Episcopo
922 849 1087 922 dare
1155 847 1499 924 debebunt
1568 859 1637 923 et
1707 849 2134 923 tenebuntur.
2241 850 2354 922 Ad
2408 851 2589 946 quod
2645 874 2725 924 se
2778 848 3023 946 prefati
3091 851 3334 923 Petrus
3391 850 3483 924 da

142 951 465 1048 Bykzad‚
520 952 841 1025 Andreas
897 951 1260 1049 Capitanfy
1314 953 1401 1025 de
1456 953 1785 1050 Desnyze
1840 964 1911 1026 et
1958 954 2315 1026 Jobannes
2367 953 2506 1025 Viti
2551 953 2638 1027 de
2677 953 2997 1027 Korboua
3053 958 3126 1026 in
3178 973 3481 1048 persona

143 1058 374 1128 tocius
427 1059 894 1128 vniuersitatis
966 1055 1304 1128 Nobilium
1361 1054 1863 1151 obligauerunt„
1938 1079 2170 1129 coram
2244 1054 2442 1129 nobis
2497 1079 2581 1128 ac
2631 1058 2920 1130 Prelatis
2976 1065 3047 1129 et
3094 1055 3482 1129 Batonibus

148 1161 410 1231 nostris
487 1159 835 1253 predictis.
968 1159 1043 1231 In
1118 1163 1311 1232 cuius
1392 1163 1494 1232 rei
1565 1164 1965 1233 memoriam
2047 1160 2561 1255 firmitatemque
2639 1157 3073 1257 perpetuam*
3115 1168 3481 1255 presentes

147 1261 416 1334 litteras
491 1271 766 1334 nostras
846 1273 1121 1336 secreto
1178 1262 1403 1355 sigillo
1458 1273 1695 1335 nostro
1749 1269 1816 1336 in
1871 1263 2194 1359 pendenti
2270 1266 2719 1336 communitas
2775 1275 2845 1336 et
2895 1285 3113 1358 penes
3186 1262 3483 1355 sigillum

151 1374 462 1439 nostrum
516 1363 909 1438 vberiorem
963 1366 1052 1437 ad
1105 1367 1439 1438 cautelam
1496 1370 1703 1439 etiam
1756 1368 1997 1459 sigillis
2067 1365 2486 1461 prefatorum
2560 1367 2987 1440 dominorum
3056 1365 3484 1440 Prelatorum

152 1476 222 1540 et
272 1468 621 1540 Baronum
677 1477 1066 1542 nostrorum
1119 1473 1190 1541 in
1238 1469 1621 1542 huiusmodi
1676 1470 2142 1565 disposicione
2197 1480 2267 1542 et
2319 1471 2690 1542 concordia
2744 1470 3101 1543 nobiscum
3156 1474 3481 1541 existen-

153 1574 333 1643 cium
387 1570 775 1661 roboratas
830 1576 1139 1666 Vtrisque
1193 1570 1494 1668 partibus
1548 1576 1616 1646 in
1653 1574 1854 1646 simili
1906 1572 2127 1645 forma
2185 1572 2616 1646 decreuimus
2672 1572 3178 1646 concedendas
3234 1570 3484 1644 Datum

154 1673 347 1746 Bude
401 1677 472 1747 in
528 1673 710 1747 festo
764 1676 1200 1748 quencionis
1254 1675 1509 1749 Sancte
1565 1675 1826 1749 Crucis.
1932 1648 2141 1749 Anno
2197 1675 2468 1748 Domini
2519 1676 2883 1750 Millesimo
2938 1675 3487 1770 quadringente-

155 1782 331 1850 simo
390 1782 904 1873 septuagesimo
960 1788 1227 1875 quarto
1298 1779 1696 1873 Regnorum
1752 1789 1976 1852 autem
2032 1788 2417 1853 nostrorum
2490 1779 2697 1852 Anno
2752 1779 3102 1873 Hungarie
3155 1789 3287 1850 etc.
3342 1778 3481 1849 de-

156 1884 337 1953 cimo
414 1885 733 1975 septimo„
815 1882 1145 1955 Bohemie
1213 1903 1387 1955 vero
1443 1893 1670 1957 sexto.
1779 1882 1924 1956 Nos
2006 1886 2235 1978 itaque
2311 1882 2821 1978 supplicacione
2904 1881 3152 1978 prefati
3232 1881 3490 1954 domini

156 1983 442 2056 omaldi
494 1981 818 2081 Episcopi
874 1995 1109 2059 nostre
1163 1984 1369 2058 modo
1424 1991 1763 2082 premisso
1814 1996 2136 2082 porrecta
2215 1984 2557 2059 Maiestati
2637 1985 2985 2074 exaudita,
3069 1987 3488 2080 prescriptos

157 2086 422 2160 litteras
490 2097 767 2160 nostras
848 2089 1467 2184 composiciouales
1539 2090 1627 2162 de
1679 2088 1899 2163 verbo
1955 2089 2041 2161 ad
2094 2090 2380 2163 verbum
2463 2092 2613 2163 sine
2669 2089 3125 2161 diminucione
3180 2098 3251 2160 et
3303 2108 3491 2180 aug-

155 2199 391 2263 mento
445 2191 721 2288 aliquali
769 2191 1169 2266 transscribi
1222 2202 1293 2265 et
1341 2197 1810 2288 transumpmi,
1883 2190 2451 2289 presentibusque
2503 2194 2747 2265 litteris
2799 2195 3052 2265 nostris
3105 2189 3491 2287 patentibus

157 2297 372 2366 inseri
427 2293 792 2385 facientes⁹
845 2299 1061 2391 paria,
1134 2318 1260 2370 sen
1310 2306 1624 2369 tenorem
1696 2297 2070 2370 earundem
2124 2295 2347 2370 eidem
2425 2296 2700 2369 domino
2772 2294 3076 2368 Osualdo
3142 2294 3493 2390 Episcopo

28 2422 29 2431 ¹
161 2397 479 2471 duximus
554 2398 1022 2472 concedenda.
1130 2399 1374 2472 Datum
1456 2399 1650 2473 Bude
1727 2401 2034 2495 p·edicta
2106 2403 2175 2472 in
2245 2398 2428 2474 sesto
2511 2399 2725 2472 Beate
2801 2397 3238 2491 Margaretbe
3317 2396 3494 2467 Vir-

160 2503 339 2596 ginis
367 2512 464 2677 det
480 2497 812 2677 tMartii-is
862 2503 1070 2576 Anno
1125 2502 1398 2576 Domini
1466 2501 1831 2577 Millesimo
1904 2504 2580 2599 quadringentesimo
2661 2505 3173 2598 septuagesimo
3214 2508 3490 2594 quarto

157 2627 364 2702 supra
412 2627 480 2677 nc
510 2626 575 2677 o.

26 2806 34 2885 Ι
1277 2811 1593 2892 (Siyiltum
1639 2811 1902 2891 Regium
1947 2818 2380 2892 oppressum.)

163 3046 307 3116 orig.
343 3047 644 3101 membrana
684 3050 735 3101 in
773 3048 1000 3101 Archivo
1036 3048 1204 3118 Regni
1242 3046 1500 3101 croatiae.
1534 3047 1670 3102 Priv.
1705 3047 1766 3100 N.
1803 3048 1888 3099 40.

28 3388 31 3467 Ι

28 3512 33 3663 Ι
1594 3687 2082 3771 CXLVI.

800 3978 1004 4048 Anno
1067 3976 1304 4047 1477.
1380 3976 1494 4047 die
1559 3973 1676 4045 18.
1735 3974 2169 4046 Ἀουεηιόνίε.
2246 3973 2325 4043 In
2386 3970 2874 4067 Kornenburq.

28 4092 31 4281 Ι
171 4239 594 4321 lathias
684 4238 887 4320 Rex
980 4243 1527 4319 universos
1591 4237 1913 4344 Regni
1978 4236 2527 4315 Slavoniae
2602 4232 3071 4338 Nobiles»,
3159 4233 3275 4315 de
3338 4236 3509 4314 de-

173 4378 690 4460 fendendo
785 4376 1118 4484 Regno
1203 4387 1655 4481 acturos,
1752 4375 1859 4454 ad
1928 4375 2513 4481 generalem
2590 4401 2632 4452 a
2696 4372 2958 4452 Bane
3053 4373 3507 4454 indicen-

858 4516 1063 4595 dam
1127 4509 2053 4621 Congregationem
2116 4516 2466 4591 venire
2518 4510 2822 4616 jubet.

2041 4781 2418 4844 Comanis-sio
2457 4782 2731 4863 propria
2782 4780 3044 4842 Domini
3086 4778 3297 4859 Rapis.

490 4972 816 5063 mathias,
867 4971 1000 5044 Dei
1054 4970 1303 5046 Gracia
1358 4972 1517 5050 Rex
1570 4974 1944 5067 Hungarie,
2000 4969 2333 5045 Bohemie
2387 4981 2518 5044 etc.
2616 4971 2963 5045 Fidelibus
3033 4974 3289 5044 nostris
3340 4973 3512 5045 vni-

185 5081 432 5168 uenis,
488 5088 562 5150 et
616 5075 903 5171 singulis
955 5074 1338 5162 Nobilibus,
1394 5086 1464 5149 et
1517 5075 1798 5151 alterius
1853 5077 2156 5148 cuiusuis
2229 5084 2445 5148 status
2514 5078 3057 5171 possessionatis
3127 5072 3515 5148 bominibus

185 5181 562 5256 Comitatus
646 5177 1014 5254 Crisiensis
1094 5181 1381 5252 salutem
1437 5189 1506 5253 et
1559 5183 1882 5273 graciam.
1996 5174 2164 5251 Cum
2245 5200 2370 5274 per
2446 5178 2577 5252 hos
2650 5179 2798 5252 dies
2878 5177 3154 5252 Fideles
3232 5188 3514 5253 nostros

191 5284 534 5383 Egregios
589 5283 946 5356 Nicolaum
998 5284 1085 5356 de
1137 5281 1432 5373 Dombo,
1484 5281 1872 5356 Ladislaum
1925 5281 2279 5378 Hermany
2333 5283 2421 5355 de
2478 5280 2796 5356 Gereben
2854 5292 2924 5355 et
2973 5281 3247 5355 Petrum
3311 5280 3513 5378 Byk-

189 5390 362 5488 zady
417 5390 842 5462 vuinersitas
889 5385 1232 5461 Nobilium
1292 5387 1471 5461 illius
1523 5385 1748 5481 Regni
1815 5389 2035 5461 nostri
2109 5385 2481 5462 Sclauonie
2535 5387 2623 5461 ad
2676 5408 2806 5461 nos
2860 5389 3188 5477 misisset,
3262 5386 3514 5459 decla-
