3950 5917
3261 463 3425 543 31⁸1

1178 679 1737 755 Articulus
1802 677 2348 776 Septimus.

426 884 590 959 Cum
642 909 819 960 vero
872 896 1012 959 tota
1067 886 1523 960 Valacborum
1581 884 2043 960 Communitas
2093 883 2303 960 rebus
2356 886 2778 982 potissimum
2829 883 3095 958 bellicis
3147 905 3235 956 ac
3280 887 3430 956 mi-

144 988 415 1064 litaribus
466 999 697 1080 vacet,
769 987 858 1063 ob
908 990 1114 1085 idque
1167 989 1623 1086 singularibus
1675 988 2064 1084 Privilegiis
2142 988 2463 1083 gaudeat,
2541 986 2702 1062 ideo
2755 1009 2998 1062 omnes
3051 996 3124 1059 et
3174 986 3424 1078 singuli

146 1098 441 1191 ipsorum,
494 1097 648 1167 sive
718 1093 1137 1189 stipendiarii
1188 1097 1348 1183 sint,
1426 1096 1582 1167 sive
1635 1116 1800 1183 non,
1869 1093 1956 1166 ad
2011 1092 2383 1168 secandum
2435 1091 2784 1166 desertum
2834 1100 2904 1164 et
2955 1092 3195 1187 sylvas
3247 1093 3429 1163 inter

148 1197 375 1271 Savum
428 1208 498 1271 et
546 1198 878 1287 Dmvnm,
945 1198 1232 1292 singulis
1285 1200 1508 1288 annis,
1577 1199 1833 1271 relictis
1884 1206 2144 1272 tantum
2193 1199 2264 1270 in
2316 1195 2794 1271 munitionibus
2848 1193 3167 1290 vigilibus
3218 1192 3424 1268 suffi-

146 1300 479 1392 cientibus,
536 1306 670 1377 sint
722 1299 1026 1396 obligati,
1080 1311 1152 1375 ut
1201 1305 1511 1376 nimirum
1566 1324 1655 1375 eo
1708 1300 1945 1376 labore
1981 1301 2224 1374 Turcis
2277 1310 2347 1374 et
2396 1302 2689 1375 inimicis
2742 1304 2964 1374 omnis
3000 1299 3088 1372 ad
3139 1299 3252 1372 illa
3302 1298 3426 1371 lo-
3561 1363 3566 1368 .

146 1426 220 1477 ca
264 1406 471 1479 aditus
523 1416 595 1480 et
642 1409 711 1479 in
765 1404 1189 1482 Christianos
1241 1409 1529 1503 impetus
1582 1404 2087 1480 intercludatur.

1012 1651 1019 1660 ’
1220 1690 1773 1765 Articulus
1836 1689 2320 1764 Octavus.

426 1897 752 1972 Similiter
804 1898 1099 1972 castella
1177 1904 1246 1971 in
1315 1921 1506 1971 suam
1580 1897 2055 1972 defensionem
2128 1905 2465 1986 extructa,
2545 1905 2661 1968 aut
2729 1894 2949 1967 adbuc
3019 1893 3429 1982 extruenda,

146 2005 271 2074 suis
319 2001 676 2118 laboribus*
715 2001 1235 2078 coadiuvabunt.

1277 2249 1826 2326 Articulus
1905 2249 2269 2325 Nonus.

423 2459 719 2533 Insidias
772 2470 841 2533 et
909 2458 1450 2532 Machinationes
1524 2468 1884 2555 suspectos
1956 2455 2246 2531 fideliter
2296 2457 2381 2529 ad
2455 2479 2584 2530 nos
2637 2457 2750 2529 vel
2808 2454 3219 2530 Gener-alem
3270 2454 3431 2528 No-

150 2569 332 2634 strum
375 2562 715 2637 deferent.

1224 2822 1776 2894 Articulus
1827 2821 2336 2895 Decimus.

430 3032 642 3105 Fines
695 3031 962 3104 Patriae
1015 3033 1084 3104 in
1139 3029 1450 3103 omnibus
1504 3028 1716 3104 tribus
1774 3027 2349 3126 Capitaneatibus
2430 3052 2521 3102 ne
2571 3029 2747 3102 ullus
2796 3027 3157 3103 Christiani
3199 3031 3438 3101 nomi-

154 3135 244 3205 uis
290 3134 458 3209 hosti
511 3144 746 3232 pateat
797 3135 1090 3225 additus,
1157 3143 1431 3231 praeter
1483 3136 1882 3208 salarisatos
1935 3135 2212 3223 milites,
2285 3137 2486 3207 etiam
2541 3135 2796 3206 caeteri
2854 3135 3078 3205 cuncti
3125 3130 3441 3227 Valacby

157 3234 473 3416 fflen‘llilli)
534 3249 882 3330 carentes
952 3242 1096 3312 suis
1149 3236 1645 3312 sufficientibus
1692 3257 1967 3334 semper
2020 3235 2333 3311 excubiis
2388 3246 2459 3312 et
2508 3236 2761 3332 vigiliis
2810 3238 2985 3308 tueri
3039 3257 3123 3307 ac
3186 3244 3438 3307 custo-

330 3366 369 3417 ο
440 3347 607 3440 gati
658 3346 809 3418 sint.

1156 3599 1710 3676 Articulus
1763 3599 2412 3673 Undecimus.

437 3810 899 3935 Quocumque
940 3818 1166 3883 autem
1215 3818 1550 3903 tempore,
1603 3807 1787 3901 quod
1821 3805 2013 3879 Deus
2062 3806 2435 3879 clementer
2477 3812 2771 3894 avertat,
2823 3801 3100 3897 quidam
3149 3805 3444 3897 impetus

154 3921 255 3984 aut
298 3917 599 4011 suspicio
660 3915 940 3988 maioris
990 3916 1316 3986 momenti
1367 3913 1687 3999 oriretur,
1758 3931 1853 3981 ex
1904 3907 2218 3982 omnibus
2272 3911 2547 3983 omnino
2603 3903 3179 4004 Capitaneatibus,
3231 3913 3446 4003 quot-

154 4027 301 4107 quot
346 4021 805 4108 inveniuntur,
874 4015 1214 4113 Valacby‚
1284 4017 1420 4087 imo
1474 4020 1621 4110 ipsa
1674 4012 1717 4085 J
1722 4022 2039 4103 aventus
2111 4013 2446 4086 decimum
2500 4012 2838 4087 Octavum
2888 4011 3162 4085 Annum
3215 4031 3447 4083 exce-

156 4117 333 4206 dens
387 4123 471 4196 ad
527 4122 792 4195 Turcos
846 4130 917 4194 et
982 4120 1224 4194 hostes
1294 4120 1672 4192 coniunctis
1726 4114 1987 4189 viribus
2059 4126 2258 4190 erunt
2325 4120 2585 4214 parati,
2663 4115 2979 4213 adeoque
3049 4111 3449 4188 militaribus

160 4225 352 4316 signis
403 4227 493 4300 ad
564 4226 699 4299 boc
751 4247 876 4322 per
929 4222 1339 4297 Generalem
1392 4223 1725 4320 deputatis
1791 4223 2099 4309 excitati
2152 4223 2330 4294 inter
2381 4219 2551 4295 duas
2604 4221 2723 4294 vel
2774 4219 2862 4293 ad
2917 4241 3249 4294 summum
3302 4227 3450 4291 tres

160 4322 371 4424 boras,
423 4352 582 4403 cum
632 4331 820 4404 omni
868 4327 1119 4402 bellico
1173 4336 1524 4424 apparatu
1578 4347 1853 4422 semper
1904 4323 2338 4398 adminimum
2393 4345 2527 4399 sex
2559 4324 2679 4398 vel
2731 4333 2996 4421 septem
3046 4323 3252 4396 millia
3305 4324 3451 4395 mi-

160 4427 328 4506 litum
375 4433 839 4509 Valacborum
907 4435 980 4506 in
1046 4454 1254 4505 unum
1321 4432 1547 4505 locum
1603 4426 2244 4525 congregabuntur,
2314 4427 2539 4501 donec
2590 4438 2661 4500 et
2711 4429 2823 4525 qui
2876 4428 3148 4524 longius
3200 4426 3454 4502 distant

159 4545 463 4634 precepto
517 4535 737 4634 Signo
791 4557 1183 4626 accurrere
1249 4557 1466 4632 seque
1516 4557 1671 4608 cum
1722 4534 1856 4608 illis
1910 4536 2331 4628 coniungere
2384 4532 2504 4607 vel
2570 4531 2708 4605 alio
2759 4529 2873 4605 ubi
2943 4532 3328 4606 necessitas
3377 4528 3452 4604 id

156 4643 574 4734 requisiverit
624 4640 998 4716 secundum
1054 4636 1415 4713 Generalis
1467 4638 1985 4736 dispositionem
2039 4637 2418 4712 convolare
2468 4638 2753 4734 possint.

1122 4926 1683 5001 Articulus
1733 4923 2453 4999 Duodecimus.

452 5134 527 5209 Si
572 5146 817 5211 centra
862 5136 1131 5211 hostem
1185 5139 1383 5209 extra
1433 5131 1870 5206 Provinciam
1915 5131 2271 5221 ducentur,
2326 5129 2585 5228 absque
2630 5127 2994 5228 stipendio,
3046 5134 3118 5206 in
3152 5130 3457 5228 partibus

162 5228 411 5312 Turcae
464 5228 790 5334 subjectis
860 5261 986 5338 per
1036 5236 1550 5336 quat-vordeeim
1605 5234 1781 5325 dies
1862 5237 1932 5308 in
1999 5236 2149 5310 aliis
2200 5256 2378 5310 vero
2447 5233 2830 5310 Provinciis
2897 5257 3025 5333 per
3073 5234 3251 5311 Octo
3303 5236 3458 5346 dies

168 5332 389 5414 fastra
443 5340 799 5504 Generalis
844 5351 1251 5497 sequentur-5
1299 5339 1541 5437 quibus
1593 5338 1875 5488 elapsis,
1929 5344 2004 5412 ut
2053 5338 2296 5490 reliqui
2348 5338 2680 5506 stipendia
2734 5341 3090 5482 accipient.
3157 5337 3164 5344 '
