3950 5917
386 475 419 516 .,
521 383 680 500 aas

520 608 593 703 et
661 625 885 702 fidelis
964 629 1204 701 nostri.
1306 624 1515 699 Anno
1586 622 1674 699 ab
1744 628 2234 699 incarnacione
2277 617 2569 699 domini
2649 606 3012 701 millesimo
3095 609 3594 701 ducentesimo
3642 605 3847 726 quitr—

520 733 931 830 quagesimo
1009 733 1320 827 septimo.
1403 732 1451 823 ij
1508 726 1641 824 (2)
1695 727 1856 802 ldus
1934 728 2271 822 Januarij,
2349 728 2575 824 Regni
2655 738 2882 803 autem
2961 733 3181 804 nostri
3259 750 3440 804 anno
3518 730 3851 856 uicesimo

524 834 856 932 secundo.

1842 1015 2165 1100 (Sigillum
2211 1021 2552 1099 auulsum.)

525 1233 795 1304 onan-10
832 1237 884 1287 ιιι
920 1248 1071 1305 μη.
1105 1235 1161 1287 ι.
1192 1231 1453 1288 κιαι-ιω
1490 1230 1883 1287 emmo-a·
1914 1230 2087 1285 ιιικιι
2115 1230 2340 1302 anagn
2375 1229 2564 1300 omn
2598 1228 2976 1286 sumt-nno.
3011 1312 3017 1318 ι

2229 1413 2242 1422 ι

2171 1437 2254 1452 Ρ-Ρ

2121 1808 2247 1889 V.
2361 1867 2384 1888 ι

1460 2111 1471 2122 ·
1540 2097 1747 2167 Anao
1807 2094 2371 2170 1298—1307.
2468 2095 2832 2207 chamae.

521 2358 609 2439 B.
671 2359 1298 2464 Augustinus
1361 2356 2089 2462 Zagrabiensis
2151 2357 2762 2462 Episcopus,
2857 2355 3528 2462 Privilegium
3593 2358 3854 2437 libe-

522 2521 693 2576 rae
755 2498 1063 2612 villae
1126 2495 1300 2575 sub
1367 2495 1721 2577 Castro
1780 2493 2046 2600 Ugra
2111 2494 2755 2576 imcomitatu
2814 2492 3481 2600 Zagrabiensi
3563 2491 3854 2602 sitae,

666 2662 707 2715 a
771 2635 1580 2739 praedecessore
1642 2656 1821 2711 suo
1882 2632 2378 2713 Michaele
2443 2631 3073 2737 concessum,
3138 2633 3698 2731 confirmat.

835 2905 1078 2979 Frater
1130 2906 1584 3000 Augustinus,
1664 2909 2123 2981 miseracione
2196 2904 2422 2980 diuina
2493 2902 2978 3001 Zagrabiensis
3048 2905 3459 3002 Episcopus,
3534 2905 3856 2982 omnibus

524 3005 778 3080 Christi
828 3006 1141 3082 fidelibus
1194 3031 1487 3106 presens
1540 3012 1860 3106 scriptum
1914 3013 2326 3106 inspecturis
2381 3010 2672 3083 salutem
2726 3012 2794 3081 in
2842 3008 3117 3083 domino
3173 3013 3679 3107 sempiternam.
3739 3010 3856 3082 Ad

519 3113 1002 3185 vninersorum
1055 3115 1379 3185 noticiam
1432 3112 1668 3186 harum
1726 3117 1911 3192 serie
1964 3114 2278 3186 uolumus
2334 3116 2726 3209 peruenire,
2782 3112 2980 3200 Quod
3025 3111 3371 3187 accedens
3416 3112 3502 3185 ad
3539 3123 3854 3186 nostram

519 3219 950 3312 presenciam
1007 3219 1455 3289 communitas
1510 3217 1847 3312 hospitum
1900 3217 2117 3290 libere
2170 3216 2336 3291 ville
2389 3227 2626 3289 nostre
2681 3214 2805 3288 sub
2861 3226 3089 3290 castro
3128 3217 3215 3288 de
3270 3240 3471 3311 vgra,
3526 3238 3653 3311 per
3706 3239 3856 3290 ve-

519 3316 899 3392 nerabilem
978 3330 1240 3416 patrem
1325 3320 1673 3393 dominum
1748 3319 2182 3416 Mychaelem
2263 3319 2678 3417 Episcopum
2748 3319 3322 3416 predecessorem
3396 3331 3705 3394 nostrum
3766 3320 3856 3391 ad

519 3420 899 3494 libertatern
958 3434 1026 3495 et
1080 3421 1502 3520 subscriptas
1584 3423 2030 3497 condiciones
2109 3424 2439 3496 libertatis
2494 3426 2562 3495 in
2618 3423 2909 3496 eundem
2989 3424 3216 3496 locum
3271 3434 3630 3520 agregata,
3708 3446 3861 3496 ex-

519 3522 732 3596 hibuit
783 3523 983 3599 nobis
1035 3526 1295 3601 litteras
1330 3521 1813 3623 ‘priuilegiales
1888 3526 2196 3602 eiusdem
2252 3526 2508 3616 domini¹
2557 3526 2910 3624 Episcopi,
2982 3529 3429 3616 condiciones
3485 3551 3610 3600 seu
3667 3549 3862 3599 con-

522 3631 910 3702 stitutiones
964 3627 1295 3702 libertatis
1349 3633 1562 3726 ipsius
1619 3634 2119 3703 communitatis
2174 3634 2631 3722 continentes,
2685 3641 3066 3727 petensque
3119 3653 3157 3702 a
3213 3630 3411 3704 nobis
3467 3654 3621 3702 cum
3678 3654 3862 3726 pre-

520 3753 675 3803 cum
731 3734 1090 3822 instancia,
1147 3743 1218 3806 ut
1273 3735 1554 3807 easdem
1609 3733 1870 3807 litteras
1925 3737 2178 3808 nostris
2232 3734 2470 3808 litteris
2523 3734 3058 3858 priuilegialibus
3133 3733 3543 3807 confirmare
3592 3733 3862 3828 digna—

518 3855 776 3924 remur,
833 3858 1111 3932 quarum
1168 3847 1370 3909 tenor
1420 3837 1575 3908 talis
1630 3846 1773 3910 est:
1828 3836 2150 3932 Mychael
2204 3837 2314 3910 dei
2369 3841 2602 3932 gracia
2654 3841 3020 3936 episcopus
3070 3837 3558 3933 Zagrabiensis
3614 3840 3864 3911 omni-

434 3941 439 3948 '
517 3935 648 4012 bus
730 3936 979 4014 Christi
1057 3937 1369 4013 fidelibus
1450 3950 1846 4035 presentem
1927 3944 2250 4037 paginam
2319 3939 2739 4037 inspecturis
2822 3944 3109 4016 salutem
3180 3946 3249 4014 in
3321 3945 3619 4014 omnium
3699 3943 3863 4016 sal—

519 4051 783 4114 uatore.
891 4042 1390 4116 Vniuersorum
1445 4046 1700 4116 noticie
1753 4044 1990 4116 harum
2048 4048 2229 4119 serie
2286 4044 2761 4120 declaramus.
2873 4045 3069 4133 Quod
3125 4046 3570 4120 condiciones
3625 4044 3860 4118 liber—

515 4149 673 4219 tatis
730 4145 1068 4242 hospitum
1127 4168 1309 4220 noue
1363 4144 1579 4219 libere
1632 4148 1792 4219 uille
1848 4159 2086 4222 nostre
2138 4149 2225 4221 de
2277 4171 2454 4243 vgra
2508 4159 2644 4221 tam
2697 4155 3132 4244 presencium
3214 4172 3414 4245 quam
3466 4146 3858 4222 futurorum

520 4271 559 4320 a
615 4246 817 4323 nohis
896 4250 1159 4325 eisdem
1244 4271 1588 4325 concesse
1668 4260 1954 4326 eatenus
2036 4251 2498 4327 ordinauimus
2570 4264 2640 4325 et
2692 4251 3134 4328 stabiliuimus
3195 4253 3593 4345 ordinatas,
3669 4249 3862 4348 quod

516 4352 728 4444 ijdem
781 4352 1088 4449 hospites
1142 4357 1361 4427 nostri
1414 4375 1768 4450 mayorem
1824 4347 1984 4428 uille
2039 4378 2512 4451 quemcunque
2565 4356 2906 4430 noluerint
2958 4381 3051 4430 ex
3098 4361 3439 4430 communi
3491 4356 3856 4430 voluntate

516 4455 816 4550 eligendi
872 4480 997 4530 seu
1051 4457 1447 4553 preficiendi
1502 4481 1586 4530 ac
1638 4459 1937 4531 mutandi
1991 4463 2331 4532 annuatim
2385 4459 2666 4532 liberam
2742 4459 3038 4532 habeant
3088 4460 3502 4533 facultatem.
3607 4460 3856 4533 Idem-

511 4582 646 4655 que
699 4562 921 4633 maior
970 4563 1137 4633 ville
1190 4564 1493 4656 ipsorum
1546 4565 1911 4636 vniuersas
1968 4586 2217 4637 causas
2272 4564 2666 4660 pecuniales
2721 4568 2897 4638 inter
2937 4569 3125 4661 ipsos
3182 4573 3651 4658 emergentes,
3714 4588 3851 4639 vna

513 4684 667 4748 cum
751 4663 1138 4738 senioribus
1192 4668 1404 4759 ipsius
1460 4665 1624 4739 ville
1703 4666 2032 4738 videlicet
2108 4669 2313 4763 pleno
2368 4670 2515 4738 iure
2587 4678 2658 4741 et
2689 4669 2956 4741 -iudicia
3030 4691 3154 4764 pro
3211 4672 3316 4741 sui
3369 4690 3503 4742 vsu
3559 4673 3854 4764 exigent

514 4777 875 4857 consueta,
960 4768 1225 4843 scilicet
1305 4768 1665 4841 duodecim
1719 4769 2039 4843 denarios
2111 4792 2236 4866 pro
2307 4772 2579 4843 iudicio,
2685 4771 2989 4845 Maiores
3059 4795 3229 4845 uero
3303 4795 3580 4862 causas,
3636 4775 3850 4845 ueluti

509 4868 902 4963 homicidia,
957 4871 1337 4962 latrocinia,
1391 4871 1567 4944 furta
1619 4883 1689 4945 et
1724 4875 2064 4964 incendia,
2121 4875 2593 4970 wlnerumque
2645 4877 3002 4950 illaciones
3050 4886 3118 4949 et
3153 4879 3647 4971 percussiones
3709 4877 3848 4949 ho-

514 4977 769 5048 minum
820 4979 888 5048 in
944 4976 1055 5048 die
1123 4974 1257 5049 fori
1311 4976 1735 5060 accidentes..
1802 4999 2049 5050 ‘comes
2119 4988 2360 5051 noster
2412 4978 2496 5050 de
2552 5002 2724 5072 vgra
2804 4983 2955 5052 siue
3007 4979 3421 5053 castellanus
3475 5002 3600 5075 pro
3658 4991 3850 5053 tem-

510 5101 682 5177 pore
738 5083 1145 5154 constitutus
1200 5102 1336 5154 vna
1394 5102 1545 5152 cum
1600 5084 1842 5153 maiori
1893 5082 2060 5156 ville
2113 5092 2475 5155 teneantur
2524 5082 2850 5156 iudicare.
2904 5080 2981 5157 In
3037 5082 3278 5178 quibus
3333 5083 3606 5179 quidem
3665 5107 3848 5157 cau-

509 5186 610 5259 sis
665 5182 799 5256 due
852 5194 1083 5280 partes
1135 5183 1537 5257 iudiciorum
1615 5183 1864 5259 cedant
1915 5187 2046 5281 ipsi
2099 5189 2355 5277 comiti,
2430 5189 2716 5260 terciam
2767 5209 2944 5261 vero
2997 5191 3332 5284 percipiat
3400 5191 3621 5260 maior
3675 5189 3848 5261 ville

508 5286 910 5360 eorundem.
1018 5287 1168 5375 Que
1223 5286 1495 5384 quidem
1547 5287 1793 5361 iudicia
1868 5287 2135 5383 singula
2209 5287 2587 5364 secundum
2639 5293 2879 5364 merita
2933 5313 3064 5365 sev
3119 5292 3509 5386 qualitatem
3574 5313 3842 5366 causa-—

509 5409 662 5459 rum
715 5392 1081 5481 exigantur
1118 5400 1187 5463 et
1222 5413 1360 5464 non
1398 5389 1615 5481 ultra3
1670 5402 1741 5468 et
1790 5390 1975 5467 nulle
2032 5414 2245 5468 cause
2293 5397 2471 5468 inter
2521 5396 2713 5490 ipsos
2766 5395 2855 5469 ad
2898 5394 3191 5468 duellum
3245 5395 3659 5484 iudicentur,
3714 5393 3841 5470 sed
