3950 5917
526 299 689 454 {²⁴4

519 549 730 617 misse
804 554 1006 637 atque
1063 549 1247 617 serio
1304 545 1906 633 animadvertatur,
1980 549 2304 641 praestita
2363 568 2493 619 una
2550 547 2746 620 simul
2800 547 3041 620 Laesis
3098 559 3167 620 et
3216 550 3556 642 Injuriatis
3639 552 3813 647 plena

516 658 590 764 et
641 648 1028 720 omnimoda
1088 645 1593 721 Satisfactione.
1704 644 1873 720 Cum
1927 659 2151 722 autem

835 802 952 875 11.
1061 802 1546 876 Necessarium
1619 806 1894 875 omnino
1950 805 2062 887 sit,
2146 814 2217 874 ut
2270 767 2644 876 Comitatus
2699 808 2903 877 etiam
2976 805 3043 877 bi
3097 805 3514 880 Anthentico
3569 771 3817 900 Sigillo,

517 928 654 1002 quo
708 905 1201 999 Expeditiones
1257 927 1420 978 suas
1476 905 1811 997 signando
1866 904 2249 1000 fidedignas
2303 906 2620 993 reddant,
2688 907 3203 1003 provideantur,
3277 932 3399 1005 pro
3471 912 3587 983 illo
3639 913 3824 1004 igitur

515 1006 647 1082 sibi
702 1005 1096 1082 Clementer
1147 1007 1574 1081 conferendo
1645 1011 1992 1081 inviantur
2042 1007 2129 1081 ad
2183 1008 2609 1082 formandam
2665 1032 2897 1082 coram
2951 1010 3229 1084 Tbrono
3287 1012 3508 1106 Regio
3559 1013 3822 1086 Instau-

514 1116 703 1202 tiam‚
771 1111 951 1206 quod
1009 1111 1282 1183 tandem
1336 1111 1724 1185 Occasione
1777 1110 2325 1185 Restaurationis
2377 1111 2911 1206 Magistratualis
2956 1135 3083 1209 per
3135 1114 3540 1210 Supremam
3599 1114 3820 1189 Comi-

514 1224 680 1300 tem,
734 1212 1048 1286 Manibus
1104 1215 1402 1309 legitime
1457 1215 1663 1287 electi
1696 1213 1871 1286 Vice
1909 1212 2195 1286 Comitis
2250 1214 2787 1308 consignabitur,
2840 1238 2966 1311 per
3018 1215 3196 1288 bunc
3250 1215 3539 1289 fideliter
3596 1241 3822 1290 asser-

514 1305 841 1409 vandum,
894 1327 962 1390 et
1017 1317 1283 1390 demum
1341 1318 1496 1390 dum
1554 1316 2055 1412 subsequenter
2106 1317 2236 1389 alia
2291 1317 2727 1390 Restanratio
2779 1317 3123 1391 celebrata
3169 1318 3395 1396 fuerit.
3452 1331 3611 1415 post
3660 1344 3823 1392 con-

514 1430 782 1494 svetam
857 1420 942 1492 ab
1007 1419 1255 1493 Officio
1319 1420 1889 1510 valedictionem,
1973 1420 2200 1494 denuo
2274 1420 2611 1516 Supremo
2668 1418 2912 1494 Comiti
2966 1424 3034 1494 in
3088 1427 3475 1520 praesentia
3531 1422 3825 1496 Univer-

517 1521 734 1596 sitatis
789 1523 1161 1597 Comitatus
1216 1511 1723 1617 resignandum.
1777 1523 1854 1596 ln
1906 1524 2173 1619 reliquo

832 1677 951 1750 12.
1058 1678 1269 1751 Iidem
1339 1677 1409 1751 hi
1463 1676 1841 1751 Comitatus
1889 1678 2356 1752 Jurisdictioni
2406 1678 2577 1751 Bani
2630 1688 2702 1751 et
2752 1677 2977 1772 Regni
3030 1701 3238 1774 porro
3293 1703 3566 1776 quoque
3622 1680 3824 1752 sube-

511 1792 691 1871 runt,
773 1781 1068 1876 ideoque
1122 1781 1387 1876 publica
1444 1793 1514 1853 et
1564 1781 1846 1855 Politica
1918 1784 2359 1854 intrinsecum
2411 1783 2618 1854 totins
2668 1781 2894 1874 Regni
2948 1781 3210 1854 Statum
3282 1785 3637 1876 tangentia
3687 1782 3827 1855 Ne·-

513 1888 700 1978 gotia
782 1884 1069 1981 posthac
1141 1888 1342 1957 etiam
1411 1884 1497 1957 ad
1568 1884 1829 1957 Banum
1903 1894 1972 1957 et
2022 1883 2337 1980 Regnum
2412 1881 2843 1957 inviabuntur
2912 1894 2981 1956 et
3052 1888 3120 1957 in
3176 1884 3828 1977 Congregationibus

515 1987 741 2081 Regni
811 1986 1441 2082 pert.ractabuntur;
1521 1988 1634 2061 Ad
1705 2010 1878 2084 quas
1952 1987 2155 2060 modo
2228 1987 2559 2060 hactenus
2615 1987 2991 2061 observato
3046 1988 3363 2083 Supremi
3418 1988 3721 2062 Comites
3771 1998 3833 2059 et

513 2090 773 2163 residui
826 2089 1177 2164 Officiales
1234 2090 1687 2164 Comitatuum
1759 2112 2169 2186 comparere
2221 2100 2293 2162 et
2341 2089 3039 2163 Determinationibus
3092 2090 3668 2184 Regnicolaribus
3717 2113 3830 2187 pro

514 2189 798 2267 Summo
855 2193 1039 2266 Suae
1070 2195 1597 2268 Sacratissimae
1649 2193 2035 2285 Majestatis
2088 2193 2417 2284 Servitio,
2480 2193 2813 2287 Bonoque
2865 2191 3147 2266 Publice
3201 2194 3517 2285 conditis,
3575 2216 3657 2267 se
3713 2217 3831 2266 ac-

515 2297 913 2386 comodare,
970 2319 1227 2394 easque
1282 2301 1536 2394 exequi
1588 2296 2017 2370 tenebuntur.
2123 2296 2431 2388 Benigna
2488 2295 2848 2392 Rescripta
2905 2293 3528 2390 Caesareo-Regia
3586 2297 3832 2390 (veluti

515 2400 741 2494 quoad
795 2397 1170 2474 Comitatus
1239 2400 1594 2474 Inferioris
1649 2399 2069 2472 sclavoniae
2142 2398 2591 2492 observatur)
2664 2399 2892 2472 medio
2948 2396 3231 2473 Comitis
3283 2401 3453 2473 Bani
3521 2400 3611 2473 ad
3667 2421 3832 2473 eos-

519 2502 674 2576 dem
745 2503 1121 2598 dirigentur
1199 2513 1270 2577 et
1348 2503 1400 2576 li
1463 2506 1769 2576 vicissim
1822 2502 2524 2599 Repraesentationes
2597 2513 2668 2575 et
2735 2524 2860 2598 pro
2929 2525 3010 2576 re
3079 2513 3237 2576 nata
3311 2502 3834 2576 informationes

518 2606 699 2679 Suas
779 2606 865 2678 ad
944 2606 1288 2680 altefatam
1363 2607 1575 2678 Suam
1625 2605 2062 2697 Maiestatem
2107 2605 2658 2680 Sacratissimam
2726 2604 3060 2697 Ejusdem
3114 2606 3342 2679 medio
3397 2605 3830 2680 submittent.

514 2709 683 2782 Sine
740 2708 949 2802 Cujus
1022 2720 1092 2782 et
1142 2710 1368 2802 Regni
1417 2712 1764 2805 praescita
1836 2717 1906 2780 et
1959 2706 2326 2782 consensu
2375 2708 2590 2781 Arma
2664 2719 2732 2780 et
2785 2708 3045 2782 Gentes
3113 2732 3254 2782 non
3324 2709 3684 2798 levabunt,
3762 2733 3838 2779 ac

512 2812 811 2908 denique
866 2812 1230 2904 cujuslibet
1281 2810 1857 2906 congregationis
1914 2809 2100 2884 Suae
2153 2810 2618 2884 Protocollum
2675 2808 2800 2884 sub
2853 2809 3061 2884 Lecta
3107 2811 3367 2905 Notarij
3426 2812 3656 2885 eidem
3696 2808 3838 2884 Co·-

514 2917 658 2987 miti
709 2915 904 2988 Bano
952 2914 1087 2988 fine
1144 2937 1259 3005 eo,
1331 2925 1402 2987 ut
1453 2914 1704 2989 Notitia
1759 2914 2094 2988 Actorum
2145 2914 2496 3011 praeditus
2549 2918 2618 2987 in
2675 2913 3056 2988 directione
3110 2913 3434 2989 Comunis
3489 2926 3564 2988 et
3617 2914 3842 3011 publi-

516 3039 646 3088 cae
717 3021 820 3089 rei
889 3026 1082 3090 recte
1152 3016 1535 3114 procedere
1607 3018 1866 3104 valeat,
1937 3039 2092 3090 cum
2164 3016 2302 3090 fine
2356 3019 2667 3110 cujusvis
2721 3015 3297 3113 Congregationis
3368 3023 3840 3091 transmittent.

511 3118 914 3192 Imminente
961 3142 1169 3218 porro
1208 3119 1530 3194 Generali
1574 3120 1801 3214 Regni
1847 3121 2241 3215 Hungariae
2277 3119 2710 3216 Partiumque
2745 3120 2832 3194 Ei
2883 3144 3304 3194 annexarum
3340 3123 3618 3213 Diaeta,
3662 3119 3843 3194 Gra-

513 3225 815 3308 vamina,
888 3223 1376 3319 Postulataqne
1429 3223 1571 3297 Sua
1626 3223 1929 3299 Statibus
1979 3227 2043 3297 dc
2097 3221 2461 3297 Ordinibus
2512 3222 2737 3318 Regni
2801 3224 3133 3313 referent,
3203 3247 3329 3321 per
3380 3225 3629 3298 borum
3684 3234 3830 3298 tan-

512 3324 673 3398 dem
727 3325 1113 3421 Ablegatos
1165 3326 1471 3400 Nuncios
1525 3326 1612 3400 ad
1665 3326 1957 3400 eandem
2011 3326 2324 3401 Diaetam
2380 3326 2525 3401 Suo
2578 3326 2786 3401 modo
2842 3326 3267 3401 deducenda.

831 3480 952 3554 13.
1057 3483 1136 3556 In
1202 3481 1524 3556 Jnridicis
1592 3482 1680 3555 ad
1740 3481 2067 3555 Normam
2121 3492 2194 3555 et
2238 3481 2697 3578 Prascriptum
2752 3481 2975 3577 Regni
3027 3481 3288 3576 Legum
3343 3480 3734 3579 procedent
3785 3492 3848 3552 et

514 3587 784 3681 quoties
857 3606 1033 3681 opus
1113 3585 1320 3659 fuerit
1388 3585 1598 3659 sedes
1665 3585 2074 3659 Jndiciarias
2144 3607 2270 3682 per
2321 3585 2727 3683 Supremam
2783 3583 3144 3672 Comitem,
3216 3595 3332 3657 aut
3384 3608 3475 3659 eo
3530 3584 3846 3671 ahsente,

513 3689 634 3761 vel
684 3689 1033 3784 impedito,
1089 3688 1263 3763 Vice
1318 3687 1651 3762 Comitem
1715 3684 2199 3784 praefigendas
2252 3697 2323 3762 et
2374 3691 2786 3784 tempestive
2855 3687 3323 3785 publicandas,
3374 3686 3845 3772 celebrabunt,

512 3793 585 3865 in
637 3792 901 3883 ijs-sus
956 3803 1026 3866 et
1076 3792 1416 3867 Justitiam
1470 3791 1839 3866 observata
1894 3792 2105 3887 legali
2156 3790 2533 3866 Causarum
2588 3795 2774 3866 serie
2816 3793 3013 3883 ,iuxta
3054 3790 3599 3866 Constitutiones
3630 3791 3849 3884 Regni

514 3892 969 3969 Causantibns
1021 3896 1487 3991 impartialiter
1539 3893 2139 3986 administrabunt3
2193 3893 2279 3968 ad
2315 3895 2614 3968 Tabulas
2647 3894 3055 3968 Judieiarias
3110 3897 3263 3987 (cui
3300 3894 3644 3968 hactenus
3682 3893 3844 3968 Cle-

511 4019 632 4069 rus
687 4018 959 4092 quoque
1015 3997 1387 4083 assidebat,
1443 4007 1514 4070 et
1561 4019 1771 4094 porro
1827 4019 2101 4095 quoqne
2155 3996 2524 4090 assidebit)
2580 4001 2640 4073 si
2695 4008 2768 4072 et
2813 4002 2885 4072 in
2933 4008 3254 4093 quantum
3288 3996 3844 4091 Magistratuales

516 4121 659 4173 non
738 4101 1159 4190 sufficerent,
1240 4107 1472 4175 certos
1541 4100 1975 4176 Assessores
2049 4112 2387 4176 consveto
2459 4101 2774 4174 Judieum
2842 4101 3244 4175 Juramento
3314 4100 3842 4196 adstringendos

510 4225 685 4296 erga
758 4204 1029 4277 solitam
1082 4204 1398 4300 Supremi
1452 4201 1737 4278 Comitis
1788 4203 2353 4279 Candidationem
2423 4205 2722 4301 eligent3
2790 4203 2870 4278 In
2939 4204 3250 4279 Partibus
3303 4204 3840 4278 Vice-Comites

514 4328 670 4378 cum
723 4306 1060 4399 adjunctis
1109 4308 1353 4382 Jndice
1407 4306 1746 4381 Nobilium
1800 4316 1873 4380 et
1920 4309 2310 4384 Jurassoris
2363 4309 2522 4383 loco
2577 4306 3049 4382 Vico-Judice
3112 4307 3503 4398 Nobilium3
3556 4307 3837 4381 Judices

511 4431 690 4482 vero
744 4409 1084 4484 Nobilium
1151 4434 1303 4484 cnm
1373 4434 1511 4485 uno
1581 4413 1728 4508 pari
1797 4412 2003 4485 modo
2058 4411 2443 4485 adhibendo
2494 4410 2964 4485 Vico-Judice
3016 4409 3360 4485 Nobilium
3432 4410 3713 4486 Causas
3764 4411 3840 4484 de

511 4511 704 4606 Lege
747 4513 1085 4586 Jndicatui
1129 4536 1256 4588 suo
1312 4524 1784 4609 competentes
1830 4513 2255 4607 judicabunt,
2311 4514 2579 4609 aliaque
2614 4514 2845 4589 Mania
2895 4514 3253 4588 Judicialia
3306 4515 3630 4611 Ipsorum
3669 4513 3840 4590 Offi-

512 4618 645 4708 eijs
725 4618 946 4690 delata
1031 4626 1407 4712 peragent:
1514 4619 1581 4690 A
1636 4617 1877 4712 quibus
1933 4616 2206 4692 Causae
2258 4616 2651 4691 Secundum
2704 4616 3133 4715 Cynosuram
3185 4617 3446 4713 Legum
3503 4622 3578 4691 in
3638 4641 3839 4715 prae-

518 4722 810 4792 sentiam
901 4721 1089 4794 sedis
1155 4720 1570 4794 Judiciariae
1654 4720 2102 4794 comitatuum
2175 4720 2731 4817 appellabuntur,
2813 4742 3227 4816 eorsumque
3305 4722 3709 4794 Processus
3780 4724 3838 4793 in

512 4820 843 4917 originali
915 4828 981 4896 in
1035 4847 1160 4898 sua
1231 4828 1618 4919 integritate
1671 4823 2109 4914 referentur3
2178 4824 2247 4895 A
2300 4823 2595 4897 Sedibus
2646 4824 3038 4917 Judiciarijs
3089 4845 3291 4914 vero,
3365 4827 3458 4897 uti
3511 4824 3837 4898 hactenus

516 4936 923 5000 consvetum
974 4925 1127 5019 fnit,
1183 4928 1565 5024 appellatae
1620 4928 1707 5024 ad
1760 4928 2088 5000 Tabulam
2139 4927 2466 5001 Banalem
2522 4927 2915 5023 dirigentur.

832 5083 948 5158 14.
1009 5070 1013 5074 ’
1056 5083 1282 5158 Sedes
1335 5087 1540 5158 etiam
1596 5081 2001 5159 Criminales
2055 5080 2494 5158 celebrabunt
2551 5093 2621 5156 et
2671 5082 2838 5156 Jure
2895 5079 3114 5176 Gladij
3192 5082 3500 5156 adinstar
3553 5084 3839 5156 aliorum

513 5185 966 5261 comitatuum
1011 5189 1227 5281 juxta'
1258 5186 1519 5284 Legum
1572 5187 2082 5263 ordinationem
2141 5197 2434 5278 utentur,
2504 5185 2846 5261 Fiscalem
2900 5185 3170 5260 Salario
3245 5190 3631 5286 provisum,
3711 5196 3837 5257 tam

512 5290 583 5363 in
615 5288 1107 5394 ¹criminalibus
1160 5291 1552 5366 modalitate
1601 5290 1842 5389 Legali
1899 5312 2416 5389 processurum,
2494 5311 2698 5388 quam
2748 5292 3049 5365 miserae
3099 5289 3359 5383 Plebis,
3430 5289 3838 5402 Pa'uperum,
