3950 5917
3250 397 3405 488 ἓὲἔ

133 613 555 689 Consilium
574 637 632 705 ,·
669 609 1181 706 Gemellarios,
1223 611 1819 702 :fraenum-inm,
1890 610 2358 688 Cubicularios
2379 661 2403 701 ,
2472 607 2909 709 Dapiferum,
2976 606 3469 699 Phcm'

133 718 415 792 Gonnus
445 715 902 792 ¹Camararum
956 726 1028 791 et
1077 715 1496 813 generaliter·
1565 737 1808 792 omnes
1860 715 2196 790 officiales
2267 715 2567 790 maiores
2621 724 2694 788 et
2741 716 3047 790 minores
3115 710 3415 807 Hungu-
3538 735 3545 742 ·

133 844 244 904 ros
287 831 636 896 teneamus
689 830 763 895 et
810 817 1228 895 babeamus.'
1301 817 1474 896 Item
1549 818 1819 917 quando
1871 818 1960 894 de
2006 816 2216 920 rebus
2267 828 2340 893 et
2388 820 2709 913 negociis.
2775 816 3003 912 Regni
3061 815 3417 910 Hungarie

49 943 54 1026 l
135 935 240 998 aut
285 928 567 1022 partium
647 921 778 1000 sibi
846 924 1303 999 subiectarum
1379 933 1645 1019 agetur,
1724 945 1862 997 non
1916 945 2077 997 cnm·
2121 924 2303 1017 aliis,
2353 931 2787 1020 preterquam
2863 942 3021 996 cum
3067 918 3443 1015 Hungaris

49 1037 52 1072 ³
136 1027 548 1103 consiliariis.
587 1037 957 1101 tractemus
994 1037 1066 1102 et
1097 1027 1587 1119 consultamus,
1641 1037 1714 1101 et
1762 1027 1936 1101 alios
1989 1026 2311 1102 forenses
2362 1026 2673 1123 aliasque
2718 1025 3035 1100 nationes
3087 1022 3419 1108 adtalem
3546 1051 3551 1055 ·

129 1130 706 1221 consultationem,
781 1132 1054 1228 taleque
1132 1130 1489 1206 consilium
1553 1153 1691 1205 non
1765 1130 2215 1206 admittamus.
2308 1129 2477 1208 Item
2532 1128 2713 1228 quod
2762 1126 3117 1204 mnenon
3171 1126 3419 1202 eccle·
3545 1156 3548 1160 ’

49 1211 52 1320 [
132 1239 388 1310 siasu’ca
406 1286 432 1325 ,
500 1237 864 1332 presertim
932 1256 1108 1309 vero
1157 1246 1170 1306 J
1179 1233 1828 1331 Arcbiepiscopatus
1847 1286 1872 1318 ,
1939 1232 2420 1331 Episcopatus,
2487 1231 2847 1321 Abbatias,
2914 1231 3420 1333 Prepesituras,

49 1343 50 1416 ξ
136 1348 521 1435 ceterasque
576 1337 965 1413 Prelatnras
1017 1341 1290 1414 nonnisi
1343 1337 1715 1433 Hungaris,
1768 1338 1884 1411 vel
1939 1341 2054 1433 qui
2103 1347 2262 1414 sunt
2312 1336 2586 1413 Corone
2639 1334 2725 1412 ab
2776 1340 3051 1433 antiquo
3104 1332 3419 1425 subiecti,

135 1441 368 1539 absque
422 1463 765 1539 expresso
817 1463 1168 1517 consensu
1220 1452 1290 1516 et
1340 1440 1556 1516 libera
1609 1464 1704 1515 ac·
1740 1450 2121 1539 spontanea
2191 1442 2554 1517 voluntate·
2614 1440 3039 1515 dominorum
3090 1437 3419 1544 Prelatoss

49 1635 50 1640 Ν
136 1568 263 1619 rum
310 1555 381 1619 et
425 1545 801 1634 Beronum,
852 1545 1213 1641 Regnique
1268 1542 1798 1621 Consiliarorum
1872 1542 2195 1620 conferre
2245 1546 2626 1634 valeamus,
2699 1543 3138 1620 conseramus
3174 1552 3425 1616 ¹autem

49 1647 52 1742 l
134 1653 419 1744 personis
500 1649 837 1746 probitate
890 1671 977 1723 ac
1027 1646 1386 1725 virtutibus
1455 1647 1919 1726 benemeritis.
2021 1647 2194 1722 Item
2264 1650 2445 1746 quod
2494 1648 2932 1747 Wayuodam
2985 1647 3421 1744 Transylua-

49 1745 50 1752 ‘
137 1755 443 1843 niensem,
499 1763 574 1827 et·
626 1750 1033 1826 Comitatum
1085 1752 1473 1827 Siculorum
1526 1762 1597 1826 et
1644 1752 2234 1843 Themesiensem,
2311 1751 2837 1844 Posonieusem,
2906 1760 3221 1849 preterea
3271 1750 3421 1823 Ba-

49 1863 50 1924 }
139 1865 339 1930 natum
395 1856 797 1947 Sclauonie,
848 1855 1199 1930 Dalmacie
1252 1866 1322 1930 et
1365 1853 1682 1943 Croscie,
1736 1878 1870 1930 nec
1905 1878 2044 1930 non
2095 1854 2663 1946 Zewriniensem,
2714 1855 2995 1932 Nandor
3042 1853 3426 1929 Albensem

49 1951 52 1968 s
139 1959 307 2035 etde
338 1959 632 2057 Jaycza,
684 1961 951 2056 aliaque
1003 1960 1159 2034 loca
1209 1970 1282 2033 et
1318 1970 1547 2034 castra
1598 1957 1902 2047 finitima,
1954 1982 2089 2034 uec
2139 1982 2281 2034 non
2332 1964 2644 2038 ciuitates
2692 1958 3026 2055 Regales‚
3074 1981 3219 2033 non
3270 1958 3427 2036 aliis

137 2073 544 2160 preterquam
598 2063 941 2158 Hungaris
995 2085 1120 2160 pro
1172 2062 1544 2138 officiolatu
1598 2062 1767 2137 dare
1815 2073 1884 2137 et
1937 2061 2260 2139 conferre
2310 2064 2695 2155 valeamus,
2744 2062 2926 2140 bene
2977 2074 3206 2137 tamen
3228 2113 3233 2120 -
3259 2084 3423 2148 me·-

133 2169 279 2240 ritis.
328 2165 499 2241 Item
549 2170 1043 2264 possessiones
1097 2176 1171 2240 et
1219 2170 1365 2242 iura
1437 2169 1986 2264 possessionsria
2066 2189 2207 2243 non
2282 2165 2699 2260 forensibus,
2777 2167 2900 2244 sed
2982 2166 3424 2246 benemeritis

49 2341 50 2346 Ν
138 2270 381 2362 incolis,
429 2281 664 2345 tamen
716 2270 944 2366 Regni
1000 2280 1070 2344 et
1122 2269 1396 2345 Corone
1440 2267 1793 2365 Hungarie
1844 2269 2197 2361 subiectis,
2255 2275 2443 2346 iuxta
2496 2294 2735 2348 eorum
2785 2275 3024 2346 merita
3079 2282 3150 2344 et
3196 2268 3429 2346 obse-

140 2376 274 2469 quis
325 2373 792 2449 conferamus.
897 2373 1097 2464 Item,
1169 2374 1352 2470 quod
1398 2378 1469 2449 in
1523 2371 2094 2449 celebrationibus
2165 2386 2563 2450 octauarum
2627 2375 2890 2452 iudices
2941 2375 3166 2471 Regni
3218 2374 3424 2448 Hun-

137 2480 303 2570 garie
361 2479 690 2552 ordinarii
763 2478 1221 2574 personaliter
1295 2481 1632 2566 intersint,
1710 2480 1843 2553 nisi
1897 2501 1993 2552 ex
2044 2500 2254 2554 causa
2331 2480 2630 2573 legitima
2683 2483 2751 2552 in
2805 2478 3032 2553 arduis
3110 2480 3426 2573 negociis

49 2547 52 2644 l
140 2578 342 2676 Regni
372 2580 710 2678 prepediti
745 2581 1022 2670 fuerint,
1073 2581 1195 2654 vel
1228 2583 1403 2656 alter
1437 2581 1705 2657 illorum
1757 2580 2004 2670 fuerit,
2055 2585 2185 2678 ipsi
2238 2593 2465 2657 autem
2497 2593 2568 2657 et
2601 2606 2834 2658 eorum
2881 2583 3425 2677 Vicesgerentes

48 2659 60 2852 l
139 2694 195 2756 et
243 2683 750 2761 Goassessores
796 2684 1105 2773 liberam,
1158 2684 1429 2782 plenam
1475 2696 1546 2759 et
1584 2684 2039 2760 omnimodam
2091 2685 2393 2761 habeant
2438 2686 2829 2792 facultatem
2880 2686 3191 2763 omnibus
3244 2709 3426 2761 cau-

49 2857 50 2860 ,
143 2786 417 2864 sentibus
487 2787 862 2863 maioribus
915 2798 988 2862 et
1036 2787 1405 2863 minoribus
1478 2791 1942 2884 cuiuscunque
2018 2799 2232 2865 status
2286 2801 2361 2864 et
2406 2791 2829 2866 condicionis
2901 2814 3026 2865 seu
3079 2791 3425 2885 dignitatis

49 2875 56 3042 P
143 2895 435 2983 existant,
490 2890 755 2989 absque
807 2896 993 2967 omni
1039 2896 1282 2966 timore
1334 2914 1591 2967 meram
1639 2903 1714 2966 et
1745 2896 2114 2984 sinceram,
2163 2898 2353 2970 iuxta
2405 2893 2630 2990 Regni
2679 2899 3017 2990 antiquam
3058 2906 3129 2968 et
3163 2915 3425 2991 appro-

143 2991 335 3068 batam
388 2996 982 3087 consuetudinem,
1033 2999 1368 3071 iusticiam
1421 2996 1868 3088 ministrandi,
1930 3007 2003 3071 et
2052 2998 2234 3093 quod
2284 3002 2627 3072 neminem
2669 2999 2983 3073 Judicum
3039 2999 3423 3096 compella-

143 3119 268 3173 mus
317 3101 433 3174 vel
484 3102 946 3195 astringamus
988 3103 1057 3174 in
1093 3099 1407 3174 fauorem
1460 3100 1749 3175 alicuius
1805 3102 2365 3193 consuetudines,
2420 3123 2849 3177 communem
2901 3101 3427 3178 obseruanciam

144 3221 215 3272 ac
256 3205 411 3280 iuris
465 3202 780 3278 ordinem
831 3206 1187 3277 immutare
1237 3226 1363 3278 seu
1415 3203 1839 3301 perturbare,
1875 3204 2027 3278 ·vel
2080 3216 2282 3300 provt
2327 3210 2396 3280 in
2449 3228 2635 3280 nouo
2688 3206 2973 3281 decreto
3025 3205 3232 3280 fuerit
3284 3230 3427 3279 ex-

49 3403 50 3406 *
143 3324 443 3397 pressum.
499 3306 700 3399 ltem,
754 3306 933 3404 quod
988 3307 1077 3380 ad
1125 3308 1499 3404 simplicem
1556 3308 1904 3405 querelam
1956 3308 2078 3383 vel
2121 3312 2462 3385 sinistram
2516 3314 3029 3406 suggestionem
3082 3312 3429 3383 neminem

49 3471 50 3482 ,
147 3403 652 3503 Regnicolarum
705 3421 1096 3488 nostrorum
1176 3415 1639 3507 cuiuscunque
1692 3421 1907 3487 status
1962 3434 2090 3486 seu
2142 3413 2566 3488 condicionis
2621 3418 2900 3502 existat,
2976 3416 3047 3488 in
3101 3435 3424 3510 persona,

145 3513 674 3604 possessionibus
728 3537 855 3589 seu
907 3513 1418 3611 quibuscunque
1485 3514 1695 3591 rebus
1743 3513 2208 3612 aliquomodo,
2261 3526 2494 3613 preter
2541 3521 2736 3592 viam·
2786 3521 2963 3600 iuris·
3005 3527 3081 3592 et
3123 3515 3427 3613 partibus

145 3634 260 3688 non
307 3618 579 3706 auditis,
632 3618 1100 3713 impediamus.
1165 3617 1363 3710 Item,
1417 3620 1597 3716 quod
1650 3641 1875 3715 neque
1926 3628 2114 3694 motu
2167 3623 2469 3716 proprio,
2540 3643 2764 3719 neque
2817 3620 2905 3695 ad
2957 3643 3428 3718 quorumcun—

144 3738 254 3810 que
303 3719 732 3796 delacionem
779 3721 900 3796 vel
950 3722 1297 3818 querelam
1353 3734 1588 3796 contra
1661 3725 2041 3820 quempiam
2093 3723 2623 3818 Regnicolarum
2693 3734 3110 3816 nostrorum,
3181 3728 3426 3802 cuius-

145 3841 382 3919 cunque
434 3835 658 3901 status
711 3848 837 3901 seu
889 3824 1232 3919 dignitatis
1303 3829 1416 3917 sit,
1467 3827 1759 3921 aliquam
1834 3831 2274 3903 occasionem
2354 3819 2676 3917 nocendi,
2756 3832 2905 3904 siue
2958 3833 3030 3902 in
3082 3831 3426 3925 personis,

147 3926 274 3999 siue
322 3930 391 4002 in
443 3928 657 4004 rebus
711 3931 1173 4025 concipiamus
1225 3929 1342 4002 vel
1395 3932 1857 4025 exquiramus.
1960 3932 2159 4022 Item,
2212 3932 2392 4029 quod
2442 3942 2719 4007 moneta
2770 3954 3060 4029 presens
3116 3933 3202 4006 ad
3237 3944 3428 4006 tem-

140 4047 247 4120 pus
309 4054 446 4106 non
524 4041 843 4123 mutetur,
915 4032 1184 4128 quando
1255 4055 1431 4107 vero
1502 4036 1747 4107 mutari
1816 4032 2128 4127 deberet,
2197 4034 2335 4109 hoc
2386 4034 2503 4109 liat
2553 4059 2706 4111 cum
2760 4038 3051 4112 consilio
3102 4035 3429 4112 Prelato-

143 4152 269 4206 rum
335 4145 405 4209 et
452 4135 827 4226 Beronum,
890 4146 960 4210 et
1005 4158 1146 4210 non
1198 4135 1415 4210 aliter.
1509 4135 1683 4210 Item
1756 4137 1936 4232 quod
1992 4140 2308 4235 quicquid
2377 4139 2631 4215 domini
2694 4140 2947 4215 Prelati
2998 4150 3068 4214 et
3113 4140 3428 4216 Berones

144 4255 273 4308 cum
349 4244 603 4315 ceteris
686 4239 931 4315 incolis
1009 4239 1234 4333 Regni
1311 4235 1662 4335 Hungarie
1731 4244 1878 4336 pari
1944 4252 2115 4317 voto
2187 4266 2273 4315 ac
2321 4248 2663 4318 communi
2740 4243 3249 4320 deliberacione
3300 4267 3427 4342 pro

144 4333 426 4416 libertate
483 4354 555 4417 et
606 4344 960 4441 tranquilla
1036 4346 1261 4440 quiete
1333 4354 1535 4440 atque
1607 4349 2152 4420 conseruacione
2222 4347 2529 4421 eiusdem
2596 4346 2826 4443 Regni
2885 4371 3110 4446 vsque
3159 4359 3427 4447 tempus

145 4438 618 4525 coronacionis
691 4450 1158 4544 conceperint,
1230 4451 1768 4544 conscripserint
1816 4459 1887 4523 et
1938 4448 2422 4540 concluserint,
2490 4474 2687 4526 more
2746 4452 2834 4526 ab
2896 4457 3171 4549 antiquo
3243 4476 3427 4527 con-

147 4557 320 4621 sueto
371 4559 444 4623 et
495 4569 773 4648 semper
850 4549 1245 4642 obseruate,
1326 4551 1507 4648 quod
1560 4552 1787 4646 Regni
1855 4552 2207 4627 decretum
2285 4554 2682 4651 appellatur,
2758 4567 3117 4632 teneamur
3187 4558 3429 4633 litteris

148 4647 524 4728 efficacibus
560 4665 951 4752 acceptare,
1006 4652 1439 4744 confirmare,
1491 4654 1850 4746 roborare,
1903 4656 2244 4732 ratificare
2279 4668 2349 4732 et
2383 4659 2804 4755 approbare3
2857 4660 3423 4757 quemadmodum

149 4750 247 4826 alii
315 4752 552 4853 Reges
602 4757 1155 4834 Predeccssores
1228 4763 1471 4851 nostri,
1542 4782 1636 4833 ex
1690 4759 2008 4833 laudabili
2059 4772 2132 4835 et
2183 4760 2549 4859 approbata
2629 4765 3121 4841 consuetudine
3199 4763 3428 4862 Regni

152 4874 396 4955 semper
442 4858 782 4954 fecerunt,
862 4863 1178 4960 quodque
1231 4884 1507 4960 semper
1557 4861 2007 4939 obseruemus
2078 4874 2150 4939 et
2198 4888 2326 4962 per
2377 4889 2616 4941 omnes
2670 4868 2844 4943 alios
2897 4869 3255 4946 obseruari
3303 4869 3427 4944 fa·-

156 4960 407 5039 ciamus.
488 4963 683 5057 Item,
737 4988 832 5041 ex
885 4988 1019 5063 quo
1072 4965 1346 5040 Domini
1396 4966 1646 5041 Prelati
1695 4976 1768 5040 et
1805 4965 2117 5043 Barones
2168 4969 2569 5063 vrgentibus
2621 4970 2852 5048 arduis
2902 4973 3428 5050 necessitatibus

151 5056 348 5158 Regni
401 5088 526 5164 pro
580 5071 937 5144 solucione
990 5070 1575 5167 stipendiariorum
1627 5069 1873 5167 prefati
1925 5072 2216 5146 condam
2271 5073 2525 5148 domini
2573 5073 2827 5151 Matbie
2875 5077 3121 5172 Regis,
3189 5081 3304 5174 qui
3355 5080 3426 5151 in

156 5161 350 5242 Slesia
403 5170 697 5265 fuerant,
754 5176 975 5247 coacti
1030 5184 1185 5249 sunt
1235 5172 1601 5249 notabilem
1653 5197 1985 5250 summam
2037 5173 2451 5252 florenorum
2506 5184 2940 5276 conquirere,
2989 5191 3069 5255 vt
3108 5178 3425 5278 Regnum

158 5266 343 5361 ipsum
394 5275 724 5373 integrum
781 5287 852 5352 et
892 5279 1158 5352 illesum
1212 5277 1412 5353 nobis
1466 5288 1910 5352 manutenere
1944 5289 2016 5353 et
2051 5283 2412 5375 assignare
2461 5286 2750 5379 possint,
2801 5293 2872 5359 et
2903 5286 3189 5383 proinde
3234 5297 3426 5362 certa

159 5365 288 5447 loca
341 5388 412 5450 et
462 5392 692 5456 certos
743 5392 1116 5479 prouentus
1166 5379 1469 5479 Regales
1519 5381 1861 5459 nonnullis
1911 5387 2255 5481 personis,
2307 5407 2442 5483 que
2494 5409 2824 5462 summm
2881 5390 3148 5465 illarum
3195 5413 3424 5490 pecu-

329 5509 542 5578 (rmi.
583 5514 759 5572 rava.
792 5514 1096 5586 summ)
2897 5492 2999 5569 29
