3950 5917
497 398 663 479 114

496 605 898 706 persoluant
946 615 1019 680 et
1068 606 1428 704 deponant.
1533 605 1728 698 Item,
1781 607 1843 683 si
1892 608 2099 706 aliqui
2146 609 2530 685 seruientes
2598 606 2726 682 sub
2778 610 3020 685 eodem
3077 618 3305 683 castro
3359 607 3628 684 edificia
3681 609 3810 683 fa-

492 732 693 803 cere,
745 719 818 784 et
864 711 935 783 in
985 708 1211 785 medio
1265 733 1504 785 eorum
1573 715 1982 785 commorari
2047 712 2413 804 uoluerint‚
2482 722 2622 785 tum
2676 712 2762 786 ad
2816 713 3105 787 eandem
3172 711 3553 787 libertatem
3624 719 3805 790 sicut

491 816 694 890 ciues
729 823 800 888 et
829 812 1135 911 hospites
1187 818 1399 912 ipsius
1450 816 1668 889 libere
1718 817 1883 890 ville
1932 824 2172 890 nostre
2225 815 2673 908 descendant,
2724 827 2796 890 et
2834 821 2905 891 in
2941 815 3183 891 eadem
3225 816 3539 891 libertate
3590 840 3808 891 com-

498 926 876 1009 morentur,
929 926 1000 992 et
1050 928 1262 993 totum
1340 941 1516 994 onus
1586 942 1739 992 cum
1792 918 2101 995 eiusdem
2180 918 2440 993 ciuibus
2491 931 2564 994 et
2613 919 2990 1016 hospitibus
3067 930 3343 1017 portare
3416 931 3812 995 teneantur.

496 1018 697 1114 Item,
762 1018 1218 1097 castellanum
1286 1045 1492 1097 vnum
1548 1033 1620 1097 et
1667 1045 1807 1097 non
1859 1024 2089 1120 plures
2142 1026 2245 1096 eis
2301 1027 2812 1116 constituemus,
2883 1034 2956 1098 et
2999 1024 3343 1116 volumus,
3414 1024 3592 1122 quod
3645 1024 3813 1097 Ga-

496 1125 827 1202 stellanus
872 1137 1112 1202 noster
1160 1149 1339 1200 nunc
1391 1130 1791 1202 constitutus
1844 1137 1914 1200 et
1963 1131 2035 1200 in
2084 1126 2380 1200 futurum
2432 1125 2969 1219 constituendus,
3041 1136 3279 1200 contra
3348 1127 3524 1201 hanc
3570 1127 3808 1202 liber-

494 1239 705 1303 tatem
755 1252 882 1328 per
929 1252 1059 1305 nos
1114 1232 1418 1327 gratiose
1471 1234 1574 1305 eis
1628 1230 1905 1322 factam,
1986 1230 2272 1305 eosdem
2322 1251 2461 1304 non
2515 1231 2760 1305 audeat
2817 1240 2889 1304 et
2937 1252 3078 1304 non
3145 1242 3494 1328 presumat
3561 1233 3807 1305 mole-

496 1344 685 1409 stare
753 1335 872 1409 vel
933 1335 1311 1431 aliqualiter
1358 1357 1795 1433 pregrauare.
1880 1335 2129 1407 Datum
2170 1333 2508 1429 Zagrabie
2560 1334 2732 1408 feria
2789 1338 3017 1431 quinta
3068 1338 3379 1431 proxima
3433 1346 3591 1409 ante
3633 1336 3808 1409 Do·-

494 1440 813 1511 minicam
865 1437 1086 1530 Oculi,
1140 1461 1318 1512 anno
1371 1438 1642 1512 Domini
1692 1438 2055 1513 Millesimo
2108 1442 2591 1513 trecentesimo
2647 1437 3173 1535 quadragesimo
3228 1441 3538 1536 septimo.

486 1659 806 1738 (Eoestant
864 1662 1381 1740 confirmator-iae
1445 1662 1689 1725 litterae
1756 1661 2026 1725 Mathiae
2070 1661 2119 1725 1.
2185 1661 2375 1742 Reyis
2439 1680 2499 1723 a.
2548 1659 2758 1741 1489,
2823 1660 3138 1725 Iohannis
3190 1663 3456 1725 Corvini
3519 1659 3702 1724 Bane·
3746 1672 3808 1723 et

495 1763 700 1827 Ducis
764 1782 829 1830 α.
895 1763 1067 1828 1495
1088 1813 1107 1847 ,
1173 1764 1488 1829 Beato-icis
1554 1763 1927 1829 Comitis-sae
1990 1766 2069 1828 de
2132 1764 2654 1846 Franyepanibus
2712 1784 2775 1828 α.
2822 1763 3036 1843 1506.,
3105 1765 3361 1845 Georyii
3403 1764 3802 1828 Hammonis

490 1864 1125 1951 Brundeuburyensis
1167 1887 1229 1931 a.
1277 1869 1484 1950 1511.,
1553 1868 1718 1932 Petri
1760 1869 2041 1951 Keqlevie
2077 1887 2140 1932 a.
2188 1868 2358 1931 1534
2381 1915 2400 1948 ,
2467 1867 2676 1931 Lucae
2716 1877 2775 1931 et
2817 1867 3136 1931 Michaelis
3178 1868 3360 1932 Sekel
3399 1869 3478 1932 de
3520 1868 3806 1932 Kewend

1159 1991 1223 2036 a.
1269 1972 1436 2035 1547
1484 1983 1544 2035 et
1588 1974 1799 2056 1577„
1867 1973 2139 2036 lamiae
2185 1972 2260 2035 11.
2307 1972 2497 2053 Reqis
2541 1991 2603 2035 a.
2653 1969 2841 2036 1588.
2887 1972 3130 2048 datae.)

490 2158 761 2233 originale
795 2163 853 2217 in
884 2161 1131 2217 Archivio
1166 2162 1342 2234 oppidi
1377 2162 1616 2233 lin-apina.

1833 2745 2477 2833 Lxxxlx.

1646 3057 1852 3128 Anno
1912 3055 2147 3128 1349.
2229 3054 2660 3150 Zaqrabiae.

500 3323 738 3403 Loci
828 3325 1084 3401 inter
1173 3320 1522 3400 Savum
1616 3332 1707 3400 et
1787 3319 2239 3423 Dravum,
2332 3322 2420 3396 in
2502 3317 2854 3421 quibus
2948 3316 3316 3394 tributa
3410 3314 3818 3419 injusto

1632 3456 1907 3537 modo
1971 3455 2658 3563 exigebantur.

815 3730 1181 3825 Magnifice
1234 3733 1386 3803 viro
1439 3729 1732 3802 Domino
1785 3727 2104 3818 NicolaQ
2154 3733 2377 3801 tocius
2431 3727 2802 3801 Sclavonie
2857 3737 2928 3799 et
2980 3724 3251 3799 croatie
3303 3724 3522 3816 Banu,
3578 3722 3818 3821 Capi-

502 3838 710 3910 tulum
764 3833 1246 3929 Zagrabiensis
1297 3833 1615 3907 Ecclesie
1670 3832 1957 3905 salutem
2009 3842 2082 3905 et
2127 3836 2474 3905 orationes
2527 3854 2649 3927 pro
2704 3853 2794 3905 eo
2849 3829 2934 3903 ad
2985 3830 3367 3903 Dominum.
3446 3829 3816 3904 Noveritis

496 3964 634 4019 ,nos
687 3949 960 4013 vestras
1012 3942 1367 4035 recepisse
1435 3938 1694 4012 litteras
1747 3940 1818 4009 in
1867 3936 2000 4010 hec
2051 3936 2304 4009 verba:
2375 3935 2560 4011 Viris
2615 3935 2926 4009 discretis
2981 3946 3053 4008 et
3101 3935 3409 4007 honestis
3481 3930 3812 4029 capitulo

494 4044 986 4138 Zagrabiensis
1021 4042 1364 4133 Ecclesie,
1419 4044 1654 4115 amicis
1708 4044 1849 4116 suis
1902 4039 2333 4131 reverendis,
2381 4039 2706 4113 Nicolaus
2752 4043 2973 4112 tocius
3010 4038 3379 4111 Sclavouie
3416 4048 3487 4111 et
3521 4036 3816 4110 Oroatie

505 4149 734 4220 Banus
788 4149 1147 4220 amicitiam
1199 4156 1499 4242 paratam
1555 4168 1708 4219 cum
1751 4145 2037 4218 honore.
2092 4142 2611 4240 Conqueruntur
2659 4142 2857 4215 nobis
2910 4146 3216 4216 universi
3249 4141 3532 4217 Nobiles
3567 4141 3818 4234 Regni

506 4252 881 4325 Sclavenie
933 4254 1110 4323 inter
1158 4250 1458 4323 Dravam
1514 4261 1585 4322 et
1616 4248 1876 4322 Zavam
1929 4252 2335 4340 existentes,
2386 4247 2565 4344 quod
2618 4270 2818 4342 quam
2870 4248 3147 4342 plurima
3202 4244 3501 4319 indebita
3551 4244 3816 4318 tributa

500 4358 577 4430 in
615 4355 836 4429 medio
880 4359 1181 4449 ipsorum
1240 4365 1375 4426 tam
1424 4363 1733 4449 tempore
1786 4353 2071 4425 aliorum
2121 4352 2460 4426 Banorum
2508 4351 3077 4447 predecessorum
3130 4362 3543 4440 nostrorum„
3593 4372 3818 4444 quam

500 4470 770 4552 nostro,
824 4459 1002 4531 facta
1057 4458 1349 4532 fuissent
1398 4467 1471 4531 et
1519 4460 1816 4545 incauta,
1886 4466 2165 4551 propter
2231 4455 2412 4553 quod
2460 4477 2598 4528 non
2651 4454 2985 4528 modicam
3045 4458 3360 4528 iniuriam
3411 4474 3538 4528 seu
3590 4452 3818 4527 dam-

501 4585 710 4659 pnum
754 4573 1166 4657 paterentur,
1218 4560 1426 4653 unde,
1480 4563 1632 4656 quia
1686 4567 1922 4632 nostro
1965 4559 2252 4632 Banatui
2301 4559 2622 4633 incumbit
2673 4559 2927 4650 officio,
2978 4569 3053 4631 ut
3085 4557 3418 4632 nobilibus
3472 4562 3680 4652 regni
3718 4559 3817 4633 de

488 4671 921 4738 „necessitate
1000 4670 1300 4760 ipsorum
1377 4664 1858 4761 provideamus
1927 4662 2234 4737 remedio
2288 4674 2695 4760 opportuno,
2774 4664 3091 4738 volentes
3168 4667 3359 4759 ipsos
3437 4661 3818 4752 alleviare,

508 4771 867 4841 amicitiam
919 4780 1222 4842 vestram
1274 4767 1702 4864 presentibus
1753 4770 2044 4863 petimus
2095 4767 2495 4858 affeomose,
2550 4778 2879 4863 quatenus
2932 4790 3137 4840 unum
3191 4789 3284 4840 ex
3318 4766 3518 4841 vobis
3569 4770 3820 4840 virum

506 4870 852 4963 idoneum,
927 4894 1062 4945 una
1116 4895 1269 4945 cum
1321 4874 1646 4966 magistro
1700 4870 2072 4945 Benedicto
2136 4871 2222 4945 de
2274 4872 2604 4964 Kalanda,
2677 4871 3066 4946 Castellano
3118 4881 3356 4945 nostro
3409 4871 3498 4944 de
3550 4874 3822 4944 minori

506 4975 821 5067 Kemlek‚
891 4986 961 5049 et
1021 4973 1284 5049 Gemite
1338 4976 1423 5048 de
1473 4974 1877 5067 Morovcha,
1932 4979 2005 5048 in
2055 4977 2348 5048 medium
2398 4980 2874 5050 universorum
2941 4976 3264 5049 nobilium
3333 4977 3530 5069 regni
3583 4972 3818 5047 Sola-

508 5085 719 5154 vonie
771 5104 894 5178 pro
945 5082 1333 5154 testimonio
1383 5083 1870 5168 transmittatis,
1945 5083 2059 5176 qui
2109 5084 2329 5154 sciant
2382 5090 2452 5152 et
2501 5083 2835 5177 inquirant
2880 5079 2966 5152 de
3018 5082 3370 5177 premissis
3423 5078 3507 5151 ab
3562 5083 3818 5153 omni-

504 5182 636 5258 bu‘s
688 5185 1091 5273 hominibus,
1171 5183 1410 5280 quibus
1458 5185 1662 5259 decet
1713 5195 1783 5258 et
1832 5185 2030 5275 licet,-
2074 5183 2527 5257 omnimodam
2576 5187 2963 5275 veritatem,
3044 5195 3112 5256 et
3161 5193 3320 5280 post
3368 5183 3529 5273 hec,
3598 5194 3824 5279 prout

505 5289 710 5362 vohis
762 5294 1019 5364 veritas
1071 5292 1557 5386 premissorum
1610 5291 2011 5378 constiterit,
2089 5287 2286 5361 nohis
2341 5286 2782 5362 amicabiliter
2830 5286 3246 5362 rescriBatis.
3349 5287 3600 5361 Datum
3649 5286 3820 5361 Za-

501 5392 748 5489 grabie
799 5393 971 5468 feria
1025 5405 1261 5492 quarta
1309 5405 1465 5492 post
1513 5393 1767 5469 festum
1811 5390 1994 5466 beati
2041 5390 2259 5468 Marci
2307 5390 2776 5488 Evangeliste.
2857 5391 3063 5468 Anno
3116 5392 3389 5467 Domini
3429 5390 3824 5469 Millesino
