3950 5917
488 410 645 488 276

488 618 882 717 imponendi
951 617 1182 693 modo.
1287 618 1487 694 Hunc
1556 627 1783 694 autem
1853 618 2097 716 Thaby
2161 617 2456 693 libenter
2521 622 2984 695 retineremus·
3023 621 3096 694 in
3147 623 3447 695 servitiis
3493 626 3768 711 mss

491 723 623 799 sed
672 727 799 796 vix
846 722 1171 815 manebit,
1224 726 1287 797 si
1338 744 1478 799 non
1529 721 1735 799 fuerit
1782 722 2014 798 officio
2066 726 2438 798 restitutus.
2545 723 2673 798 Ubi
2724 722 3046 813 scribitis,
3109 723 3438 820 quosdam
3489 727 3769 802 aemulos

493 837 777 914 vestros
826 826 1117 916 dixisse,
1170 826 1354 923 quod
1402 848 1540 901 vos
1590 827 1998 902 laboraretis
2049 838 2285 902 contra
2337 828 2672 904 Joannem
2709 828 2951 926 Thahy
3001 837 3073 902 et
3104 850 3239 903 vos
3273 832 3522 903 essetis
3573 851 3770 904 oeca-

495 936 604 1007 sio
639 935 1043 1028 privationis
1087 931 1427 1025 ejusdem,
1481 940 1551 1005 et
1601 931 1697 1003 illi
1748 931 1883 1005 hoc
1928 931 2108 1004 male
2155 931 2243 1005 de
2280 931 2482 1004 vobis
2537 931 2846 1007 dicerent
2881 942 2952 1005 et
2986 936 3353 1006 sentirent:
3406 954 3533 1007 nos
3566 933 3647 1007 de
3679 932 3771 1006 bis

493 1035 658 1109 nibil
710 1058 1004 1132 unquam
1057 1035 1469 1125 audivimus,
1515 1057 1744 1130 neque
1779 1039 1838 1109 si
1875 1035 2404 1124 audivissemus,
2459 1036 2921 1110 crederemus.
3009 1035 3363 1110 Venerunt
3408 1036 3538 1108 buc
3569 1040 3774 1110 nuncii
3895 1069 3896 1116 ι

493 1139 722 1234 Regni
777 1139 1124 1231 Oroatiae,
1176 1137 1419 1236 quibus
1471 1138 1792 1235 quidquid
1840 1139 2422 1236 responderimus,
2491 1138 2694 1214 vobis
2747 1137 3302 1234 significabimus.
3406 1139 3553 1214 Vos
3602 1143 3773 1214 invi-
3895 1161 3896 1254 ᾗ

492 1244 705 1340 gilate
758 1254 831 1316 et
881 1265 1154 1317 omnem
1208 1264 1491 1340 operam
1543 1243 1940 1338 impendite,
1993 1254 2072 1317 ut
2119 1254 2434 1317 oratores
2483 1248 2700 1317 nostri
2754 1243 2842 1317 ad
2895 1244 3336 1317 Sclaveniam
3387 1245 3599 1336 missi,
3654 1243 3778 1316 bo-

492 1369 656 1421 num
706 1346 923 1422 Nobis
975 1369 1380 1444 responsum
1436 1345 1703 1421 referre
1752 1350 2040 1443 possint.
2146 1347 2253 1419 De
2303 1348 2658 1438 violentia,
2714 1367 2914 1443 quam
2968 1369 3308 1422 exemere
3363 1347 3598 1421 dicitur
3644 1346 3780 1421 Go-

493 1473 645 1526 mes
700 1451 1168 1526 Ferdinandus
1223 1450 1311 1526 de
1364 1450 1956 1547 Frangepanibus,
2008 1453 2376 1547 loquamini
2430 1474 2584 1524 cum
2634 1451 3037 1547 Regnicolis
3088 1455 3158 1526 in
3194 1452 3464 1543 Diaeta,
3517 1461 3585 1524 et
3617 1473 3780 1525 con-

495 1557 738 1631 sulatis
805 1555 1083 1629 tandem
1149 1577 1283 1628 una
1358 1578 1509 1627 cum
1581 1558 1775 1651 ipsis,
1850 1555 2009 1650 quid
2079 1554 2278 1628 nobis
2332 1558 2420 1628 sit
2466 1555 2874 1629 faciendum.
2978 1555 3134 1628 Non
3201 1578 3438 1630 sumus
3506 1558 3782 1653 opressis

496 1659 904 1733 authoritate
957 1669 1191 1733 nostra
1247 1658 1568 1746 defuturi,
1623 1658 1710 1731 de
1763 1659 2032 1732 illorum
2086 1662 2267 1733 enim
2321 1659 2757 1733 dissensione
2811 1670 2881 1734 et
2932 1662 3161 1756 quiete
3214 1660 3439 1734 modis
3500 1657 3781 1732 omuibus

496 1786 734 1836 curam
786 1785 1038 1855 gerere
1083 1764 1422 1837 volumus.
1485 1763 1731 1835 Datum
1784 1762 2021 1837 Budae
2070 1762 2242 1837 feria
2297 1773 2533 1859 quarta
2577 1767 2888 1861 proxima
2941 1774 3100 1861 post
3132 1761 3487 1837 Elisabeth
3518 1762 3782 1838 Viduas.

497 1868 706 1942 Anno
771 1867 1043 1941 Domini
1123 1866 1485 1942 Millesimo
1559 1867 2122 1962 Quingentesimo
2175 1871 2518 1961 vigesimo
2573 1871 2826 1963 quinto.

1999 2101 2052 2161 Δ
2109 2109 2284 2179 leryo
2303 2123 2324 2159 .·

811 2291 1179 2386 Magnifice
1230 2290 1608 2366 Francisco
1663 2291 1750 2365 de
1803 2290 2165 2390 Battbyan,
2219 2290 2616 2386 Regnorum
2672 2302 3060 2365 nostrorum
3117 2290 3525 2382 Dalmatiae,
3587 2289 3796 2363 Croa-

501 2401 640 2471 tiae
694 2405 765 2470 et
816 2396 1192 2470 Slavoniae
1245 2394 1467 2488 Bauo,
1517 2395 1703 2469 fideli
1755 2394 1955 2469 nobis
2010 2396 2286 2470 dilecto.

507 2649 772 2722 originale
807 2652 860 2704 iu
895 2650 1124 2704 Archivo
1159 2650 1551 2704 Komendienoi
1587 2650 1770 2704 Illustr.
1808 2651 2062 2719 Principis
2097 2650 2383 2718 Batthyani.

2018 3245 2328 3330 CXC.

719 3540 927 3611 Anno
984 3534 1223 3609 1525.
1272 3535 1467 3627 seria
1505 3534 1579 3607 6.
1626 3541 1965 3629 proxima
2014 3540 2177 3627 post
2224 3535 2476 3624 fatum
2535 3532 2615 3605 Β.
2655 3533 2918 3604 Luciae
2971 3531 3294 3628 Virqae'm’s.
3351 3532 3625 3603 Budas.

507 3802 1081 3882 Ludovicus
1172 3798 1265 3879 11.
1367 3797 1569 3878 Rex
1681 3797 1935 3877 Bano
2029 3795 2115 3875 F.
2210 3796 2690 3900 Batthyan
2783 3795 3220 3899 scribit,
3315 3807 3411 3874 ut
3517 3794 3813 3899 Regni

513 3940 981 4021 croatiae
1067 3935 1515 4040 NobileS,
1627 3940 1783 4040 qui
1877 3960 2207 4039 pacem
2304 3962 2504 4015 cum
2596 3934 2943 4015 Turcis
3041 3934 3636 4039 cupiebant,
3723 3929 3816 4009 ad

1600 4079 2182 4179 patientiam
2263 4074 2749 4179 disponat.

1033 4347 1454 4440 Ludovicus,
1506 4348 1637 4422 Dei
1692 4346 1926 4422 Gratia
1979 4347 2138 4421 Rex
2189 4347 2584 4443 Hungariae
2638 4357 2708 4422 et
2753 4347 3128 4422 Bobemiae
3179 4356 3315 4418 etc.

826 4556 1194 4654 Magnifice
1245 4556 1467 4631 fidelis
1519 4555 1718 4630 nobis
1755 4556 2024 4629 dilecte.
2081 4552 2385 4629 Comites
2440 4566 2508 4629 et
2559 4556 2916 4650 reliquiae
2940 4552 3278 4628 Nobilium
3329 4553 3568 4649 Regni
3614 4551 3824 4626 Nostri

511 4660 839 4739 Groatiae
890 4666 1221 4736 miserunt
1272 4660 1359 4734 ad
1393 4682 1524 4735 nos
1576 4660 1683 4734 bis
1736 4658 1979 4733 diebus
2032 4670 2346 4734 oratores
2399 4681 2594 4749 suos,
2647 4682 2743 4732 ex
2794 4657 3034 4754 quibus
3087 4662 3383 4732 animum
3441 4659 3708 4731 illorum
3747 4653 3826 4726 de

514 4768 895 4843 concordia
948 4788 1102 4839 cum
1155 4766 1397 4838 Turcis
1449 4763 1765 4838 facienda
1837 4766 2320 4859 cognovimus,
2398 4767 2529 4836 nisi
2584 4785 2714 4837 nos
2767 4766 3097 4836 extremis
3152 4772 3221 4836 et
3271 4761 3552 4836 afflictis
3611 4778 3827 4835 eorum

517 4873 728 4950 rebus
772 4876 916 4965 ,iam
961 4870 1234 4944 tandem
1289 4867 1834 4944 subveniremus.
1887 4868 2133 4941 Petunt
2169 4878 2395 4940 autem
2430 4892 2473 4940 a
2510 4868 2737 4959 nobiS,
2786 4879 2860 4942 ut
2893 4865 3156 4940 duobus
3203 4866 3439 4940 verbis
3483 4864 3825 4962 significe-

515 5001 674 5053 mus
746 4976 1119 5052 subsidium
1188 4984 1259 5047 et
1311 4972 1808 5047 defensionem.
1916 4971 2247 5046 Oratores
2321 4994 2475 5044 cum
2528 4971 2706 5044 bona
2763 4993 2886 5065 spe
2941 4981 3221 5044 nostrae
3272 4975 3338 5043 in
3394 4992 3530 5042 eos
3583 4972 3825 5064 gratiae

516 5092 595 5154 et
646 5080 917 5154 futurae
966 5081 1383 5177 provisionis
1437 5076 1853 5164 dimisimus3
1932 5077 2061 5151 sed
2113 5098 2316 5170 quum
2370 5079 2540 5172 ipsis
2593 5085 2852 5147 certum
2909 5085 2980 5148 et
3031 5074 3235 5148 finale
3286 5095 3702 5169 responsum
3752 5068 3826 5140 de

521 5187 631 5261 bis
683 5184 892 5259 rebus
945 5181 1357 5259 difficillimis
1410 5179 1670 5278 absque
1724 5183 1898 5255 scitu
1934 5190 2005 5253 et
2040 5179 2533 5254 deliberatione
2584 5179 3119 5274 Regnicolarum
3171 5187 3567 5252 nostrorum
3611 5176 3828 5249 facero

520 5291 1064 5383 nequiverimus,
1115 5287 1394 5383 polliciti
1448 5308 1708 5377 sumus,
1761 5295 1901 5357 tum
1956 5284 2239 5359 honoris
2293 5288 2597 5381 ipsorum
2649 5305 2862 5360 causa
2915 5293 3053 5356 tum
3109 5293 3180 5355 et
3232 5284 3568 5378 aequiore
3621 5283 3832 5354 animo

520 5400 1002 5486 expectarent,
1054 5413 1177 5485 per
1229 5399 1543 5464 oratores
1613 5389 1909 5462 Nostros
1960 5392 2277 5485 proprios
2351 5387 2536 5462 velle
2605 5390 2773 5483 ipsis
2847 5387 2934 5461 ad
2986 5388 3324 5484 postulata
3393 5384 3832 5481 respondere.
