3950 5917
494 434 649 510 288-

1935 842 2410 927 cxcvl.

1434 1107 1643 1177 Anno
1705 1102 1943 1200 1599.
2002 1107 2116 1177 ate
2175 1059 2304 1182 17ss
2355 1106 2539 1195 Majt
2578 1105 2894 1202 Proque.

490 1341 1075 1446 Rudolpbus
1129 1339 1329 1420 Rex
1382 1339 1544 1419 SS.
1601 1350 1693 1422 et
1744 1339 1922 1419 00.
1971 1339 2292 1445 Regni
2344 1339 2818 1421 Croatiae
2869 1351 2965 1420 et
3005 1321 3556 1422 Sla‘voniae
3601 1317 3829 1447 pro-⁴

552 1490 884 1583 vocat,
960 1491 1051 1557 ut
1112 1481 1205 1557 in
1271 1504 1440 1556 sua
1506 1476 1839 1555 diaeta
1908 1475 2418 1558 Confiniis
2483 1478 3080 1558 Sla'vonicis
3141 1481 3746 1583 provideant.

802 1723 1200 1819 Rudolpbus
1277 1707 1649 1810 secundus,
1721 1721 1855 1794 Dei
1908 1719 2138 1795 Gratia
2210 1724 2473 1796 electus
2552 1722 3015 1797 Romanorum
3096 1725 3476 1820 Imperator
3555 1749 3806 1822 semper

491 1829 879 1922 Augustus,
925 1850 1008 1898 ac
1040 1827 1477 1915 Germaniae,
1514 1822 1936 1919 Hungariae,
1978 1825 2351 1899 Bohemiae
2390 1832 2515 1898 dcc.
2554 1825 2713 1899 Rex
2751 1832 2879 1900 dcc.
2932 1821 3301 1922 Magnifice
3353 1828 3575 1903 fidelis
3625 1830 3800 1902 nobis

496 1932 767 2004 dilecte.
876 1930 1315 2026 Quantopere
1395 1932 1868 2002 necessarium
1924 1933 2044 2018 sit,
2123 1940 2197 2002 ut
2250 1930 2682 2003 Sclavonicis
2760 1925 3088 2004 Confiniis
3157 1935 3286 2003 rite
3358 1933 3802 2028 provideatur

496 2037 563 2108 id
614 2033 733 2107 tibi
788 2036 1037 2106 exacte
1110 2044 1432 2106 constare
1485 2054 1623 2104 non
1697 2032 2125 2122 ambigimus.
2234 2031 2401 2105 Cum
2457 2043 2681 2105 autem
2739 2033 2825 2105 id.
2863 2037 3012 2106 sine
3083 2033 3307 2129 Regni
3373 2036 3555 2107 illius
3607 2039 3800 2110 nostri

491 2137 961 2211 communibus
1016 2138 1288 2209 auxiliis
1350 2147 1420 2208 et
1474 2134 1794 2210 subsidiis
1846 2134 1996 2206 fieri
2051 2147 2371 2230 nequeat,
2429 2141 2742 2208 omittere
2795 2141 2863 2208 in
2900 2143 3201 2233 presenti
3258 2161 3487 2210 rerum
3535 2149 3699 2212 statu
3740 2147 3798 2212 et

491 2264 755 2316 summa
807 2244 1226 2313 necessitate
1280 2262 1416 2311 non
1473 2241 1836 2334 potuimuS,
1902 2243 2061 2333 quin
2117 2237 2428 2313 fidelibus
2482 2240 2878 2333 Regnorum
2934 2251 3322 2314 nostrorum
3380 2238 3690 2314 Croatiae
3738 2251 3798 2314 et

484 2343 862 2418 Sclavonie
916 2341 1218 2416 Statibus
1273 2354 1342 2415 et
1393 2339 1775 2428 Ordinibus,
1830 2346 1943 2436 qui
1997 2341 2176 2414 forte
2230 2366 2412 2414 nunc
2463 2346 2531 2415 in
2586 2345 2911 2438 peculiari
2968 2337 3093 2418 suo
3139 2345 3503 2418 Conventu
3558 2347 3641 2418 de
3674 2369 3800 2418 ve-

486 2453 613 2519 teri
666 2469 859 2520 more
915 2458 985 2519 et
1038 2445 1536 2519 consvetudine
1592 2448 1998 2538 congregati
2050 2455 2272 2532 erunt,
2334 2445 2665 2518 dictorum
2706 2446 3165 2521 confiniorum
3208 2452 3533 2520 miserum
3572 2459 3794 2521 statum

490 2552 776 2646 speciali
828 2560 1068 2623 nostro
1123 2549 1425 2621 Decreto
1483 2548 1571 2619 ob
1627 2549 1869 2620 oculos
1925 2557 2407 2638 statueremus,
2459 2558 2529 2621 et
2581 2550 2667 2622 ad
2725 2574 2878 2623 eum
2926 2555 2995 2622 in
3035 2553 3274 2623 melius
3313 2552 3796 2625 reformandum

492 2665 559 2725 et
614 2654 1058 2746 redigendum
1132 2656 1435 2747 ipsorum
1510 2673 1780 2747 quoque
1862 2655 2262 2725 necessaria
2319 2655 2570 2725 auxilia
2626 2652 2925 2747 benigne
2978 2667 3487 2750 expeteremus.
3596 2655 3800 2743 Quare

486 2757 913 2829 Fidelitatem
947 2765 1130 2827 tuam
1188 2756 1564 2827 clementer
1616 2754 1964 2825 hortamur
2016 2754 2270 2848 tibique
2322 2756 2600 2829 firmiter
2650 2761 3127 2830 committimus
3167 2769 3236 2832 et
3270 2760 3690 2847 mandamus,
3738 2768 3795 2830 ut

491 2861 685 2931 dictis
742 2859 1044 2931 Statibus
1099 2862 1168 2930 in
1222 2862 1528 2953 primitus
1585 2858 1803 2930 futura
1880 2880 2122 2930 eorum
2179 2859 2736 2953 Congregatione
2791 2862 3178 2954 adiunctum
3231 2863 3620 2956 Benignum
3659 2863 3797 2934 De-

490 2974 748 3033 cretum
823 2973 1132 3034 nostrum
1186 2985 1324 3035 non
1395 2961 1614 3034 solum
1689 2961 1888 3035 bonis
1941 2973 2012 3034 et
2065 2962 2149 3033 ad
2206 2963 2339 3035 boc
2394 2968 2718 3056 congruis
2789 2966 3011 3038 modis
3061 2969 3504 3060 proponere,
3579 2987 3796 3038 verum

488 3069 693 3135 etiam
750 3064 925 3159 apud
982 3064 1266 3138 eosdem
1341 3069 1767 3154 auctoritate,
1824 3065 2181 3160 prudentia
2237 3089 2321 3138 ac
2377 3067 2785 3139 dexteritate
2838 3079 2979 3157 tua,
3052 3091 3182 3164 qua
3235 3080 3467 3164 potes,
3543 3069 3806 3143 efficere

490 3167 694 3256 velis,
755 3179 823 3240 ut
874 3190 998 3264 pro
1056 3191 1179 3241 sua
1236 3172 1736 3262 coniugumque
1792 3178 1863 3240 et
1912 3168 2279 3242 liberorum
2338 3193 2614 3244 suorum
2660 3169 2880 3244 salute
2918 3182 2989 3244 et
3021 3177 3535 3267 permansione,
3587 3172 3796 3245 bono-

492 3294 776 3364 rumque
832 3294 1108 3345 suorum
1150 3275 1711 3359 conservatione,
1766 3271 1965 3346 dictis
2006 3271 2333 3346 Confiniis
2382 3274 2588 3346 modo
2633 3276 2918 3346 meliore
2971 3281 3397 3371 prospicere,
3455 3289 3526 3349 et
3558 3297 3802 3349 neces-

498 3377 674 3445 saria
733 3397 855 3448 sua
897 3376 1148 3448 auxilia
1202 3385 1511 3471 prompte
1549 3398 1634 3446 ac
1667 3374 2014 3449 benevole
2061 3376 2144 3448 ad
2182 3377 2292 3448 illa
2335 3376 2681 3466 conferre,
2737 3388 3154 3474 nostraeque
3190 3378 3538 3474 benignae
3572 3389 3800 3475 postu-

484 3479 745 3565 lationi,
821 3482 915 3551 uti
968 3479 1370 3551 obedientes
1446 3477 1751 3552 subditos
1824 3478 2053 3567 decet,
2127 3478 2449 3551 effective
2518 3482 2946 3575 respondere
2997 3492 3069 3553 et
3121 3482 3533 3557 satisfacere
3585 3484 3802 3558 veiint.

481 3580 917 3654 Executurus
972 3585 1040 3654 in
1094 3581 1228 3653 boc
1279 3581 1650 3676 benignam
1702 3577 2142 3656 voluntatem
2177 3594 2523 3672 nostram,
2575 3583 2828 3678 tibique
2886 3585 3117 3658 Gratia
3154 3597 3389 3660 nostra
3431 3587 3611 3660 bene
3643 3606 3795 3682 pro-

482 3689 681 3777 pensi
737 3707 991 3759 sumus.
1071 3684 1318 3756 Datum
1370 3689 1441 3757 in
1492 3685 1684 3757 Arce
1736 3695 1972 3756 nostra
2026 3685 2247 3777 Regia
2300 3687 2662 3779 Pragensi,
2716 3688 2985 3761 decima
3040 3695 3326 3785 septima
3382 3690 3497 3764 die
3559 3690 3798 3764 Mensis

482 3786 669 3876 Maii,
723 3789 930 3861 Anno
985 3787 1260 3860 Domini
1311 3786 1676 3860 Millesimo
1733 3786 2297 3881 Quingentesimo
2349 3794 2800 3884 nonagesimo
2856 3814 3063 3864 nono.

691 3968 1089 4065 ΒΙΙ(Ῑ()ῙΙ)Ῑ1118
1144 3992 1233 4043 '¹¹‘
1286 3991 1349 4064 Ρ·
2808 4074 3290 4149 Himmelreicb
3345 4099 3435 4151 m.
3491 4101 3535 4173 p

1610 4274 1873 4342 Tenor
1925 4276 2581 4343 Indorsationis:

762 4443 1164 4560 „magnifico
1264 4463 1521 4539 Joanni
1602 4465 2073 4565 Draskowytb
2164 4468 2251 4540 de
2340 4468 2773 4567 Trakostyan
2805 4524 2828 4563 ,
2934 4470 3333 4566 Regnorum
3423 4483 3796 4548 nostrorum

478 4568 915 4747 Εῶἰίωῗιῐὲῖξε,
956 4566 1323 4747 dffggpgiae
1397 4579 1468 4642 et
1536 4567 1956 4710 Sclavoniae
2030 4570 2223 4644 Bano
2298 4582 2370 4645 et
2436 4570 2880 4654 consiliario
2934 4585 3171 4649 nostro
3255 4581 3382 4652 σεο.
3459 4581 3594 4660 oec
3681 4574 3800 4648 Fi·-

2269 4778 2554 4876 ugrumb
2610 4798 2734 4855 non
2786 4776 2979 4872 &tite
3036 4792 3181 4857 uus,

1412 4980 1737 5060 (Siqn‘llum
1781 4980 2050 5061 Reyinm
2096 4981 2177 5044 ab
2224 4993 2406 5046 eccene
2451 4993 2878 5066 oppressum.)

480 5165 627 5237 orig.
664 5168 826 5221 earth.
864 5170 916 5220 in
952 5167 1182 5223 Archivo
1216 5166 1387 5238 Regni
1423 5166 1679 5222 Grontiao.
1716 5167 1851 5222 Priv.
1888 5168 1976 5222 Νι.
2018 5169 2135 5222 136.
