3950 5917
532 390 688 502 ⁴2⁵⁰

536 621 775 696 premo
832 595 1097 668 Comite
1153 595 1531 669 Comitatus
1589 621 1682 670 ex
1732 599 2059 672 Districtu
2113 599 2247 671 boc
2300 598 2729 688 efformandi,
2785 623 2870 672 ac
2922 604 3197 673 nomine
3251 599 3628 673 Comitatus
3667 601 3848 674 Sae-

530 702 924 776 verinensis
978 699 1416 793 insigniendi,
1473 698 1864 774 Clementer
1917 702 2424 775 denominatum
2480 725 2664 778 esse.
2733 703 2846 774 Ac
2893 702 2977 773 ad
3015 703 3212 794 hujus
3267 704 3546 796 quidem
3589 704 3853 798 Benig-

534 827 667 878 nae
746 812 1025 874 nostrae
1098 802 1568 875 Resolutionis
1642 803 1958 876 ellectum
2040 804 2539 900 procurandum
2612 816 2682 878 et
2735 804 3354 879 Constabiliendum
3437 828 3643 879 omne
3725 808 3853 879 hoc

533 909 952 1002 propositum
1033 908 1453 978 necessariis
1526 912 1594 978 in
1667 906 1848 979 facie
1901 907 2212 979 locorum
2268 907 2780 1004 operationibus
2832 931 2957 1003 per
3024 912 3566 1004 respectivarum
3619 910 3849 982 Juris-

538 1010 905 1082 dictionum
971 1004 1499 1082 Commissarios
1554 1031 1719 1081 mox
1774 1014 2139 1107 susceptiS,
2221 1034 2306 1083 ac
2359 1009 2646 1085 subinde
2716 1014 2784 1082 in
2840 1021 3032 1105 parte
3085 1015 3485 1100 terminatis,
3557 1016 3628 1084 in
3684 1035 3850 1109 pro-

535 1134 784 1206 gressu
834 1110 1264 1182 Executivae
1319 1111 1519 1202 hujus
1574 1113 2119 1207 manipulationis
2176 1136 2263 1186 eo
2336 1123 2527 1185 recte
2591 1115 2736 1205 jam
2791 1112 3100 1187 deveniri
3156 1112 3475 1202 debebat,
3532 1125 3629 1203 ut,
3705 1139 3853 1187 cum

532 1217 1115 1310 praementionata
1188 1217 1304 1284 via
1379 1213 1694 1286 Carolina
1768 1237 1891 1310 pro
1945 1215 2186 1287 Limite
2240 1216 2604 1290 Districtus
2674 1216 3126 1289 Provincialis
3206 1217 3569 1306 destinata,
3650 1228 3848 1313 atque

518 1307 844 1410 'Benigne
899 1339 1025 1412 per
1078 1338 1207 1387 nos
1274 1319 1574 1389 resoluta
1631 1316 1858 1408 fuerit,
1932 1323 2280 1411 negotium
2337 1318 2857 1392 constituendae
2903 1319 3158 1391 Lineae
3212 1318 3411 1409 hujus
3466 1321 3853 1415 Separatu-

533 1425 680 1492 riae
735 1425 802 1492 in
843 1424 1424 1491 concertationem
1482 1431 1552 1490 et
1602 1425 1971 1515 practicam
2016 1422 2608 1516 manipulationem
2662 1445 2787 1517 per
2822 1424 3376 1494 concernentium
3413 1423 3851 1496 Jurisdictio-

532 1546 691 1596 num
750 1523 1277 1595 commissarios
1347 1515 1860 1613 assumeretur3
1965 1523 2335 1596 Praeterea
2393 1546 2569 1596 vero
2638 1525 2736 1615 id,
2811 1548 2969 1595 num
3041 1546 3265 1596 novus
3330 1524 3442 1595 hic
3492 1525 3853 1599 Districtus

539 1648 666 1722 pro
720 1624 1144 1697 efformando
1202 1625 1454 1697 exinde
1500 1628 1731 1718 justae
1786 1629 2246 1721 proportionis
2302 1625 2666 1717 Comitatu,
2737 1626 3087 1700 sufficiens
3140 1626 3405 1699 futurus
3459 1629 3605 1699 sit?
3677 1652 3857 1702 exa-

535 1734 930 1812 minaretur,
1012 1751 1097 1799 ac
1178 1727 1266 1799 de
1341 1726 1675 1801 Comitatu
1753 1730 1887 1803 hoc
1966 1729 2359 1804 Methodica
2436 1734 2702 1803 ratione
2777 1730 3253 1803 constituendo
3335 1753 3451 1804 res
3534 1732 3856 1804 effective

534 1831 803 1929 agenda
874 1834 1361 1924 susciperetur.

844 1934 937 2005 At
1009 1956 1208 2022 vero,
1284 1933 1439 2005 dum
1513 1956 1753 2008 manus
1824 1938 2008 2007 omni
2077 1935 2234 2007 huic
2304 1933 2568 2029 reliquo
2624 1938 2820 2030 operi
2889 1934 3320 2008 admovenda
3394 1935 3645 2024 fuerat,
3730 1960 3850 2032 pro

533 2039 837 2112 uberiori
890 2037 1301 2109 documento
1356 2039 1535 2129 ejus,
1593 2046 1912 2132 quantum
1968 2059 2177 2111 causa
2231 2037 2405 2112 Boni
2457 2036 2705 2133 publici
2763 2061 2860 2110 ex
2908 2059 3285 2133 progressu
3338 2043 3439 2110 rei
3481 2039 3853 2112 Commer-

535 2141 728 2215 cialis
801 2151 992 2211 certo
1065 2143 1316 2212 certius
1371 2139 1805 2236 expectandi,
1885 2145 2261 2236 cupiamus,
2333 2163 2468 2237 quo
2538 2144 2700 2213 item
2753 2144 2940 2213 votis
2992 2141 3522 2234 Regnicolarum
3580 2164 3720 2238 quo
3774 2142 3859 2213 ad

536 2244 778 2318 Partes
832 2244 958 2316 bas
1013 2246 1383 2315 maritimas
1435 2246 1776 2316 reiteratis
1829 2243 1966 2315 boc
2020 2247 2239 2339 magis
2291 2243 2690 2337 Benignitas
2741 2254 2977 2316 nostra
3028 2243 3469 2339 respondeat,
3520 2243 3858 2317 Clemen-

533 2358 643 2423 ter
676 2350 899 2422 visum
939 2355 1046 2417 est
1080 2345 1418 2419 maiestati
1453 2356 1760 2435 nostrae,
1794 2346 2006 2435 illam,
2060 2370 2236 2443 quae
2281 2350 2609 2442 praeviae
2648 2350 2793 2439 jam
2840 2347 3193 2442 Benignae
3230 2357 3509 2419 nostrae
3545 2346 3861 2420 Resolu-

535 2454 739 2524 tionis
794 2453 1043 2521 virtute
1098 2453 1322 2534 statui,
1406 2459 1609 2544 atque
1679 2449 2147 2523 Jurisdictioni
2199 2449 2614 2523 Provinciali
2685 2450 2949 2543 obtigit,
3021 2453 3540 2546 acquisitionem
3594 2474 3682 2523 ea
3737 2474 3865 2522 ra-

536 2558 725 2628 tione
776 2553 1225 2647 locupletare,
1283 2564 1353 2624 ut
1408 2560 1685 2624 omnino
1728 2558 2032 2646 perinde
2083 2555 2341 2624 Portas
2391 2554 2732 2642 Buccari,
2789 2553 3236 2625 Baccaricsa
3286 2561 3357 2625 et
3391 2555 3866 2635 Porto-Ree.

536 2681 719 2752 qaae
770 2658 1263 2728 Jure'sdictioni
1310 2656 1617 2726 Militari
1679 2655 2259 2746 reservabantur,
2332 2658 2707 2727 imnediate
2764 2658 3011 2751 Reque
3067 2657 3406 2728 croatiae
3463 2679 3617 2728 cum
3677 2661 3868 2730 omni

530 2764 729 2854 juxta
782 2763 964 2830 viam
1023 2754 1408 2830 Carolinam
1461 2760 1682 2852 posita
1740 2756 2026 2831 Colonia
2083 2768 2154 2830 et
2204 2758 2602 2855 praehabito
2669 2757 2761 2831 ibi
2815 2757 3295 2832 Commerciali
3350 2760 3686 2833 Districtu
3736 2784 3867 2833 re-

537 2868 1080 2957 incorporentur.
1190 2858 1553 2932 Caeterum
1626 2870 1878 2949 autem,
1959 2861 2530 2956 quemadmodum
2602 2862 2847 2934 Portus
2921 2861 3234 2950 Buccari,
3306 2861 3728 2935 Buccaricza
3804 2873 3873 2935 et

538 2964 951 3037 Porto-Ree
1006 2961 1091 3033 ad
1145 2962 1698 3036 Jurisdictionem
1754 2963 2031 3036 antelati
2081 2963 2573 3037 Gubernatoris
2628 2987 2780 3036 cum
2834 2965 3272 3038 cohaerentia
3329 2986 3452 3036 sua
3508 2965 3865 3058 adjiciun-

542 3076 676 3154 tur,
754 3069 844 3138 ita
916 3075 1097 3138 totus
1151 3066 1263 3137 bic
1314 3066 1678 3140 Districtus
1733 3065 2278 3154 commercialis,
2334 3070 2445 3163 qui
2500 3091 2579 3141 se
2625 3071 2820 3159 Juxta
2875 3072 3061 3140 viam
3115 3067 3502 3140 carolinam
3556 3072 3873 3163 porrigit,

546 3181 617 3244 et
655 3174 877 3242 omnis
917 3168 1007 3240 ibi
1041 3166 1356 3259 Colonia,
1411 3169 1699 3266 demptis
1755 3168 2086 3242 duntaxat
2136 3171 2312 3243 locis
2367 3169 2451 3242 ad
2507 3170 2964 3243 immediatam
3010 3168 3578 3243 Gommercialem
3633 3176 3870 3244 mani-

542 3273 953 3369 pulationem
1011 3271 1485 3362 deservituris,
1539 3273 1854 3368 adeoque
1890 3272 2356 3345 Jurisdictioni
2391 3273 2488 3346 illi
2522 3277 2863 3369 privative
2917 3272 3488 3363 subalternandis,
3543 3297 3676 3370 per
3721 3274 3870 3348 Ga-

542 3398 802 3449 meram
856 3385 1162 3448 nostram
1216 3374 1508 3469 Regiam
1544 3374 2308 3471 Hungarico-Aulicam
2363 3398 2531 3450 mox
2582 3379 3020 3472 recipiantur,
3076 3376 3392 3470 adeoque
3447 3377 3642 3450 velut
3673 3377 3870 3451 Bona

550 3476 959 3565 Gameralia,
1046 3499 1403 3573 quousque
1456 3477 1672 3552 Nobis
1745 3480 1943 3552 aliter
2012 3478 2381 3575 disponere
2442 3482 2668 3554 visum
2739 3479 2967 3571 fuerit,
3047 3483 3523 3575 respiciantur,
3602 3503 3872 3577 proque

544 3581 790 3657 talibus
843 3579 1240 3654 habeantur.

434 3675 449 3688 ⁸
858 3684 1218 3759 Vicisssim
1275 3694 1529 3768 autem,
1614 3683 1947 3779 siquidem
2004 3706 2131 3780 per
2180 3684 2315 3757 hoc
2366 3687 2859 3758 Jurisdictioai
2909 3686 3221 3757 Militari
3287 3686 3478 3757 haud
3526 3687 3880 3758 modian·

548 3791 988 3861 decessurum
1044 3795 1177 3873 sa,-
1246 3787 1405 3860 binc
1478 3797 1616 3858 tum
1677 3809 1816 3879 pro
1889 3796 2541 3881 recompensatione
2595 3789 2968 3864 secundum
3021 3787 3117 3876 id,
3169 3811 3254 3859 ac
3298 3791 3556 3882 Justum
3611 3799 3688 3862 et
3739 3812 3882 3862 ae·-

550 3913 753 3986 quum
808 3912 972 3963 esse
1030 3900 1270 3986 suapte
1341 3889 1758 3982 intelligitur,
1843 3912 1994 3963 cum
2050 3913 2227 3964 vero
2280 3914 2375 3964 ex
2428 3890 2883 3966 subversante
2937 3890 3274 3965 Altissimi
3327 3891 3609 3964 Servilii
3658 3897 3883 3966 nostri

548 3997 845 4079 ratione,
902 3991 990 4064 ob
1066 3996 1578 4088 systematicum
1634 4015 1881 4089 nempe
1932 3992 2244 4068 militaris
2296 3993 2797 4068 Jurisdictionis
2879 4004 3082 4089 atque
3137 3995 3688 4091 manipulationis
3739 4018 3883 4068 ne-

550 4118 716 4169 xum
773 4119 859 4168 ac
913 4104 1360 4192 opportunam
1417 4093 2146 4186 communicationem,
2201 4107 2271 4169 et
2322 4095 2641 4193 denique,
2711 4108 2785 4171 ut
2836 4097 3336 4170 difficultatibus
3388 4107 3460 4171 et
3511 4099 3886 4184 molestiis,

553 4221 727 4295 quas
783 4199 1015 4273 Status
1069 4197 1381 4273 Militaris
1452 4201 1520 4271 in
1589 4198 2159 4280 inclavationibus
2213 4200 2544 4274 hactenus
2595 4199 2920 4276 babuisse
2974 4204 3361 4297 exponitur,
3441 4199 3725 4278 Certim
3800 4225 3885 4274 ac

551 4301 839 4390 Stabile,
919 4300 1405 4397 infallibileque
1456 4300 1861 4376 Remedium
1929 4313 2245 4398 ponatur,
2319 4313 2389 4374 in
2458 4305 2695 4397 lorma
2748 4304 3024 4376 Cambii
3069 4305 3453 4376 Distu-ictus
3501 4305 3880 4378 Sue-iek-

547 4408 762 4500 nyak,
842 4428 982 4476 vena
1058 4428 1210 4477 cnm
1274 4412 1738 4498 possessoriis
1794 4404 2109 4478 Claustri
2161 4407 2623 4504 Paulines-am
2675 4408 3404 4498 Kamenszkotuensa,
3485 4414 3593 4481 ita
3665 4411 3886 4481 cizan

548 4531 645 4581 ecc
708 4516 1025 4601 respecta
1096 4507 1595 4580 Subest-santis
1667 4508 2166 4581 inclavatioms
2211 4518 2616 4603 projectata
2662 4534 2798 4606 per
2852 4512 3226 4584 Consilium
3281 4517 3596 4583 nostram
3649 4512 3887 4585 Aulae

547 4610 890 4685 Bellicum
964 4619 1032 4682 in
1092 4611 1426 4706 confiniis
1478 4611 1872 4683 Banale'bus
1925 4611 2132 4684 Bona
2186 4614 2657 4707 Episcopatus
2708 4614 3219 4710 Zaqrabiensis
3289 4621 3502 4708 atqve
3569 4617 3884 4706 ejusden

553 4715 884 4807 Capituli,
942 4722 1009 4787 et
1066 4715 1267 4805 hujus
1340 4717 1608 4809 quidem
1679 4722 2126 4787 nomt'nanter
2177 4715 2682 4806 Sziszetciense,
2761 4740 2892 4789 nec
2942 4740 3084 4789 non
3156 4717 3584 4811 Praepositi,
3671 4726 3886 4813 atque

552 4819 921 4891 Possessio
988 4820 1264 4909 ,Szunya
1339 4820 1436 4889 ad
1490 4819 1824 4890 Comitem
1889 4819 2293 4915 Keqlievics
2344 4819 2732 4913 Spectans,
2807 4828 3196 4913 praeterea
3263 4843 3434 4891 cero
3491 4820 3886 4892 Distu-ictas

551 4920 1181 5016 Szihelburyensis,
1263 4944 1392 4992 nec
1444 4943 1581 4993 noa
1634 4923 1878 5012 lutura
1932 4921 2193 4995 Libera
2283 4927 2645 5018 Beqe‘aqae
2700 4925 3004 4996 civitate
3058 4924 3649 5016 Carlostadiensi,
3730 4935 3886 5020 ipsa

551 5031 715 5097 Arx
765 5048 887 5096 sea
955 5025 1376 5115 fortalitium
1429 5045 1580 5095 cum
1629 5026 2055 5098 exscidendo
2103 5048 2240 5119 pro
2294 5025 2528 5097 usibus
2580 5026 3001 5098 militaribus
3070 5028 3440 5098 secandum
3499 5028 3886 5100 Rationem

553 5129 837 5201 Localis
877 5135 1075 5217 sitas,
1131 5128 1447 5222 adeoque
1486 5134 1601 5200 rei
1635 5128 2200 5222 possibilitatem,
2246 5127 2604 5225 habitaque
2660 5128 2746 5202 ad
2799 5133 3286 5204 necessitatem
3332 5130 3700 5205 militarem
3755 5157 3888 5205 re-

553 5229 859 5306 flexione
913 5234 1427 5328 proportionato
1483 5235 1861 5326 pomaerio,
1934 5231 2157 5305 eidem
2209 5229 2678 5306 Jurisdictioni
2729 5255 2816 5305 ac
2869 5232 3088 5308 Statui
3138 5232 3412 5306 Militari
3461 5234 3745 5324 cedant,
3807 5260 3892 5306 ac

556 5334 845 5427 proinde
898 5336 1013 5406 illa
1068 5357 1162 5407 ex
1211 5334 1721 5424 Jurisdictione,
1779 5337 1844 5409 in
1901 5348 2031 5432 qua
2088 5345 2245 5409 actu
2298 5345 2454 5412 sunt
2505 5336 2948 5429 Provinciali,
3021 5336 3108 5411 ad
3160 5337 3524 5412 militarem
3573 5337 3891 5414 «lurisdi-
