3950 5917
486 432 641 506 498

1942 1013 1957 1042 ²
2017 1037 2281 1122 ΧΠ.

1265 1351 1475 1422 Anno
1536 1350 1771 1423 1390.
1836 1351 1952 1423 die
2004 1350 2137 1422 30..
2169 1383 2190 1400 r
2205 1350 2525 1446 Aequa:
2593 1349 2670 1419 In
2724 1347 3029 1420 salaba.

490 1630 1052 1735 Stephanus
1123 1617 1589 1732 Tvartko,
1681 1627 2112 1710 Rasciae
2206 1641 2301 1738 et
2381 1627 2811 1709 Bosniae
2891 1627 3129 1733 Rex,
3230 1629 3828 1744 spalatensi

946 1776 953 1784 ’
1222 1765 1765 1845 Ecclesiae
1828 1770 2561 1869 protectionem
2623 1766 3077 1871 spondet.

810 2060 1195 2156 Stephanus
1250 2060 1593 2135 Tuartcbo
1646 2060 1780 2133 Dei
1831 2063 2054 2156 gratia
2105 2061 2431 2144 Rasciae,
2484 2061 2786 2135 Bosinae
2838 2058 3355 2157 maritimaeque
3407 2061 3593 2146 Rex,
3653 2084 3824 2134 om-

497 2166 696 2240 nibus
749 2174 822 2237 et
872 2163 1160 2258 singulis
1214 2160 1465 2238 Christi
1517 2162 1859 2251 fidelibus,
1909 2173 2047 2235 tam
2099 2163 2577 2259 praesentibus
2631 2186 2829 2260 quam
2883 2163 3127 2237 futuris
3160 2167 3623 2261 praesentium
3679 2186 3846 2234 no·-

497 2274 706 2343 titiam
760 2267 1113 2354 habituris,
1169 2267 1458 2340 salutem
1508 2270 1580 2340 iu
1632 2287 1722 2340 eo
1745 2321 1768 2355 ,
1853 2271 1921 2339 in
1979 2288 2115 2361 qno
2167 2271 2239 2340 in
2290 2270 2494 2340 terris
2547 2270 2973 2362 regnantium
3048 2268 3222 2341 solia
3291 2267 3675 2362 Principum
3755 2277 3830 2338 et

496 2372 767 2467 Regum
838 2379 995 2443 sunt
1065 2380 1321 2443 erecta.
1428 2371 1505 2441 Si
1556 2368 1777 2465 Regia
1828 2371 2242 2443 excellentia
2299 2369 2735 2459 sublimatur,
2807 2373 3008 2465 eique
3067 2372 3236 2444 daus
3291 2379 3363 2442 et
3412 2371 3635 2444 honor
3688 2392 3827 2440 ac-

501 2484 843 2560 crescunt,
898 2484 967 2545 et
1020 2475 1232 2569 ipsius
1290 2495 1537 2546 nomen
1603 2473 1994 2562 extollitur,
2076 2483 2147 2546 et
2199 2483 2414 2548 status
2497 2476 2781 2570 suscipit
2836 2472 3067 2546 felicia
3127 2477 3584 2560 incrementa,
3666 2494 3826 2544 cnm

500 2581 1071 2670 magnanimitatis
1125 2578 1332 2662 dona,
1387 2576 1813 2670 gratitudinis
1865 2576 2343 2651 vicissitudine
2396 2575 2726 2672 quadam,
2797 2599 2974 2673 quae
3025 2577 3216 2650 illius·
3259 2599 3420 2672 pars
3484 2586 3591 2648 est
3661 2598 3829 2650 ma-

498 2687 711 2768 xima,
759 2680 1135 2804 dispensat
1191 2690 1260 2751 et
1296 2679 1581 2753 subditis
1625 2682 1927 2774 praemia
1974 2682 2173 2768 juxta
2229 2702 2465 2758 eorum
2525 2683 2762 2753 merita
2814 2683 2963 2776 pari
3011 2690 3200 2754 sorte
3227 2680 3534 2772 largitur
3572 2688 3832 2775 quanto

503 2788 724 2878 magis
775 2786 937 2856 siin
973 2783 1333 2855 Ecclesias
1384 2781 1544 2853 fidei
1598 2781 2007 2866 catholicae,
2063 2782 2569 2872 ecclesiastica,
2626 2805 2803 2876 quae
2854 2804 3222 2879 personas,
3273 2786 3645 2879 praecipue
3697 2780 3836 2853 sibi

506 2886 837 2974 subditas,
893 2895 965 2957 et
1017 2885 1104 2957 ob
1160 2885 1310 2976 ejus
1363 2887 1854 2971 reverentiam,
1909 2906 2036 2981 per
2089 2906 2291 2979 quem
2339 2883 2586 2986 Reges
2659 2895 2952 2980 regnant
3020 2896 3090 2958 et
3161 2886 3512 2982 Principes
3587 2884 3855 2968 domi-,

505 2998 775 3076 uantur,
829 2991 1233 3083 praesertim
1306 2991 1375 3061 in
1438 2989 1643 3079 justis
1712 2986 2149 3084 petitionibus
2221 2987 2506 3061 exhibet
2576 3012 2656 3062 se
2725 2991 3142 3082 gratiosam
3224 2987 3681 3062 favorabilem
3757 2996 3831 3064 et

507 3079 915 3184 benignam·
969 3100 1226 3162 attento
1280 3093 1486 3185 igitur
1536 3091 1717 3182 hoc,
1789 3100 1860 3164 et
1913 3089 2095 3184 quod
2147 3114 2273 3186 per
2344 3114 2500 3164 eum
2550 3114 2968 3186 regnamus
3037 3096 3152 3187 qui
3204 3091 3363 3164 fidei
3419 3091 3832 3174 catholicae,

508 3196 704 3286 cujus
761 3194 1121 3288 plantulam
1176 3217 1288 3266 me
1341 3195 1609 3282 recolo,
1664 3193 2035 3300 Fundator,
2092 3192 2310 3290 Caput
2361 3204 2432 3269 et
2474 3194 2759 3284 Rector,
2809 3194 3594 3289 Ecclesiasticarumque
3645 3193 3833 3264 Per-

510 3319 831 3370 sonarum
886 3307 1165 3391 pastor.
1241 3307 1311 3369 et
1379 3319 1615 3369 earum
1686 3307 1757 3369 et
1817 3283 2128 3371 nost'rum
2209 3301 2508 3374 omnium
2567 3298 2903 3372 Dominus
2977 3308 3048 3370 et
3100 3308 3357 3371 custos.
3467 3298 3830 3391 Quumque

352 3483 365 3493 ,
505 3399 964 3475 Reverendus
1017 3403 1086 3471 in
1141 3400 1411 3473 Christo
1466 3400 1671 3472 Pater
1720 3400 2054 3473 Dominus
2110 3400 2432 3475 Andreas
2487 3401 2574 3473 de
2631 3399 2920 3491 Gualdo',
2975 3401 3234 3496 Legum
3277 3400 3546 3492 doctor,
3582 3400 3838 3473 eadem

508 3505 642 3577 Dei
676 3507 895 3598 gratia
930 3503 1516 3600 Arcbiepisoopus
1555 3507 1851 3577 civitatis
1902 3513 2291 3578 nostrae
2343 3505 2630 3601 Spalati,
2685 3505 2908 3578 fidelis
2963 3501 3410 3577 consiliarius
3459 3513 3529 3576 et
3564 3501 3832 3597 Capel-

512 3607 709 3682 lanus
744 3616 986 3681 noster
1020 3608 1412 3702 spiritualis,
1463 3607 1551 3680 ad
1588 3617 1890 3681 nostram
1933 3606 2279 3681 accedens
2314 3611 2802 3703 praesentiam,
2856 3607 3055 3680 nobis
3094 3608 3433 3680 humiliter
3468 3616 3540 3680 et
3574 3605 3830 3679 devote

514 3712 1170 3807 (repraesentavit),
1205 3720 1280 3784 ut
1313 3715 1535 3805 ipsum
1574 3719 1644 3783 et
1676 3710 2062 3784 Ecclesiam
2103 3732 2294 3784 snam
2341 3711 2783 3807 praedictam,
2835 3714 2905 3784 in
2940 3716 3239 3807 ipsorum
3271 3710 3566 3803 juribus,
3591 3712 3834 3802 ⁸juris-

513 3812 1586 3907 dictionibus,'possessionibus,
1658 3813 1970 3903 decimis,
2025 3813 2353 3887 reditibus
2408 3826 2503 3887 et·
2530 3814 3161 3903 consuetudinibus,
3226 3814 3468 3908 quibus
3521 3811 3830 3910 praede-

514 3938 841 3990 cessores
879 3919 984 3990 sui
1019 3915 1440 4012 temporibus
1479 3916 1754 3989 Domini
1787 3916 2122 3991 Ludovici
2152 3918 2369 4013 Regis
2404 3922 2513 3991 usi
2548 3917 2845 4009 fuerant,
2882 3917 3317 4008 confirmare,
3359 3926 3834 4001 manutenere,

510 4029 908 4116 protegere,
964 4030 1034 4091 et
1067 4019 1472 4108 defendere,
1528 4042 1613 4091 ac
1650 4027 1826 4093 tueri
1869 4025 2177 4115 gratiose
2232 4021 2688 4106 studeremus,
2741 4026 3035 4117 petierit.
3140 4020 3288 4095 Nos
3344 4024 3548 4115 igitur
3599 4029 3837 4092 atten-

513 4123 758 4199 dentes
811 4122 1044 4211 fidem,
1096 4124 1516 4217 legalitatem
1567 4126 1806 4220 ipsius,
1862 4147 1948 4197 ac
2000 4146 2265 4198 morum
2318 4125 2779 4217 honestatem,
2834 4135 2904 4198 et
2952 4126 3254 4199 inclinati
3309 4128 3522 4221 ipsius
3574 4122 3836 4197 humil-

511 4225 736 4318 limis,
791 4224 1108 4315 devotis,
1180 4236 1250 4300 et
1294 4228 1499 4319 J’ustis
1555 4226 2205 4322 supplicationibus,
2279 4239 2350 4304 et
2429 4251 2609 4302 nunc
2682 4228 2769 4303 de
2823 4239 3010 4302 certa
3063 4239 3302 4302 nostra
3356 4231 3684 4316 scientia,
3769 4236 3854 4297 et·

512 4353 708 4403 mera
763 4328 1191 4420 liberalitate,
1246 4330 1561 4404 eumdem
1615 4340 1686 4402 et
1740 4330 1989 4404 dictam
2044 4353 2239 4405 suam
2289 4331 2708 4425 Ecclesiam,
2763 4335 3052 4430 eJusque
3125 4355 3626 4420 successores,
3695 4353 3841 4403 no-

496 4431 691 4512 biles
746 4442 816 4505 et
864 4433 1205 4523 villanos,
1278 4455 1413 4506 nec
1463 4456 1603 4507 non
1657 4437 2192 4530 possessiones,
2264 4447 2531 4527 terras,
2612 4446 2909 4527 tenutas,
2965 4436 3443 4529 mollendinas,
3495 4436 3837 4508 territoria

505 4538 667 4631 jura
721 4547 791 4609 et
841 4535 1033 4618 bona-
1075 4540 1375 4633 ipsorum
1430 4542 1822 4634 praesentia
1852 4548 1948 4611 ·et
1998 4538 2270 4638 futura,
2341 4548 2413 4611 et
2466 4561 2897 4636 quocumque
2960 4542 3148 4632 justo
3203 4539 3385 4612 bono
3442 4538 3713 4623 habita,
3771 4547 3840 4609 et

514 4638 874 4728 habenda,
931 4664 1082 4713 cum
1156 4644 1500 4714 universis
1572 4640 2175 4737 possessionibus,
2246 4646 2495 4731 tertia,
2548 4647 2842 4730 tenutis,
2906 4642 3539 4735 jurisdictionibus,
3613 4645 3840 4726 metis,

516 4742 861 4834 confiniis,
918 4744 1123 4827 villis,
1176 4744 1560 4817 hominibus
1616 4756 1688 4817 et
1739 4741 2230 4820 habitatoribus
2286 4749 2428 4821 suis
2483 4752 2790 4840 gratiose
2839 4746 2965 4820 sub
3018 4750 3445 4841 protectione
3508 4756 3580 4819 et
3633 4747 3840 4818 tutela

514 4850 775 4927 nostris
828 4846 1265 4943 specialibuS,
1318 4857 1561 4921 tenore
1606 4847 1841 4921 harum
1899 4853 2266 4946 recipimus
2306 4860 2377 4923 et
2413 4848 2916 4924 confirmamus.
2989 4849 3286 4937 Quarum
3332 4853 3581 4944 vigore
3634 4871 3842 4921 com-

515 4953 813 5024 mitimus
869 4960 938 5023 et
989 4950 1388 5024 mandamus
1453 4950 1818 5044 magnifico
1869 4956 2027 5026 viro
2084 4952 2264 5027 fideli
2313 4964 2551 5027 nostro
2624 4964 2694 5026 et
2747 4952 2999 5027 dilecto
3056 4954 3335 5026 Paulo
3394 4952 3838 5027 Classich.

515 5052 1002 5129 Vaivodae
1054 5053 1350 5149 Regni
1405 5053 1937 5147 Crovatiae,
1994 5067 2066 5129 et
2098 5056 2247 5130 aliis
2293 5060 2547 5129 nostris
2601 5056 3035 5146 officialibus,
3089 5058 3568 5151 praesentibus
3606 5065 3679 5129 et
3718 5055 3842 5128 fu·-

518 5161 715 5249 turis,
768 5162 835 5231 in
863 5157 1127 5253 Regnis
1181 5162 1486 5236 nostri
1512 5181 1546 5231 s
1596 5159 1980 5235 Dalmatiae
2035 5169 2105 5234 et
2160 5158 2476 5234 Croatiae
2533 5164 2958 5251 constitutis,
3014 5160 3132 5235 vel
3183 5164 3256 5234 iu
3308 5160 3599 5234 futurum
3656 5182 3842 5231 con·

519 5261 922 5353 stituendis,
994 5260 1532 5360 quibuscumque
1602 5262 1991 5339 nominibus
2046 5286 2172 5337 seu
2225 5265 2434 5339 titulis
2487 5268 2932 5363 nuncupatis,
3005 5274 3338 5361 quatenus
3393 5288 3490 5339 ex
3541 5285 3722 5337 nunc
3779 5267 3845 5335 in

524 5372 757 5457 antea,
804 5368 964 5439 vice
1016 5376 1086 5440 et
1137 5369 1415 5443 nomine
1468 5370 1724 5444 uostris
1779 5377 1849 5441 et
1902 5389 2115 5442 causa
2169 5371 2238 5443 in
2289 5389 2588 5465 persona
2642 5371 2886 5460 nost-ri,
2933 5371 3158 5467 ipsum
3209 5368 3295 5442 D.
3335 5366 3843 5466 Aschiepisco-
