3950 5917
2015 916 2319 1005 CCV.

1312 1208 1524 1278 Auno
1583 1203 1803 1278 1630
1871 1204 1987 1277 die
2039 1206 2110 1276 5.
2166 1200 2511 1275 Octobris.
2571 1198 3034 1273 Ratfibonoe.

507 1444 743 1527 Jura
836 1453 930 1524 et
1018 1440 1592 1550 Privilegia
1683 1436 2208 1542 Valachis‚
2316 1439 2411 1516 in
2501 1434 2854 1541 Regno
2946 1435 3493 1516 Slavoniae
3582 1435 3810 1512 inter

508 1580 842 1661 Savum
905 1589 1001 1658 et
1070 1577 1493 1658 Dravum
1557 1575 2213 1681 degentibuS‚
2304 1598 2348 1652 a
2409 1571 2691 1676 Rege
2751 1570 3389 1652 Ferdinando
3449 1567 3544 1648 Π.
3606 1591 3810 1647 cou-

2021 1734 2333 1791 cessa

825 1956 974 2030 Nos
1026 1955 1503 2030 Ferdinandus
1556 1954 1918 2030 Secundus
1964 1961 2095 2030 dcc.
2146 1953 2524 2028 Memoriae
2562 1954 3135 2029 Commendamus
3170 1954 3446 2027 Tenere
3500 1971 3818 2048 praesen-

512 2064 680 2135 tium
757 2058 1273 2153 significantes,
1371 2058 1611 2154 quihus
1709 2059 1989 2155 expedit
2083 2060 2448 2131 universis.
2554 2058 2920 2153 Postquam
2999 2056 3321 2131 ineffabili
3408 2055 3544 2128 Dei
3610 2056 3820 2149 optimi

515 2163 800 2239 Maximi
853 2184 1138 2237 munere
1191 2161 1279 2235 ad
1330 2159 1713 2255 majestatis
1777 2173 2060 2235 nostrae
2114 2159 2396 2233 Culmen
2454 2159 2816 2250 sublimati,
2885 2160 3328 2257 Reipublicae
3381 2156 3818 2252 gubernacula

515 2270 847 2363 gerimus,
925 2267 1022 2339 nil
1088 2287 1384 2361 unquam
1460 2269 1795 2361 antiquius
1866 2263 2251 2337 Chariusve
2321 2262 2704 2352 habuimus,
2785 2287 2984 2360 quam
3037 2273 3113 2335 ut
3177 2261 3650 2358 providentiae
3697 2280 3821 2332 no-

517 2380 705 2445 strae
759 2370 981 2443 studia
1032 2372 1103 2442 in
1156 2390 1244 2441 ea
1296 2371 1663 2463 praecipue
1718 2366 2188 2456 conferamus,
2254 2390 2430 2461 quae
2486 2367 2572 2440 ad
2627 2367 3148 2441 Christianitatis
3202 2375 3636 2460 augmentum
3685 2373 3821 2436 sta-

516 2472 1071 2567 bilimentumque
1152 2470 1437 2561 cedere,
1508 2493 1592 2542 ac
1660 2474 1926 2544 cunctis
1973 2467 2360 2544 Ditionihus
2428 2481 2498 2541 et
2547 2470 2839 2566 populis,
2910 2475 3025 2566 qui
3077 2468 3504 2543 Clementiae
3539 2478 3625 2544 ,et
3667 2486 3822 2540 sce-

520 2585 825 2671 ptrorum
877 2585 1268 2648 nostrorum
1319 2577 1587 2669 pariunt
1637 2573 1960 2669 Imperio,
2013 2595 2288 2668 quoquo
2333 2572 2539 2645 modo
2593 2575 2776 2646 utilia
2831 2596 2997 2648 esse
3048 2584 3356 2670 possunt.
3441 2572 3641 2646 Unde
3690 2591 3822 2641 cum

519 2678 694 2752 Tota
729 2677 1191 2751 Valachorum
1237 2673 1728 2768 Communium,
1782 2699 1962 2772 quae
2014 2700 2110 2750 ex
2162 2686 2680 2751 antecessorum
2729 2687 3118 2751 nostrorum
3171 2676 3398 2749 Divae
3449 2677 3826 2758 memoriae,

518 2780 860 2878 Rudolphi
911 2778 1198 2856 secundi
1258 2788 1331 2854 et
1380 2780 1704 2873 Mathiae‚
1757 2780 2222 2854 Romanorum
2266 2781 2757 2876 Imperatorum
2796 2793 2868 2854 et
2900 2781 3247 2875 Ungariae
3300 2780 3602 2874 Regum,
3653 2777 3825 2850 Con-

523 2883 957 2958 cessionibus
1039 2894 1110 2957 et
1187 2886 1425 2978 gratiis
1506 2888 1638 2957 iam
1721 2906 1764 2957 a
1832 2884 2138 2980 Triginta
2210 2883 2459 2958 abhinc
2525 2885 2750 2958 Annis
2827 2888 2896 2958 in
2971 2882 3282 2958 Partibus
3333 2883 3567 2978 Regni
3642 2883 3831 2955 nostri

523 2987 944 3060 sclavoniae
1013 2991 1192 3058 inter
1244 2987 1503 3060 Savum
1558 2998 1629 3059 et
1677 2986 1984 3060 Dravum
2056 2988 2470 3061 domicilium
2550 2986 2954 3074 habuerunt„
3033 3009 3250 3083 nuper
3303 3011 3340 3059 a
3397 2986 3601 3060 nobis
3653 2987 3832 3058 etiam

524 3088 869 3182 Singulari
940 3098 1222 3163 nostrae
1274 3090 1912 3187 Successorumqne
1982 3101 2373 3164 nostrorum
2445 3092 2901 3185 legitimorum
2956 3089 3303 3185 Ungariae
3355 3089 3631 3185 Regum
3681 3109 3834 3184 pro-

524 3195 847 3265 tectionis
918 3202 990 3265 et
1039 3192 1455 3267 Directionis
1508 3192 1892 3289 Diplomate
1960 3193 2190 3267 donati
2245 3193 2562 3282 fuissent„
2633 3193 2781 3267 Nos
2853 3199 2986 3267 iam
3040 3194 3344 3266 ulteriori
3415 3192 3832 3287 benignitatis

526 3305 807 3369 nostrae
880 3317 1073 3387 curm,
1154 3306 1292 3368 tum
1369 3301 1669 3393 ipsorum
1741 3296 2202 3370 Valacborum
2283 3307 2422 3369 tum
2501 3300 2707 3372 totius
2780 3296 3301 3370 Christianitatis
3372 3296 3736 3369 commodo
3782 3302 3838 3363 et

528 3398 886 3492 tranquillo
941 3421 1027 3471 ac
1079 3420 1331 3474 securo
1386 3403 1587 3473 statui
1656 3410 1730 3472 et
1781 3404 2298 3474 conservationi
2364 3404 2434 3472 in
2488 3402 2638 3474 aliis
2694 3422 2989 3495 quoque..
3044 3424 3221 3495 quae
3275 3423 3314 3472 a
3371 3399 3671 3494 benigna
3722 3397 3839 3470 Di-

527 3505 839 3574 rectione
890 3511 1129 3574 nostra
1182 3501 1594 3598 dependent,
1662 3504 1913 3577 utiliter
1962 3513 2399 3599 prospectum
2455 3526 2619 3576 esse
2674 3508 3053 3598 cupientes,
3122 3505 3343 3577 eidem
3400 3502 3842 3575 Valachorum

529 3606 994 3678 communitati
1045 3608 1224 3678 inter
1273 3606 1666 3701 praedictos
1721 3605 1980 3679 Savum
2038 3617 2107 3679 et
2156 3606 2463 3680 Dravum
2521 3612 2995 3690 commoranti„
3053 3617 3426 3702 sequentes
3485 3607 3741 3700 Legum
3789 3613 3844 3673 et

532 3716 937 3780 statutorum
988 3708 1366 3798 Articulos‚
1438 3731 1725 3803 quorum
1793 3731 2033 3781 norma
2111 3714 2178 3782 in
2251 3720 2599 3805 posterum
2651 3715 2860 3783 vitam
2917 3712 3169 3784 ducant
3237 3721 3308 3783 et
3373 3710 3843 3804 gubernantun

530 3810 908 3884 secundum
975 3821 1414 3907 praesentem
1493 3832 1718 3883 rerum
1794 3822 2042 3887 statum
2113 3822 2184 3886 et
2254 3814 2713 3888 conditionum
2795 3815 3174 3887 clementer
3254 3813 3747 3888 concedendos
3792 3819 3848 3882 et

535 3912 952 3986 sanciendos
1021 3912 1733 4009 praescribendosque
1805 3916 2168 4005 duximu83
2248 3928 2320 3989 ut
2387 3921 2697 3990 nimirum
2753 3918 2997 4010 Regna
3069 3919 3520 4011 Ditionesque
3577 3916 3850 3991 Nostrae

532 4025 775 4089 contra
828 4016 1340 4092 infensissimos
1396 4015 1761 4092 Christiani
1838 4022 2135 4095 nominis
2187 4020 2453 4095 Turcos
2509 4044 2594 4094 ac
2645 4022 2819 4095 alios
2877 4021 3115 4094 hostes
3177 4043 3313 4095 uon
3369 4025 3602 4095 minus
3655 4043 3850 4113 egre-

533 4120 648 4212 gia
703 4129 776 4193 et
824 4117 1012 4192 fideli
1058 4119 1260 4192 huius
1312 4122 1543 4217 populi
1593 4122 1863 4196 militari
1915 4145 2128 4219 opera
2183 4147 2269 4196 ac
2320 4123 2740 4214 fortitudine,
2794 4147 2997 4219 quam
3033 4124 3386 4220 Cel-tarum
3433 4130 3650 4199 etiam
3692 4123 3851 4196 Tra-

534 4223 725 4310 mite,
806 4233 1011 4318 atque
1060 4224 1133 4296 in
1184 4222 1472 4319 Legum,
1528 4245 1813 4319 quorum
1868 4225 2360 4301 observatione
2410 4231 2588 4301 inter
2639 4227 2924 4301 eosdem
2970 4227 3319 4302 Valachos
3367 4239 3509 4301 tam
3566 4232 3637 4303 in
3681 4228 3850 4320 ‘roga

537 4345 741 4417 quam
794 4329 865 4398 in
919 4325 1112 4419 Sago
1187 4329 1378 4400 iuxta
1431 4331 1730 4402 iustitiae
1782 4339 1854 4403 et
1905 4330 2306 4425 disciplinae
2356 4335 2779 4405 incrementa
2850 4332 2969 4405 vel
3020 4335 3322 4405 maxime
3375 4331 3852 4428 Omnipotentis

534 4429 760 4520 gratia
813 4437 886 4501 et
936 4428 1416 4504 benedictione
1468 4430 1823 4506 fructifere
1876 4435 2258 4525 conciliari,
2310 4456 2397 4506 ac
2445 4432 2628 4507 bene
2681 4433 3205 4530 Christianoque
3256 4456 3456 4509 more
3510 4445 3710 4510 recte
3751 4437 3850 4507 vi·

536 4529 750 4603 vendi
784 4534 960 4605 ratio
996 4532 1392 4607 Salutaliter
1442 4540 1843 4609 conseruari
1897 4541 2146 4632 possit,
2199 4547 2385 4611 tanto
2440 4541 2661 4631 magis
2715 4561 2799 4610 ac
2848 4538 3107 4614 firmius
3151 4542 3582 4615 munirentur
3627 4536 3855 4615 obval-

535 4632 918 4731 lenturque.
1026 4634 1327 4722 Quorum
1381 4638 1652 4734 quidem
1713 4638 2178 4713 Articulorum
2232 4650 2434 4715 tenor
2483 4641 2638 4714 talis
2692 4652 2822 4717 est.

1853 4840 1961 4897 n·
2003 4840 2550 4913 ungue-unm.

1682 5017 2245 5093 Articulus
2309 5017 2728 5093 Primus.

856 5214 1146 5293 Cuilibet
1194 5219 1388 5316 Pago
1441 5221 1936 5313 Valachorum‚
2014 5227 2194 5300 inter
2243 5225 2486 5300 Dictos
2539 5225 2825 5304 Fluvios
2879 5228 3142 5304 Savum
3198 5240 3269 5304 et
3314 5229 3631 5303 Dravum
3681 5226 3864 5302 hahi-

539 5321 856 5413 tantium,
909 5343 1076 5397 suus
1130 5326 1220 5399 sit
1267 5324 1498 5399 Judex
1550 5329 1705 5402 sive
1756 5326 2083 5422 hosius,
2135 5333 2245 5404 vir
2297 5330 2560 5405 scilicet
2631 5331 2719 5405 ad
2770 5331 2839 5406 itl
2890 5337 3232 5431 proprius,
3308 5332 3536 5408 Officii
3593 5326 3865 5408 obeundi
