3950 5917
3391 448 3481 523 71

140 627 431 706 uelem
482 635 793 710 nostum
846 628 1099 710 buum
1147 628 1521 712 Sela-onio
1573 638 1707 716 n'to
1759 647 1829 713 et
1878 639 2185 735 legitime
2248 641 2653 734 ordinatam,
2726 659 2853 742 per
2905 649 3170 743 singula
3226 663 3490 747 appro-

146 731 430 823 bantes,
497 739 808 830 pmauti
872 738 1262 832 priuilegio,
1333 740 1424 814 de
1491 740 1715 834 Regia
1767 742 2083 818 libertate
2135 744 2452 822 duximus
2507 748 3062 827 confirmandam.
3167 755 3245 827 In
3299 759 3492 830 wius

140 835 489 912 libertatis
539 847 937 933 perpetuam
991 839 1375 916 firmitatem
1431 866 1517 917 ac
1568 844 2029 937 stabilitatem,
2081 860 2444 943 presentes
2491 856 2965 929 concessimus
3017 857 3254 932 literas
3307 858 3490 954 dup-

136 939 340 1035 pliu‘s
400 941 609 1035 &gilli
661 945 883 1018 nostri
932 948 1300 1020 munimine
1352 945 1738 1024 roboratas.
1815 949 2067 1025 Datum
2117 974 2334 1050 prope
2389 964 2687 1028 castrum
2736 956 3046 1048 Baboch,
3100 973 3283 1035 anuo
3341 962 3486 1035 do-

146 1065 331 1226 z
358 1041 682 1224 {gt-22⁰·
718 1044 912 1122 Lm0·
969 1045 1524 1144 Septemdecimo
1567 1051 1717 1126 Kal.
1756 1049 2208 1157 Septembris.
2275 1056 2504 1152 Regni
2557 1068 2782 1132 autem
2837 1065 3056 1137 nostri
3110 1086 3291 1138 anuo
3351 1066 3489 1139 de-

146 1346 431 1419 ono-am
466 1350 687 1404 ιιι-ιιι.
722 1351 779 1405 in
810 1351 1060 1410 Arcum
1095 1352 1324 1410 cimus
1360 1354 1645 1412 cnam-1..
1679 1358 1742 1412 N.
1775 1360 1824 1412 1.

140 1520 349 1602 (Iden
394 1524 818 1606 Pm'vt’lwium
862 1528 1327 1606 confirmarunt
1366 1529 1507 1594 Rem
1550 1530 1704 1595 Bela
1734 1532 1835 1596 IV.
1882 1552 1944 1596 a.
1979 1533 2172 1615 1269,
2220 1536 2358 1599 Rex
2384 1536 2743 1620 Stephanus
2787 1559 2846 1603 a.
2884 1539 3078 1627 1279,
3124 1541 3489 1607 Ludoon'cus

1134 1650 1197 1696 α.
1246 1631 1419 1697 1382
1476 1644 1540 1698 et
1596 1634 1734 1698 Rea:
1793 1637 2110 1718 liudolfus
2168 1658 2230 1702 a.
2279 1639 2503 1718 159⁷.)

1647 2222 2000 2306 LVII.

1352 2506 1561 2579 Anno
1624 2506 1861 2578 1260.
1929 2508 2010 2578 In
2065 2509 2333 2581 Dobra.

154 2764 313 2844 His
380 2766 811 2870 litteris,
896 2768 1247 2872 quibus
1321 2767 1554 2850 Bela
1617 2765 1743 2846 IV.
1807 2766 2010 2849 Rex
2071 2770 2510 2850 familiae
2573 2771 3485 2880 Frangepanianae

152 2902 746 2983 districtum
809 2903 1240 2985 Vinodol
1304 2905 1628 3011 donat,
1694 2905 2143 3011 docetur,
2225 2907 2534 2988 locum
2600 2921 2695 2989 et
2758 2911 3179 2990 fluvium
3243 2910 3486 2992 Rika

378 3041 796 3144 (Fiume)
863 3046 1121 3124 intra
1185 3045 1558 3123 limites
1621 3041 1940 3149 Regni
2006 3043 2475 3125 Oroatiae
2537 3051 2828 3126 situm
2894 3048 3240 3128 fuisse.

462 3313 634 3386 Bela
689 3313 803 3387 dei
856 3319 1094 3408 gracia
1145 3315 1522 3407 Hungarie,
1550 3315 1931 3404 DalmacIe,
1963 3311 2282 3407 Croacie,
2336 3316 2581 3407 Rame,
2638 3318 2928 3410 Galicie,
2981 3317 3390 3392 Lodomerie
3422 3325 3486 3391 dc

152 3415 616 3490 Cumanorum
670 3417 854 3508 Rex,
917 3419 1278 3494 Vniuersis
1352 3415 1600 3492 Christi
1680 3417 1994 3492 fidelibus
2065 3429 2429 3515 presentes
2499 3431 2777 3495 nostras
2850 3426 3100 3496 visuris
3176 3424 3487 3496 salutem.

150 3520 523 3615 Postquam
596 3519 835 3614 Reges
903 3533 1315 3615 regnarent,
1387 3520 1795 3616 Dominique
1839 3522 2279 3616 possiderent
2343 3533 2566 3598 terras
2621 3529 2685 3598 dc
2735 3524 3007 3619 Regna,
3065 3535 3336 3621 oportet
3391 3549 3486 3597 ex

148 3623 420 3718 Regum
482 3622 886 3722 GuberniJS,
942 3629 1239 3698 omnium
1290 3626 1674 3718 linguarum
1746 3630 2074 3698 vniuerse
2145 3631 2398 3719 gentis,
2454 3651 2585 3724 que
2643 3651 2721 3701 se
2769 3628 3088 3701 alacriter
3140 3628 3488 3718 subderet,

150 3733 241 3801 ita
289 3726 699 3825 providere,
754 3739 831 3799 vt
881 3728 977 3799 illi
1031 3732 1144 3823 qui
1199 3728 1527 3824 deinceps
1599 3731 1917 3801 venerint
1970 3732 2036 3800 dc
2088 3730 2508 3823 succedent,
2579 3755 2705 3828 per
2773 3733 3043 3804 illorum
3097 3734 3487 3830 exemplum

151 3841 217 3904 et
267 3831 660 3903 doctrinam
732 3831 939 3902 multo
1010 3831 1404 3905 feruencius
1478 3842 1548 3903 et
1614 3832 1845 3905 Vtilius
1918 3842 2256 3926 cogantur
2325 3834 2652 3925 obedire,
2725 3845 2796 3908 et
2862 3859 2946 3907 ea
3019 3835 3299 3927 facere,
3355 3858 3485 3929 que

150 3945 304 4010 suut
360 3931 709 4006 fidelitatis
762 3933 1007 4028 Regie.
1113 3934 1279 4008 Ideo
1335 3958 1430 4006 ex
1480 3934 1612 4007 hac
1665 3939 1947 4007 racione
2022 3937 2365 4027 volumus,
2422 3947 2492 4010 et
2544 3937 2743 4011 simul
2810 3941 3158 4013 vniuersis
3209 3948 3280 4010 et
3333 3943 3487 4011 sin-

149 4039 327 4134 gulis
382 4043 525 4108 tam
598 4037 1033 4131 presentibus
1106 4061 1304 4133 quam
1374 4041 1805 4113 successuris
1876 4037 2189 4111 fidelibus
2269 4049 2501 4112 notum
2572 4039 2884 4114 facimus.
2991 4040 3341 4134 Siquidem
3419 4044 3490 4112 in

144 4152 406 4216 tantum
462 4139 817 4213 multitudo
873 4150 944 4213 et
994 4141 1263 4214 malicia
1330 4150 1772 4234 peccatorum
1825 4145 2153 4215 Vniuerse
2207 4147 2432 4235 gentis
2506 4147 2570 4214 dc
2620 4144 2993 4233 hominum,
3049 4142 3174 4217 sub
3246 4154 3487 4216 nostro

151 4247 497 4340 regimine
551 4242 986 4338 degencium,
1037 4245 1400 4339 prevaluit,
1453 4254 1524 4317 et
1576 4247 1744 4317 citra
1799 4267 2073 4317 omnem
2126 4247 2439 4319 timorem
2470 4249 2534 4317 dc
2585 4268 2916 4342 pauorem
2967 4244 3274 4335 Diaboli,
3347 4245 3489 4316 hu-

152 4353 335 4422 mani
370 4352 660 4441 generis
713 4349 960 4437 hostis,
988 4349 1139 4443 plus
1184 4370 1384 4443 quam
1410 4346 1649 4421 Arena
1705 4351 1769 4419 dc
1820 4346 2143 4445 Abyssus
2196 4351 2405 4420 maris
2461 4353 2793 4422 excreuit.
2851 4349 2994 4423 Sed
3020 4349 3267 4422 nolens
3296 4348 3487 4422 Deus

156 4455 465 4551 ipsorum
519 4451 702 4523 mala
775 4473 986 4545 opera
1042 4455 1106 4523 dc
1155 4455 1544 4545 iniquitates
1618 4449 1878 4546 absque
1938 4475 2117 4548 pena
2182 4455 2453 4550 impune
2523 4456 2918 4549 permittere
2989 4456 3054 4524 dc
3131 4452 3487 4548 pullulare,

151 4559 485 4630 excitauit
536 4554 866 4629 Tartaros
936 4558 1008 4628 in
1078 4558 1340 4627 ruinam
1415 4553 1972 4628 Christianorum.
2079 4556 2215 4628 Per
2269 4580 2442 4652 quos
2487 4557 2837 4644 Tartarus,
2893 4565 2973 4629 vt
3024 4567 3491 4650 agnoscerent

148 4658 496 4732 vindicem
550 4657 803 4745 Deum,
858 4680 1065 4753 super
1131 4658 1515 4731 hominibus
1563 4659 1784 4753 plenis
1838 4659 2295 4753 iniquitatibus
2360 4671 2430 4733 et
2484 4660 2644 4732 dolo
2697 4669 2978 4754 propter
3031 4682 3164 4755 que
3215 4661 3485 4734 scelera

152 4767 216 4835 e
264 4770 590 4858 peccata,
664 4761 858 4834 Deus
928 4764 1360 4856 omnipotens
1413 4765 1483 4834 in
1538 4784 1663 4835 sua
1744 4763 2217 4836 misericordia
2299 4763 2811 4858 preseruando,
2880 4765 3138 4858 puniuit
3187 4787 3319 4839 nos
3373 4764 3490 4837 tali

152 4866 382 4952 modo,
440 4863 625 4959 quod
682 4886 837 4936 cum
883 4886 1014 4938 uos
1070 4863 1507 4958 confligendo
1564 4888 1718 4937 cum
1768 4865 2072 4938 Tartaris
2126 4870 2196 4937 in
2268 4889 2510 4963 campo
2566 4865 2661 4938 Su
2719 4867 2933 4960 (sic),
2977 4877 3052 4939 ut
3103 4866 3188 4940 ab
3241 4866 3488 4959 ijsdem

155 4971 453 5043 totaliter
504 4970 676 5040 victi
729 4976 803 5038 et
855 4967 1125 5042 confusi
1178 4967 1530 5041 fuerimus.
1638 4968 1839 5041 Vnde
1910 4991 2041 5042 nos
2110 4970 2430 5043 videntes
2501 4971 2756 5042 nullum
2829 4972 3155 5043 auxilium
3208 4970 3487 5058 adesse,

156 5075 455 5169 μ’»ἰιιο
508 5069 851 5165 aufugere
902 5093 1034 5148 nos
1087 5069 1371 5161 debere,
1426 5075 1624 5150 sicuti
1696 5075 1901 5148 etiam
1948 5071 2336 5166 aufugimus
2407 5072 2496 5147 ad
2564 5084 2797 5169 partes
2847 5074 3246 5161 Maritimus,
3303 5094 3487 5165 que-

157 5187 385 5252 rentes
438 5177 673 5251 lomim
727 5173 1283 5251 abscondicionis
1336 5186 1409 5249 et
1458 5178 1891 5271 reoepcionis
1945 5178 2118 5250 intra
2190 5199 2404 5250 mare.
2484 5176 2621 5251 Vbi
2670 5199 2808 5254 nos
2857 5177 3322 5273 deplorantes,
3378 5176 3490 5248 si-

158 5290 265 5354 cut
310 5280 605 5369 Rachel,
684 5278 1191 5353 considerando
1245 5283 1509 5354 ruinam
1577 5289 1648 5351 et
1716 5302 1965 5352 necem
2033 5281 2155 5354 vel
2225 5284 2524 5354 maxime
2578 5291 2994 5358 nostrorum.
3099 5275 3244 5354 Sed
3294 5278 3490 5352 Deus

156 5383 626 5461 msuieordie
656 5391 731 5456 et
784 5381 956 5460 deus
1009 5385 1547 5472 eomolacionis,
1597 5384 1742 5474 ille,
1797 5387 1910 5479 qui
1963 5384 2226 5458 solatur
2279 5407 2446 5461 suos
2500 5405 2713 5462 veros
2766 5393 2840 5458 et
2879 5382 3124 5460 fideles
3177 5384 3246 5456 in
3301 5387 3494 5458 omni
