3950 5917
860 951 962 1023 ἱ
1984 946 2377 1034 wll!-

1424 1212 1632 1282 Anno
1694 1207 1933 1283 1626.
2002 1210 2117 1282 die
2169 1209 2300 1281 24.
2359 1211 2568 1301 Majt'.
2667 1208 2997 1282 Viennae.

520 1446 1218 1529 Perdinandus
1280 1443 1372 1526 Π,
1454 1445 1653 1528 Rex
1734 1445 1889 1527 SS.
1971 1454 2065 1525 et
2126 1442 2292 1523 00.
2376 1443 2493 1525 de
2576 1446 3278 1523 commissione
3353 1403 3842 1550 praesidii

518 1579 1151 1668 Petrinensis
1236 1610 1535 1664 causa
1615 1588 2050 1664 exmissa
2143 1583 2511 1662 edocet
2601 1605 2969 1686 unaque
3045 1579 3440 1661 eosdem
3500 1580 3615 1659 ad
3688 1603 3843 1658 co-

1621 1719 2187 1827 operandum
2249 1730 2748 1825 provocat.

519 1965 989 2042 Ferdinandus
1028 1964 1432 2057 Secundus,
1504 1966 1639 2038 Dei
1689 1969 1910 2061 gratia
1963 1967 2231 2040 electus
2282 1964 2749 2040 Romanorum
2773 1999 2796 2028 ο
2823 1907 3202 2059 Imperator
3254 1982 3530 2058 semper
3594 1961 3846 2057 Augu-

1119 2079 1291 2160 stus,
1346 2093 1431 2142 ac
1487 2067 1924 2161 Germaniae,
1976 2069 2398 2164 Hungariae,
2451 2067 2828 2141 Bohemiae
2894 2076 3028 2141 etc.
3080 2066 3260 2140 Rex.

832 2273 1280 2365 Reverendo,
1332 2271 1818 2364 Honorabiles,
1872 2271 2332 2369 Spectabiles,
2394 2270 2764 2366 Magnitici,
2819 2269 3103 2364 Egregij
3143 2278 3214 2341 et
3247 2265 3560 2358 Nobiles,
3611 2267 3852 2346 fideles

525 2377 728 2456 nobis
781 2376 1030 2451 dilecti.
1137 2377 1324 2451 Inter
1399 2378 1661 2472 reliqua
1716 2375 2123 2449 adminicula
2177 2384 2251 2447 et
2300 2374 2552 2465 media,
2632 2372 2876 2470 quibus
2927 2372 3162 2448 Status
3213 2369 3523 2468 publicus
3576 2381 3649 2447 et
3699 2372 3852 2447 Ro·-

520 2502 816 2576 gnorum
888 2503 974 2554 ac
1023 2480 1541 2554 Provinciarum
1592 2479 1758 2553 Jura
1810 2479 2240 2573 ditionesque
2293 2487 2478 2552 sarta
2533 2500 2619 2550 ac
2684 2487 2865 2552 tecta
2921 2485 3446 2565 conservantur,
3500 2483 3572 2548 at
3618 2474 3854 2550 Tran-

522 2585 820 2679 quillitas
872 2586 1348 2679 securitasque
1398 2592 1698 2678 paratur,
1750 2604 1891 2656 non
1926 2591 2348 2677 postremum
2400 2583 2629 2654 locum
2679 2579 2938 2655 babere
2976 2579 3064 2656 (le
3097 2576 3435 2673 confiniis
3485 2580 3850 2676 peculiaris

520 2710 693 2760 cura
743 2685 924 2760 haud
978 2684 1180 2759 dubie
1216 2688 1515 2781 reputari
1553 2684 1782 2772 debet,
1832 2688 2264 2783 potissimum
2313 2706 2488 2760 vero
2535 2688 2621 2776 ijs
2657 2686 2730 2758 in
2762 2685 2965 2775 locis,
3017 2683 3133 2760 ubi
3186 2694 3258 2760 et
3291 2684 3510 2760 hostis
3547 2685 3852 2757 circum-

522 2793 732 2881 iacet,
779 2794 977 2883 isque
1026 2792 1177 2863 eius
1229 2792 1319 2862 sit
1366 2799 1651 2864 naturae
1713 2799 1782 2865 et
1832 2792 2141 2881 instituti,
2213 2812 2388 2886 quae
2443 2791 2867 2885 experientia
2921 2790 3068 2884 ipsa
3123 2789 3213 2862 de
3264 2791 3432 2885 ipsis
3483 2787 3851 2873 condonet,

522 2903 601 2964 nt
651 2893 895 2965 merito
950 2892 1039 2967 de
1093 2895 1462 2966 securitate
1514 2896 1771 2986 exigua
1824 2896 2254 2969 assecuratio
2306 2896 2603 2989 promitti
2653 2896 2891 2989 possit.
2947 2893 3122 2966 Hinc
3171 2901 3310 2980 est,
3362 2890 3545 2987 quod
3598 2894 3673 2964 in
3715 2891 3854 2965 bo·-

527 3016 689 3070 num
749 2995 976 3087 Regni
1029 2998 1222 3069 istius
1275 2999 1493 3070 nostri
1546 2995 1962 3071 Sclauoniae
2016 3006 2087 3072 et
2137 2996 2465 3070 ditionum
2516 2996 2972 3071 adiacentium
3023 2995 3502 3070 defensionem
3544 3005 3618 3069 et
3673 3016 3856 3070 oon-

522 3099 994 3171 servationem
1047 3119 1179 3173 nos
1226 3121 1497 3194 quoque
1550 3104 1846 3175 animum
1897 3099 2356 3192 intendentes,
2408 3103 2481 3174 in
2532 3101 2663 3174 bac
2714 3104 2920 3174 etiam
2972 3110 3165 3195 parte
3217 3108 3538 3196 quantum
3588 3104 3862 3195 uspiam

522 3202 854 3296 temporis
906 3199 1219 3276 moderni
1269 3201 1569 3276 conditio
1622 3203 1861 3292 ferret,
1915 3225 2199 3299 operam
2241 3213 2315 3277 et
2347 3203 2722 3278 subsidium
2771 3203 3069 3299 impendi
3120 3202 3531 3277 faceremus.
3641 3202 3861 3277 Ordi-

520 3306 842 3380 novimus
903 3305 1190 3399 proinde
1224 3308 1403 3380 inter
1453 3317 1771 3382 caeteras
1825 3306 2274 3381 confiniorum
2326 3312 2808 3397 necessitates,
2862 3329 2989 3404 per
3039 3316 3271 3382 certos
3322 3305 3860 3381 Commissarios

524 3415 806 3480 nostros
867 3407 1406 3501 perlustrandas,
1474 3419 1549 3482 ut
1597 3414 1805 3484 etiam
1858 3411 1947 3484 de
2017 3414 2521 3487 restauratione
2573 3421 2645 3485 et
2695 3410 3177 3486 fortificatione
3228 3410 3564 3502 Praesidij
3623 3410 3860 3485 Petri-›-

524 3511 791 3586 niensis
836 3511 1261 3605 singularem
1315 3535 1550 3586 curam
1604 3525 2062 3604 assumerent,
2114 3525 2186 3587 et
2250 3514 2774 3609 perlustratione
2827 3514 3401 3609 indagationeque
3453 3517 3861 3588 necessita-

442 3613 459 3626 ‘
524 3621 670 3686 tun
721 3610 948 3687 habita
1018 3612 1281 3709 absque
1337 3615 1767 3691 dilationibus
1836 3615 2262 3710 longioribus
2317 3618 2403 3690 de
2458 3620 2909 3713 applicatione
2962 3639 3278 3693 manuum
3334 3617 3419 3691 ad
3489 3622 3862 3712 requisitas

526 3735 809 3808 operas,
890 3720 1294 3811 quantocius
1350 3719 1577 3793 debita
1628 3720 1854 3793 media
1908 3732 1981 3793 et
2031 3720 2495 3794 ordinationes
2551 3725 3078 3795 instituerentur.
3185 3722 3260 3794 Id
3315 3721 3495 3816 quod
3545 3721 3638 3793 ad
3677 3722 3862 3795 fide-

524 3817 789 3894 litutum
839 3818 1244 3894 Vestramm
1299 3843 1568 3917 quoqne
1621 3825 1926 3896 notitiam
1982 3826 2226 3897 venire
2275 3825 2644 3915 voluimus,
2698 3835 2771 3897 ut
2814 3837 2883 3898 et
2928 3827 3165 3898 salutis
3218 3828 3864 3921 permansionisque

528 3919 757 4013 Regni
832 3924 1031 3998 istius
1099 3922 1300 3996 nobis
1375 3947 1607 3998 curam
1662 3947 1825 4000 esse
1881 3931 2387 4021 agnosceretis,
2459 3939 2532 4001 et
2584 3930 2781 4002 simul
2853 3952 2976 4025 pro
3030 3939 3220 4025 parte
3273 3927 3527 4000 Vestra
3581 3950 3865 4025 quoque

527 4027 602 4094 in
653 4021 1061 4097 beneficium
1116 4036 1450 4118 vestrum,
1522 4032 1582 4102 si
1637 4052 1768 4125 qua
1824 4053 1996 4127 opus
2049 4030 2257 4122 foret,
2312 4041 2383 4105 et
2431 4031 2659 4127 Regni
2712 4054 2985 4127 quoque
3039 4035 3415 4106 communis
3461 4035 3869 4107 usiuenua

530 4129 1019 4220 requireretur,
1099 4128 1169 4201 id
1235 4151 1361 4224 pro
1418 4131 1877 4206 emolumento
1932 4144 2004 4207 et
2054 4133 2236 4208 bono
2290 4138 2566 4232 proprio
2622 4145 2693 4209 et
2743 4134 3014 4231 publico
3080 4145 3387 4231 prompte
3442 4145 3655 4231 atque
3709 4137 3868 4209 ala-

528 4231 741 4301 criter
799 4239 1155 4324 praestare
1204 4231 1384 4305 haud
1438 4257 1774 4331 quaquam
1837 4241 2241 4331 gravamini.
2350 4237 2550 4324 Quod
2602 4238 2873 4335 quidem
2928 4240 3015 4312 de
3086 4237 3518 4313 fidelitatibus
3572 4245 3865 4328 vesu-ie,

529 4328 731 4405 nobis
782 4331 1081 4426 benigne
1131 4336 1552 4434 pollicemur.
1662 4337 1919 4427 Quibus
1971 4345 2174 4414 etiam
2229 4344 2300 4416 in
2348 4342 2612 4438 reliquo
2666 4346 2884 4438 gratia
2936 4353 3173 4417 nostra
3227 4345 3553 4439 propensi
3606 4365 3866 4418 mane—

528 4454 733 4609 3us3
783 4435 1094 4612 iDfithmc
1115 4436 1568 4615 'itnxxgivitate
1646 4453 1882 4517 nostra
1958 4443 2228 4518 Vienna
2305 4448 2647 4539 vigesima
2720 4455 2956 4543 quarta
3024 4445 3286 4522 Mensis
3356 4446 3542 4541 Maji.
3659 4448 3869 4524 Anno

597 4558 781 4612 omm
931 4593 947 4611 .
1016 4594 1032 4612 .
1096 4595 1113 4612 .
1350 4597 1366 4614 .

843 4742 1335 4822 Ferdinandus.

2657 4909 3058 4986 Laurentius
3112 4910 3542 5010 Ferenczffy.

528 5098 609 5153 Ex
644 5097 936 5156 Protooollo
970 5099 1138 5172 Regni
1172 5100 1604 5174 congregationis
1639 5121 1687 5158 ι.
1730 5105 1883 5160 1626.
