3950 5917
1571 936 2006 1064 mvn*

1027 1193 1237 1266 Am
1299 1189 1533 1267 uae.
1620 1193 1694 1266 a.
1745 1189 2182 1267 ambra.
2258 1192 2533 1271 sm
2780 1265 2783 1268 Α
3117 1249 3121 1254 .
3380 1227 3433 1269 ..‚

148 1402 712 1485 vladislaus
773 1402 970 1488 Rex
1061 1402 1412 1511 Regno
1472 1404 2011 1487 Slavoniae
2076 1407 2233 1512 jus
2295 1406 3024 1513 appellationis
3085 1405 3199 1488 ad
3257 1405 3439 1490 Τα-

1051 1541 1372 1625 bulam
1434 1543 1896 1625 Banalem
1957 1544 2517 1626 confirmat.

1975 1786 2353 1853 Gon-sissia
2388 1791 2668 1872 propria
2711 1788 2976 1854 Domini
3015 1788 3222 1872 Itonia.

434 1976 590 2053 Nos
637 1976 1059 2054 wladislaus
1112 1976 1225 2053 dei
1275 1980 1511 2074 gracia
1563 1978 1724 2053 Rex
1756 1979 2106 2076 Hungan‘e
2160 1989 2231 2054 et
2274 1978 2607 2055 Bobemie
2660 1984 2788 2058 dcc.
2839 1979 3177 2057 Memorio
3229 2004 3437 2056 com-

149 2079 529 2157 tendamus
582 2091 827 2157 tenore
889 2086 1324 2179 presencium
1395 2082 1887 2179 significantes,
1925 2083 2202 2181 quibus
2270 2082 2549 2182 expedit
2595 2088 2979 2162 vniuersis:
3059 2084 3259 2174 Quod
3307 2107 3437 2184 pro

148 2181 344 2280 pat-tet
369 2196 442 2261 et
489 2189 566 2260 in
608 2189 927 2282 personis
977 2184 1278 2262 fidelium
1303 2225 1306 2230 ·
1327 2198 1714 2264 nostrorum
1764 2185 2246 2264 Vniuersitatis
2296 2188 2634 2264 Nobilium
2684 2189 2911 2284 Regni
2961 2193 3178 2264 nostri
3220 2187 3437 2264 sela·-

150 2292 356 2382 uonie,
422 2299 670 2364 nostre
719 2288 1059 2365 maiestati
1129 2294 1515 2388 expositum
1565 2294 1849 2388 ‚exstitit
1915 2314 2072 2366 cum
2141 2294 2442 2389 querela.
2548 2292 2747 2381 Quod
2800 2297 3109 2390 quamuis
3160 2297 3437 2389 antiqua

49 2401 50 2404 ’
147 2390 450 2468 libertatis
504 2403 582 2467 et
630 2392 986 2469 laudabilis
1040 2395 1552 2470 consuetudinis
1603 2399 1904 2492 ipsorum
1958 2399 2394 2492 prerogatiua
2446 2399 2862 2493 requirente,
2924 2420 3169 2474 omnes
3221 2419 3437 2474 cause

147 2500 420 2592 ipsorum
473 2519 610 2595 pro
661 2519 1066 2594 quocunque
1118 2498 1305 2572 facto
1356 2499 1475 2574 vel
1526 2502 1825 2593 negocio
1875 2504 2055 2574 inter
2109 2523 2273 2576 sese
2324 2521 2449 2597 pro
2501 2511 2810 2599 tempore
2864 2511 3049 2575 mote
3100 2501 3220 2575 vel
3262 2522 3435 2576 sus-

147 2604 351 2691 citate,
403 2605 695 2699 primum
745 2605 814 2676 in
865 2605 1230 2698 presencia
1301 2601 1471 2677 Bani
1523 2602 1832 2677 eiusdem
1881 2602 2107 2698 Regni
2162 2609 2439 2677 tract-ari
2492 2614 2563 2678 et
2613 2604 3008 2694 adiudicari,
3065 2614 3137 2678 et
3186 2604 3437 2679 dehinc

146 2725 281 2799 pars
328 2706 751 2799 litigancium
805 2727 946 2779 non
999 2715 1345 2795 contenta,
1398 2710 1467 2780 in
1524 2703 1792 2780 Curiam
1848 2717 2152 2782 nostram
2189 2708 2498 2804 Regiam
2532 2731 2659 2805 per
2706 2713 2893 2783 viam
2946 2708 3435 2806 appellacionis

49 2863 50 2880 Ν
147 2828 316 2881 suam
390 2831 682 2884 cansam
761 2808 1136 2896 deducere,
1210 2809 1338 2884 sed
1406 2810 1614 2885 etde
1663 2813 1813 2906 ipsa
1869 2809 2073 2885 Curia
2139 2821 2377 2888 nostra
2454 2814 2800 2903 iudicium,
2869 2823 2939 2887 et
3008 2816 3435 2887 sentenciam

146 2913 330 3008 ipsius
403 2913 586 2986 Bani
665 2917 884 2988 nostri
949 2911 1353 2988 infirmatam
1391 2924 1541 2988 'ant
1608 2913 2103 3005 confirmatam,
2180 2939 2419 2992 rursus
2488 2916 2575 2990 ad
2629 2917 2920 2991 eundem
2992 2916 3255 2990 Banum
3300 2913 3433 3014 pro'

147 3019 538 3091 executione
621 3037 897 3115 semper
968 3017 1308 3092 reducere
1386 3017 1698 3094 debuerit
1759 3025 1835 3092 et
1884 3018 2152 3094 debeat.
2254 3020 2515 3095 Tamen
2592 3043 2777 3094 nunc
2850 3021 3119 3119 plur’nni
3196 3029 3437 3097 essent

145 3116 398 3196 Nobiles
451 3126 525 3195 in
583 3119 810 3194 medio
862 3124 1164 3219 ipsorum
1215 3121 1750 3218 Regnicolarnm
1817 3133 2209 3199 nostrorum
2260 3122 2440 3199 bona
2495 3134 2565 3198 et
2613 3128 3103 3222 possessiones
3155 3124 3436 3199 baben»

143 3229 255 3315 tes,
301 3227 413 3322 qui
465 3246 611 3299 non
667 3234 901 3298 curata
970 3224 1354 3301 huiusmodi
1423 3224 1758 3314 libertate,
1813 3237 1885 3300 et
1934 3227 2428 3301 consuetudine
2498 3228 2900 3320 eorundem,
2972 3252 3109 3324 quo
3161 3228 3433 3304 facilins

143 3337 374 3421 partem
445 3328 815 3403 aduersam
868 3332 938 3402 in
995 3333 1137 3403 suis
1205 3328 1462 3403 iuribus
1528 3329 1830 3420 turbare,
1900 3352 2201 3427 suasque
2272 3354 2521 3408 causas
2590 3336 2796 3406 etiam
2868 3335 3183 3407 sinistras
3251 3354 3433 3430 pro-

49 3495 50 3498 *
143 3449 398 3506 monere
469 3436 545 3506 in
597 3435 1119 3529 oppressionem
1188 3437 1396 3529 partis
1467 3433 1761 3508 aduerse
1828 3438 2118 3531 possint,
2197 3438 2423 3509 statim
2474 3458 2517 3507 a
2569 3439 2899 3534 principio
2969 3456 3184 3510 cause
3202 3445 3233 3462 ·'
3258 3435 3432 3511 snos

143 3532 557 3611 aduersarios
609 3538 679 3610 in
734 3535 1002 3610 Curiam
1057 3546 1362 3611 nostram
1412 3551 1742 3628 euocare,
1796 3548 1868 3612 et
1917 3538 2031 3612 hic
2080 3536 2358 3614 obtenta
2410 3560 2538 3635 pro
2575 3561 2657 3613 se
2709 3543 3076 3630 sententia,
3130 3538 3427 3612 eandem

139 3657 255 3711 non
302 3639 390 3714 ad
442 3640 709 3713 Banum
778 3661 906 3736 pro
970 3639 1398 3715 execucione
1465 3642 1776 3732 referre,
1830 3642 1954 3717 sed
2008 3642 2133 3718 sub
2186 3642 2477 3739 quadam
2544 3645 2998 3717 taciturnitate
3067 3644 3223 3718 aliis
3288 3645 3427 3719 viis

138 3750 197 3813 ot
237 3743 456 3818 modis
504 3747 891 3841 exquisitis,
945 3747 1198 3840 exequi
1248 3744 1489 3820 facere
1539 3747 1985 3843 incepissent,
2054 3749 2127 3821 in
2178 3746 2622 3843 preiudicium
2683 3749 3026 3844 premisse
3093 3745 3428 3821 libertatis

134 3845 323 3940 ipsius
373 3846 604 3942 Regni
656 3852 899 3938 nostri,
953 3859 1025 3922 et
1070 3854 1587 3946 oppressionem
1642 3850 2017 3924 eorundem
2070 3849 2603 3945 Regnicolarum
2671 3862 3061 3927 nostrorum
3122 3849 3429 3927 manife-

136 3957 309 4025 stam.
409 3951 566 4026 Nos
617 3953 823 4046 igitur
872 3951 1218 4027 intellecta
1266 3952 1652 4027 huiusmodi
1703 3957 2152 4050 querimonia,
2206 3955 2333 4029 sed
2387 3967 2460 4029 et
2488 3966 2778 4054 accepta
2832 3954 3201 4054 superinde
3250 3975 3430 4052 sup-

133 4053 491 4145 plicacione
571 4054 946 4129 eorundem
1023 4055 1555 4151 Regnicolarum
1624 4066 2042 4145 nostrorum,
2119 4058 2436 4134 nolentes
2504 4063 2697 4157 ipsos
2766 4082 2895 4156 per
2963 4059 3428 4157 cuiuscunque

134 4165 400 4232 asinum
481 4159 929 4256 calumpniam
980 4162 1050 4232 in
1103 4162 1247 4234 suis
1321 4162 1614 4256 antiquis
1691 4159 2115 4237 libertatibus
2195 4173 2281 4236 et·
2333 4163 2938 4240 consuetudinibus
3016 4162 3424 4262 perturbari,

136 4260 247 4334 aad
293 4263 582 4338 eosdem
635 4284 760 4360 pro
813 4261 1042 4337 debito
1095 4266 1448 4358 regiminis
1498 4264 1740 4339 nostri.
1768 4267 1837 4339 in
1891 4269 2035 4341 suis
2086 4265 2349 4340 iuribus
2402 4280 2846 4343 conseruare.
2935 4267 3197 4343 Omnes
3245 4267 3424 4343 talo·

135 4383 389 4458 causas,
465 4369 960 4455 euocaciones,
1041 4367 1628 4459 adiudicaciones,
1705 4373 2127 4460 sentencias,
2202 4392 2715 4468 processusque
2797 4372 3175 4446 earundem
3195 4425 3255 4463 ,-
3292 4391 3428 4469 que

136 4477 350 4543 wau-a
397 4474 848 4568 prescriptam
901 4470 1284 4546 libertatem
1333 4483 1405 4546 et
1451 4473 2046 4564 consuetudinem,
2099 4483 2298 4549 extra
2342 4475 2654 4550 ordinem
2707 4478 3028 4573 superius
3078 4484 3425 4549 narratum

132 4574 1507 4755 ἴωωωῃᾚῗὲὲΐὲᾞέᾅῗῖωῗ
1546 4578 2451 4779 Ξξΐῖἷὲξῑὲθαῗέωᾞὲ
2483 4579 2949 4766 ,ἓὲῒὲἕὲἓῖ
2999 4580 3427 4775 22,ὲῖῗὲ

1499 4735 1500 4740 ’
2919 4736 2945 4774 9

134 4786 198 4850 et
235 4781 656 4873 anullandas,
707 4785 1320 4874 imo-renocamus,
1373 4806 1731 4861 cassamus
1784 4809 1870 4859 ac
1920 4787 2169 4862 nullius
2220 4790 2486 4883 vigoris
2537 4809 2702 4864 esse
2757 4789 3208 4864 declaramus.
3260 4786 3426 4870 Vc«
3482 4799 3497 4816 ·

135 4877 336 4958 lentes
383 4885 860 4961 nichilominus
911 4895 984 4961 et
1034 4885 1517 4980 decernentes,
1568 4900 1647 4964 vt
1693 4911 1739 4962 a
1791 4890 1999 4963 modo
2053 4889 2381 4988 deinceps
2427 4896 2804 4989 premissus
2878 4892 3050 4968 ordo
3102 4911 3423 4965 consae·-

137 4984 485 5063 tndioarius
549 4993 618 5063 in
687 4989 924 5064 medio
999 4991 1388 5065 eorundem.
1451 4992 1985 5087 Regnicolarmn
2062 5004 2454 5070 nostrornm
2522 5000 2592 5070 in
2653 5017 2994 5094 processu
3065 4995 3426 5070 iudiciario

138 5106 386 5188 semper
433 5099 508 5166 et
554 5097 1046 5192 imperpetuum
1111 5093 1597 5170 inuiolabiliter
1661 5095 2093 5172 obseruator.
2199 5097 2400 5186 Quod
2451 5103 2514 5173 si
2563 5121 2693 5196 per
2742 5099 3126 5198 qnempiam
3190 5099 3428 5195 aliqu

137 5197 496 5269 teneritate
544 5207 660 5271 aut
707 5203 972 5273 astucia
1025 5197 1226 5274 fieret
1265 5208 1351 5274 et
1396 5208 1845 5274 attentaretur
1896 5204 2336 5294 contrarium,
2388 5202 2458 5275 id
2508 5223 2607 5276 ex
2654 5205 2851 5279 nunc'
2884 5207 3227 5301 premissa
3274 5207 3428 5276 nol-³

142 5301 262 5369 stra
303 5297 536 5394 Regia·
573 5306 1100 5377 anctoritate‘2in
1145 5307 1415 5379 irritum
1466 5323 1901 5380 reuocamus.
2006 5305 2262 5380 Harum
2330 5316 2719 5382 noemmin
2787 5312 3039 5405 vigore
3082 5318 3160 5384 et
3192 5303 3428 5381 wat·-

137 5402 346 5475 -onio
415 5403 1281 5483 litteratum-modium..
1339 5407 1859 5486 Damnssude
1929 5409 2113 5499 feria
2180 5410 2856 5511 secunda-proxima
2906 5422 3089 5488 ante
3150 5410 3428 5506 sm

313 5535 468 5604 (Pan
497 5537 536 5597 1.
577 5540 755 5596 Privss.
785 5549 842 5596 et
871 5539 1093 5611 uben.)
2897 5516 3005 5593 30
3211 5576 3214 5579 -
