3950 5917
480 389 640 462 400

470 595 1117 692 Eildburgsbausen
1176 587 1499 671 Partibus
1551 602 1624 671 ἰιι·
1674 598 1806 672 illis
1876 597 2172 672 Militare
2247 597 2606 694 Imperium
2685 595 3194 686 insinuationis.
3273 620 3368 669 ex
3417 597 3808 671 Earundem

484 695 928 774 conferentia
998 705 1387 797 nuperrime
1441 698 1663 774 habita
1714 700 1931 775 Nobis
1985 702 2213 774 medio
2273 702 2711 797 peculiariter
2780 704 3239 775 exmissorum
3311 701 3806 794 Ableg'atornm

484 821 762 876 suornm
816 804 1187 877 humillime
1239 813 1749 900 exposuerunt3
1831 803 2089 892 Quibus
2144 795 2442 898 benigne
2508 804 2898 891 intellectis
2979 805 3189 876 veluti
3245 804 3392 877 Nos
3441 805 3805 897 Angusta-

484 919 635 1001 que
672 906 934 982 Domus
986 919 1221 982 nostra
1275 908 1609 982 hacteuus
1662 912 1924 981 cunctis
1978 912 2047 981 in
2101 912 2558 999 occurrentijs
2620 911 2941 980 eximiam
2997 907 3419 980 Fidelitatem
3472 907 3806 981 Fidelium

486 1009 794 1084 statuum
849 1021 919 1083 et
970 1010 1295 1085 Ordinum
1349 1010 1748 1106 Regnorum
1801 1021 2156 1085 nostorum
2213 1011 2533 1083 Croatiae
2589 1032 2674 1081 ac
2727 1009 3145 1083 Sclaveniae
3218 1001 3484 1112 experti
3539 1012 3806 1083 fuisse-

484 1135 660 1198 mus
712 1137 797 1187 ac
852 1114 940 1189 de
992 1115 1320 1188 ulteriore
1366 1136 1646 1210 quoque
1699 1114 2041 1206 ejusmodi
2092 1113 2380 1216 insignis
2434 1114 2843 1187 Devotionis
2898 1124 2968 1186 et
3005 1114 3378 1188 Fidelitatis
3433 1119 3806 1188 continua-

476 1219 662 1291 tione
715 1216 1058 1291 indubiam
1110 1240 1306 1314 spem
1360 1217 1574 1291 Nobis
1645 1215 1929 1292 firmiter
1980 1209 2486 1314 polliceremur
2558 1223 2650 1288 ita
2699 1221 2768 1290 in
2824 1217 3006 1289 Casu
3063 1224 3440 1310 ingruentis
3487 1219 3667 1291 Belli
3720 1241 3805 1288 ac

479 1320 634 1394 dum
690 1323 778 1395 ad
822 1321 1325 1418 reprimendam
1378 1321 1689 1394 Hostium
1740 1319 1901 1394 Vim
1969 1321 2308 1412 validior,
2388 1343 2610 1417 eaque
2681 1321 2989 1414 regulata
3062 1320 3295 1394 Militia
3352 1326 3418 1393 in
3474 1323 3800 1395 Districtu

474 1424 975 1500 Jurisdictionis
1053 1425 1330 1498 Banalis
1401 1428 1801 1498 necessaria
1855 1437 1965 1500 est
2008 1424 2257 1513 futura„
2314 1428 2466 1517 ejus
2523 1425 3122 1496 clementissimam
3203 1425 3488 1498 habituri
3562 1448 3798 1498 sumus

474 1526 953 1618 reflexionem,
1009 1551 1099 1602 ne
1135 1528 1437 1600 Servitio
1472 1537 1712 1600 nostro
1747 1527 1868 1603 vel
1903 1530 2105 1602 etiam
2152 1527 2433 1600 Publice
2483 1528 2678 1600 Bono
2718 1525 3381 1623 Conservationique
3437 1527 3798 1624 Ipsorum-

474 1642 616 1704 met
663 1631 994 1704 Fidelium
1046 1632 1353 1705 Statuum
1411 1631 1569 1725 quid
1624 1630 1847 1704 desit:
1928 1630 2017 1704 Et
2066 1653 2293 1727 neque
2347 1641 2889 1727 praememorata
2964 1630 3244 1723 Consilii
3302 1637 3518 1704 nostri
3571 1633 3800 1705 Aulae

476 1734 712 1806 Bellici
748 1734 1120 1808 Insinuatio
1159 1755 1245 1806 eo
1286 1756 1495 1808 sensu
1550 1733 1881 1807 sumenda
1900 1745 2118 1823 esset,
2172 1739 2366 1830 quasi
2421 1734 2780 1828 Imperium
2834 1733 3124 1806 Militare
3180 1736 3309 1807 illis
3363 1741 3430 1807 in
3485 1734 3797 1807 Partibus

475 1836 846 1926 habiturus,
898 1861 1052 1910 cum
1089 1837 1433 1910 Fidelibus
1471 1835 1798 1927 Statibns
1852 1842 2114 1912 omisso
2153 1837 2377 1911 medio
2424 1839 2771 1930 legitimae
2809 1847 2879 1909 et
2916 1843 3364 1933 competentis
3401 1838 3797 1911 Eorundem

474 1940 863 2028 Instantiae
938 1963 1063 2036 pro
1119 1963 1246 2013 suo
1301 1939 1579 2013 arbitrio
1653 1952 1924 2013 acturus
1981 1951 2196 2026 esset,
2271 1964 2423 2013 cum
2479 1963 2816 2036 expressa
2891 1939 3186 2031 benigna
3269 1965 3464 2014 mens
3520 1954 3591 2013 et
3653 1966 3796 2015 vo-

469 2045 693 2118 luntas
747 2054 982 2117 nostra
1037 2047 1314 2131 existat,
1369 2054 1441 2116 ιιι
1493 2067 1604 2135 ea,
1660 2066 1839 2138 quae
1892 2068 1931 2115 a
1987 2055 2181 2148 parte
2233 2044 2761 2117 Provincialium
2817 2044 3148 2167 dictorum
3203 2044 3605 2139 Regnorum
3656 2069 3795 2119 no-

464 2250 657 2324 Rani
686 2250 1153 2325 Fidelitatibus
1224 2251 1494 2324 Vestris
1562 2254 1954 2323 intimentur
2007 2261 2078 2332 et
2128 2255 2584 2340 innotescant,
2659 2274 2743 2323 ac
2796 2274 2964 2345 erga
3018 2252 3224 2324 talem
3295 2252 3800 2326 Intimationem

466 2377 590 2446 sua
644 2354 1033 2428 modalitate
1088 2365 1396 2450 prompte
1451 2358 1658 2427 etiam
1706 2364 2162 2449 praestentur
2238 2365 2308 2428 et
2361 2355 2531 2428 alias
2587 2376 2856 2450 quoque
2908 2353 3186 2428 Fideles
3234 2355 3467 2429 Status
3524 2367 3595 2428 et
3649 2356 3798 2428 Or-

464 2437 661 2530 dines
714 2469 1287 2554 praeattactorum
1343 2457 1661 2531 Croatiae
1717 2479 1801 2528 ac
1854 2457 2274 2531 sclavoniae
2355 2459 2750 2551 Regnorum
2809 2467 3195 2532 nostrorum
3270 2463 3338 2530 in
3385 2463 3591 2550 Justis
3650 2465 3797 2532 suis

461 2560 1345 2655 Jurihus,P1-aerogativis
1421 2571 1491 2634 et
1559 2560 1950 2654 PrivilegiJS
2024 2561 2414 2635 omnimode
2495 2571 2994 2635 conserventur
3065 2573 3794 2658 manuteneanturque.

465 2663 693 2737 Gratia
766 2671 833 2737 in
890 2666 1152 2759 reliquo
1224 2676 1457 2738 nostra
1514 2661 2139 2760 Caesareo-Regia
2207 2665 2674 2739 Fidelitatibus
2731 2664 2997 2738 Vestris
3052 2664 3349 2760 benigne
3394 2669 3796 2762 jugiterque

460 2772 783 2863 propensi
845 2778 1223 2841 manentes.
1329 2767 1577 2839 Datum
1647 2771 1716 2840 in
1771 2766 2063 2842 Civitate
2143 2770 2392 2843 Nostra
2465 2769 2734 2841 Vienna
2807 2769 3159 2860 Ausa-iae,
3238 2770 3366 2842 Die
3445 2774 3796 2864 vigesima

462 2889 642 2943 nona
696 2875 954 2945 mensis
1008 2869 1423 2945 Novembris
1475 2871 1683 2944 Anno
1737 2870 2011 2946 Domini
2063 2871 2426 2946 Millesimo
2481 2876 3091 2968 septingentesimo
3151 2876 3507 2965 trigesimo
3561 2884 3798 2947 sexto.

780 3075 1123 3151 Carolus
1177 3100 1263 3149 m.
1320 3100 1383 3174 p.

2095 3283 2348 3357 Comes
2401 3284 2792 3358 Ludovieus
2848 3287 2936 3359 de·
2987 3269 3343 3383 Batth'yan'
3381 3309 3465 3357 ιιι.
3507 3310 3570 3381 p.

2404 3490 2648 3566 Petrus
2700 3490 2904 3586 Vegb
2957 3516 3045 3565 m.
3093 3517 3156 3588 p.

1954 3740 2008 3799 ,A
2057 3749 2278 3816 teu-90:

761 3923 1223 4016 Reverendis
1304 3925 1859 4016 Honorabilibus,
1931 3928 2431 4026 spectabilibus
2506 3955 2591 4004 ac
2657 3931 3086 4027 Magnificis
3161 3933 3547 4029 Magnificis
3622 3941 3798 4010 item

447 4026 775 4122 Egregiis
847 4039 917 4101 et
970 4028 1349 4121 Nobilibus,
1429 4052 1565 4102 nec
1632 4053 1770 4104 non
1841 4031 2293 4107 Prudentibus
2349 4057 2433 4107 ac
2487 4033 3016 4159 Circumspectis
3087 4036 3168 4110 N.
3223 4037 3306 4110 N.
3378 4038 3799 4131 Regnorum

446 4141 837 4204 nostrorum
892 4132 1298 4224 Dalmatiae
1352 4133 1705 4208 Croatiae
1729 4145 1800 4209 et
1850 4135 2271 4211 Sclaveniae
2324 4141 2670 4215 universis
2741 4139 3041 4216 Statibus
3097 4163 3182 4213 ac
3235 4140 3605 4215 Ordinibus
3656 4147 3794 4217 ἑο.

447 4231 820 4328 Fidelibus
863 4235 1081 4310 Nobis
1137 4236 1421 4328 dilectis.
1493 4297 1499 4302 .

1956 4446 2069 4541 (L.
2148 4447 2265 4540 S.)

434 4692 587 4766 0113.
620 4699 676 4751 in
711 4697 942 4752 Arcblvo
976 4697 1149 4769 Regni
1184 4697 1448 4755 Omanae.
1479 4699 1611 4753 Aeta
1645 4700 1816 4774 Regni
1851 4698 2286 4772 Congregationb
2319 4704 2384 4759 A.
2425 4705 2576 4759 1736.
2613 4705 2673 4760 R.
2711 4707 2793 4760 53.
