3950 5917
588 372 755 454 234

590 580 1031 669 admitti-us,
1088 591 1189 654 ut.
1208 582 1533 658 universa
1584 578 1899 658 linurin
1952 579 2192 655 Officia
2245 601 2460 680 penes
2512 580 2924 679 praedictam
2969 583 3348 679 regulatam
3399 582 3688 664 mltum
3723 584 3850 660 Ba-

590 685 824 764 nutem
893 683 1118 778 Regni
1190 683 1669 762 Continiariam
1775 684 2042 760 idoneis
2113 684 2439 760 duntaxat
2512 682 2831 764 Coronae
2906 685 3130 784 Beffli
3204 690 3424 762 nestri
3497 688 3843 784 ngnrine

592 787 927 878 subjectis
984 788 1251 866 Patriae
1302 788 1495 882 Filijs
1556 788 2020 879 conferantur,
2075 799 2143 862 et
2196 788 2544 865 Praesidio
2593 788 2933 865 Nationali
2983 792 3290 885 regulata
3343 790 3613 866 aliunde
3657 789 3847 868 futuro

591 892 813 972 Mimo
844 892 1473 987 impransidientnn
1522 893 1884 968 Antelatus
1934 914 2143 989 porro
2188 890 2441 968 Comes
2475 893 2729 985 Bauus,
2781 893 3242 991 Ejusdemque
3285 898 3356 968 in
3390 894 3628 970 Officio
3661 895 3844 970 bocca

588 998 1089 1086 Successus-es,
1166 1018 1305 1074 nou
1360 997 1566 1072 modo
1618 996 2100 1092 erigendarum
2181 999 2320 1091 (uti
2365 1001 2857 1093 praemissum)
2922 1021 3016 1072 cx
3065 997 3407 1096 praedicta
3459 998 3690 1074 Banali
3729 999 3847 1076 tti-

590 1100 731 1173 litia
784 1097 1199 1176 Causiniaria
1277 1100 1705 1195 Regiminum
1783 1099 2216 1196 Proprietarij
2297 1104 2620 1190 existant,
2696 1124 2939 1175 verum
2990 1105 3193 1175 ctiam
3244 1102 3546 1175 adinstar
3615 1103 3848 1178 illorum

590 1202 1215 1280 vtae-cotoneum
1304 1214 1375 1277 et
1424 1204 1512 1278 ab
1565 1203 1723 1277 inde
1793 1204 1966 1278 alios
2018 1203 2366 1277 Officiales
2434 1203 2910 1281 denominandi
2959 1206 3086 1280 Jus
3138 1215 3210 1280 et
3251 1205 3686 1280 Activitatem
3729 1206 3847 1282 ba-

588 1307 827 1396 boant,
897 1311 1045 1401 ipsa
1124 1317 1521 1402 praenotata
1593 1307 2074 1402 erigendarum
2142 1311 2676 1403 praemissorum
2741 1308 3171 1403 Regiminum
3237 1308 3652 1406 Proprietate
3715 1332 3851 1384 mo-

589 1411 810 1486 derno
890 1409 1136 1486 Comiti
1197 1412 1390 1485 Bauo
1443 1411 1908 1506 Ejusdemque
1957 1415 2029 1485 in
2082 1411 2324 1485 Officio
2408 1411 2629 1486 hocce
2706 1412 3240 1486 Successoribus
3317 1414 3542 1486 taliter
3616 1412 3855 1504 collata,

590 1519 997 1611 privativam
1050 1520 1122 1588 in
1174 1515 1405 1589 Rebus
1477 1516 1655 1589 dicta
1709 1516 2066 1610 Regimiua
2137 1538 2408 1613 quoquo
2462 1516 2669 1590 modo
2722 1515 3287 1591 concernentibus
3356 1516 3856 1613 Dispositionen

590 1618 816 1694 eidem
870 1619 1064 1692 Bano
1119 1630 1190 1691 et
1238 1621 1417 1693 illius
1470 1623 1539 1693 iu
1592 1619 1834 1693 Officio
1905 1618 2125 1693 hocce
2179 1619 2415 1693 Banoli
2484 1619 3019 1694 Successorihus
3087 1620 3594 1708 concredente3
3663 1617 3854 1693 Golo-

586 1723 924 1797 nellorum
980 1732 1276 1798 attamen
1329 1723 1967 1798 Denominationem
2021 1746 2190 1818 erga
2242 1722 2788 1820 Propositionem
2857 1724 3015 1798 dicti
3087 1724 3368 1798 Comitis
3433 1723 3606 1797 Bani
3668 1722 3858 1820 Eius-

588 1827 884 1921 demque
924 1831 995 1900 in
1037 1826 1279 1900 Officio
1332 1826 1554 1901 hocce
1609 1827 2135 1917 Successorum,
2190 1831 2441 1924 pariter
2483 1850 2577 1902 ex
2621 1825 2939 1902 Coronae
2988 1826 3213 1921 Regni
3249 1830 3463 1901 nostri
3495 1827 3854 1920 Hungariae

588 1929 922 2022 subjectis
972 1931 1242 2004 Patriae
1311 1931 1529 2023 FiliJs,
1581 1930 1798 2004 Nobis
1870 1930 2166 2025 benigue
2217 1953 2698 2020 reservamus;
2781 1931 2911 2018 Qui
2971 1931 3176 2005 modo
3228 1934 3512 2028 praevio
3559 1954 3680 2029 per
3723 1929 3850 2004 Nos

586 2035 990 2110 resolvendi
1043 2044 1114 2108 et
1164 2034 1641 2109 denominandi
1697 2034 2035 2108 Colonelli
2103 2046 2434 2108 consveta
2489 2045 2774 2108 eatenus
2827 2036 3125 2108 Decreta
3176 2057 3301 2131 per
3359 2033 3853 2131 Expeditionem

590 2137 876 2231 Consilij
936 2142 1151 2212 nostri
1201 2139 1427 2211 Aulae
1479 2139 1717 2212 Bellici
1772 2137 2077 2211 adinstar
2129 2140 2412 2213 aliorum
2484 2137 2990 2212 Colonellorum
3059 2148 3444 2212 nostrorum
3516 2141 3862 2235 accipieut;

588 2242 948 2338 taliterque
998 2242 1233 2315 Militia
1288 2243 1462 2315 haec
1515 2243 1784 2338 aequali
1850 2265 2001 2314 cum
2055 2243 2336 2337 reliquis
2390 2242 2714 2336 regulatis
2765 2241 3233 2337 Regiminibus
3286 2244 3540 2316 nostris
3589 2242 3862 2315 Praero-

586 2350 850 2441 gativa,
901 2347 1115 2440 vulgo
1159 2346 1360 2442 Raug
1394 2346 1599 2434 dicta,
1653 2357 1723 2418 et
1774 2346 2165 2440 Privilegijs
2218 2346 2499 2420 aliorum
2554 2346 2981 2443 Regiminum
3035 2349 3236 2419 etiam
3289 2349 3357 2418 in
3397 2344 3650 2420 Castris
3695 2367 3863 2440 gau-

586 2450 789 2539 deat3
864 2450 1328 2523 Juramentum
1409 2459 1635 2524 autem
1713 2459 2049 2523 consveta
2129 2459 2414 2524 eatenus
2489 2449 2881 2524 Modautate
2927 2448 3143 2523 Nobis
3210 2459 3281 2523 et
3329 2447 3591 2522 Sacrae
3661 2447 3861 2542 Regni

591 2551 912 2628 Coronae
965 2559 1113 2650 ipsa
1167 2554 1510 2650 praedicta
1562 2551 1841 2626 Militiae
1896 2553 2073 2627 illius
2125 2552 2580 2649 Regulatione
2633 2564 2702 2626 et
2751 2556 2822 2626 in
2870 2552 3229 2648 Regimina
3302 2576 3454 2626 cum
3527 2554 3861 2627 concomi-

587 2657 886 2732 tantibus
941 2659 1181 2736 iisdem
1234 2657 1745 2751 Praerogativis
1796 2656 2314 2748 Efformatione,
2368 2657 2530 2731 illud
2577 2655 3060 2731 inevitabiliter
3129 2666 3581 2753 exposcente,
3647 2653 3864 2728 eadem

586 2760 823 2836 Militia
879 2762 1267 2857 praestabit.
1364 2761 1440 2834 In
1496 2783 1581 2834 eo
1635 2782 1841 2857 porro
1893 2762 2174 2834 ulterius
2228 2759 2716 2856 benignissime
2769 2761 3229 2834 consolandos
3282 2760 3599 2834 duximus
3650 2758 3865 2832 fideles

590 2864 1092 2960 suprafatorum
1173 2864 1566 2958 Regnorum
1647 2875 2033 2938 nostrorum
2114 2865 2345 2938 Status
2400 2876 2470 2938 et
2519 2864 2838 2955 Ordines,
2918 2864 3072 2938 dum
3153 2863 3476 2939 videlicet
3553 2871 3868 2937 vetustam

589 2989 855 3062 usuque
922 2967 1242 3041 roborata
1298 2967 1803 3042 consuetudine
1864 2966 2193 3041 firmatam
2245 2968 2639 3042 Eorundem
2688 2967 3292 3060 Praerogativam,
3361 2968 3865 3064 Supremam

590 3068 891 3166 Regni
944 3071 1614 3167 Capitaneatus
1669 3071 2110 3145 Officium
2164 3071 2747 3162 conferendi,
2816 3073 3145 3146 taliter
3211 3071 3420 3144 hinc
3492 3072 3870 3144 clemen-

591 3183 736 3247 ter
789 3175 1486 3251 confirmamus:
1543 3176 1738 3264 Quod
1794 3175 2092 3270 benigne
2143 3179 2419 3249 omniuo
2468 3176 2918 3267 confidentes,
2967 3173 3379 3271 praelibatos
3434 3173 3674 3249 fideles
3724 3171 3870 3246 Sta-

590 3287 703 3351 tus
757 3288 828 3351 et
878 3278 1171 3354 Ordines
1224 3279 1442 3354 hocce
1498 3281 1812 3375 Supremi
1862 3280 2089 3358 Reeni
2144 3279 2618 3376 Capitaneatus
2653 3279 2897 3354 Munus
2948 3283 3111 3376 ipsis
3176 3301 3450 3375 semper
3498 3277 3870 3376 praedicto-

590 3404 738 3454 rum
792 3382 1187 3475 Regnorum
1240 3395 1628 3457 nostrorum
1696 3383 1905 3458 Banis
1971 3382 2169 3456 More
2247 3384 2575 3457 hactenus
2646 3393 2926 3479 recepto
2982 3384 3378 3473 collaturos,
3455 3382 3663 3455 iidem
3714 3379 3872 3453 fide·

590 3486 699 3559 les
775 3486 1008 3562 Status
1062 3497 1131 3560 et
1184 3487 1476 3561 Ordines
1531 3489 1865 3580 ejusmodi
1919 3487 2323 3584 Supremum
2379 3486 2817 3583 Capitaneum
2888 3490 3242 3561 nominare
3311 3489 3602 3583 possint,
3666 3488 3872 3558 nomi-

588 3600 818 3664 natum
887 3602 1185 3665 attamen
1238 3591 1325 3664 ad
1375 3590 1781 3686 subsequam
1847 3590 2215 3685 benignam
2286 3601 2592 3665 nostram
2648 3602 2719 3665 et
2770 3591 3265 3665 successorum
3347 3599 3734 3664 nostrorum
3776 3589 3874 3660 le·

586 3697 822 3787 gitime
868 3690 1362 3770 Coronatorum
1401 3696 1792 3788 Hungariae
1825 3693 2092 3789 Regum
2129 3693 2676 3768 Ratificatiouem
2728 3704 3172 3792 praesentare
3224 3703 3626 3784 teneantnr;
3677 3692 3876 3765 Vice-

591 3796 1004 3893 Capitaneos
1072 3822 1246 3873 vero
1300 3799 1753 3872 constituendi
1802 3798 1928 3870 Jus
1982 3808 2051 3871 ct
2102 3798 2443 3872 Activitas
2494 3821 2711 3895 penes
2788 3803 3006 3895 ipsum
3060 3798 3318 3872 Banum
3389 3798 3674 3871 ulterius
3723 3817 3874 3892 per·

589 3912 885 3978 maneat.
936 3903 1439 3997 Benignissime
1495 3906 1771 3998 insuper
1819 3903 2280 3976 resolvimus:
2337 3902 2425 3976 Ut
2457 3904 2809 3998 regulatus
2852 3902 3034 3992 huic,
3087 3913 3159 3974 et
3205 3906 3277 3975 in
3327 3900 3691 3995 Regimina
3741 3898 3876 3970 for-

588 4005 884 4080 mandae
917 4004 1198 4079 Militiae
1232 4006 1470 4078 Bauali
1513 4005 1737 4100 Regni
1778 4004 2235 4080 Confiniariae
2269 4006 2502 4103 Sclopi
2547 4017 2618 4080 et
2650 4005 3044 4096 Pistoletae,
3099 4006 3314 4080 Arma
3365 4003 3639 4097 brevia,
3690 4003 3876 4096 vulgo

586 4108 927 4202 Bajonetb
976 4110 1180 4199 dicta,
1241 4109 1646 4182 Loramenta
1708 4113 1893 4199 item,
1951 4109 2297 4184 &hermeti
2346 4120 2752 4207 nuncupata,
2806 4132 2928 4205 pro
2982 4110 3112 4182 hac
3165 4113 3376 4206 prima
3428 4107 3878 4203 Regulationis

589 4211 792 4302 Vice,
872 4224 1181 4310 tempore
1234 4213 1407 4288 Belli
1478 4225 1702 4286 autem
1772 4235 1957 4287 nova
2012 4215 2378 4286 Tormenta
2451 4237 2544 4287 ex
2619 4215 3230 4305 Armamentarijs,
3310 4218 3472 4285 item
3551 4213 3878 4299 Tentoria,

591 4315 848 4390 Currus
902 4328 1258 4414 praeterea
1299 4317 1674 4410 Annonarij
1734 4328 1804 4391 et
1850 4340 1974 4414 pro
2032 4316 2212 4392 Casu
2251 4318 2421 4391 Belli
2474 4321 2676 4392 etiam
2713 4317 3022 4409 OnerariJ'
3079 4340 3203 4413 pro
3242 4316 3673 4392 devehendis
3708 4315 3877 4388 Teu-

587 4423 811 4513 toriJs,
865 4423 1261 4518 reliquaque
1295 4422 1553 4494 Bellica
1592 4422 1971 4516 Requisita,
2026 4432 2096 4495 et
2143 4425 2204 4495 si
2255 4421 2544 4496 eandem
2597 4421 2897 4496 Militiam
2955 4431 3152 4494 extra
3204 4420 3522 4515 Regnum
3578 4415 3874 4517 progredi

589 4527 979 4620 contigerit,
1050 4525 1338 4620 aequale
1408 4548 1560 4597 cum
1614 4525 1765 4601 aliis
1815 4523 2136 4600 Militibus
2193 4523 2626 4619 Confiuiarijs
2679 4523 3098 4622 Stipendium
3151 4547 3248 4597 ex
3297 4526 3599 4599 Aerario
3667 4531 3873 4598 nostro

586 4629 816 4725 Regio
879 4630 1407 4727 suppeditentur.
1502 4627 1965 4721 Commissarij
2022 4650 2229 4725 porro
2281 4628 2590 4702 Militaris
2644 4653 2737 4702 ex
2784 4628 3084 4725 pluribus
3134 4628 3403 4703 idoneis
3454 4627 3726 4702 Nativis
3774 4645 3874 4721 per

586 4732 848 4810 Beuum
902 4733 1361 4829 proponendis
1415 4732 1740 4807 Personis
1792 4732 2388 4822 Denominatione,
2441 4730 2887 4828 ejusdemque
2938 4733 3366 4826 regulatione
3417 4732 3664 4806 iisdem
3718 4729 3873 4803 fide·-

586 4837 767 4912 libus
818 4837 1116 4912 Statibus
1188 4848 1258 4911 et
1321 4836 1684 4912 Ordinibus
1755 4838 1949 4911 salva
2024 4840 2299 4910 omnino
2373 4848 2836 4932 permanente,
2917 4847 3248 4932 quatenus
3304 4835 3875 4910 Commissariatus

584 4952 829 5018 noster
878 4940 1103 5013 Aulae
1181 4940 1479 5016 Bellicus
1548 4944 1618 5014 in
1674 4939 1852 5015 Casu
1903 4941 2255 5030 duntaxat,
2327 4964 2460 5036 quo
2511 4938 2743 5013 Militia
2824 4940 2998 5014 haec
3049 4945 3120 5013 in
3173 4941 3474 5014 Servitia
3531 4961 3689 5027 suo,
3743 4939 3872 5009 dun

581 5057 665 5119 et
738 5045 1008 5141 quando
1060 5043 1276 5120 Nobis
1329 5043 1627 5137 benigne
1677 5048 1901 5121 visum
1971 5044 2200 5135 fuerit,
2264 5054 2460 5117 extra
2512 5044 2824 5141 Regnum
2880 5050 3172 5133 exitura,
3243 5048 3310 5118 in
3365 5044 3703 5118 Salarium
3753 5061 3870 5113 no-

582 5162 803 5225 strum
854 5148 1145 5246 Regium
1213 5152 1630 5240 transiverit,
1708 5171 1841 5222 nec
1894 5171 2102 5223 secus
2174 5159 2459 5226 eatenus
2511 5149 2843 5223 Influxum
2897 5148 3169 5240 habeat,
3249 5149 3628 5224 clementer
3695 5150 3872 5220 etiam

582 5255 1020 5330 admittimus.
1127 5252 1704 5342 Quemadmodum
1784 5274 1958 5326 vero
2032 5253 2357 5328 hactenus
2436 5257 2503 5327 in
2577 5263 2954 5327 memorato
3026 5252 3243 5330 Nobis
3298 5251 3522 5326 Charo
3581 5250 3873 5326 Croatiac

584 5357 839 5452 Regno
888 5357 1197 5432 Militaris
1247 5358 1624 5433 Dislocatio
1676 5358 1792 5432 vel
1834 5356 2349 5436 condescensio
2385 5359 2733 5432 rarissime
2781 5367 2856 5444 et
2905 5379 3031 5454 pro
3088 5355 3267 5432 Casu
3320 5357 3650 5432 duntaxat
3678 5353 3874 5426 Sum-
