3950 5917
3324 383 3484 459 405

138 608 295 660 rum
334 583 676 660 Activitas
731 594 799 658 ct
840 585 1261 677 Jurisdictio,
1318 609 1516 680 quam
1570 585 1905 662 hactenus
1960 587 2089 662 sibi
2143 588 2605 662 concreditam
2658 587 2890 664 babuit
2943 600 3012 662 et
3064 591 3158 662 illi
3210 588 3494 662 habue-

138 699 324 780 runt,
377 688 768 763 immediate
822 700 1075 764 cesset.
1176 689 1245 763 2.
1301 689 1390 762 Ut
1443 694 1740 762 omnium
1795 691 2089 779 illorum,
2140 714 2316 788 quae
2370 704 2507 764 tam
2562 692 2646 764 ab
2704 694 3033 768 hactenus
3069 715 3193 788 pro
3236 689 3484 767 confi-

140 793 385 883 niariJs
429 794 576 883 jam
631 796 912 867 excisso
961 801 1031 865 et
1080 814 1204 888 per
1258 792 1655 866 modernam
1695 791 2267 869 commissionem
2305 796 2527 869 adhuc
2565 795 2980 887 excidendo,
3037 819 3237 891 quam
3277 800 3485 870 etiam

142 895 455 985 residuo,
510 894 973 967 Jurisdictioni
1027 896 1266 968 Banali
1319 919 1483 967 mox
1539 897 2010 992 incoporando
2064 898 2402 991 Terreno,
2456 899 2902 996 ejusdemque
2945 900 3120 973 locis
3177 903 3330 974 sive
3383 904 3488 972 ti-

140 998 289 1071 tulo
331 997 887 1087 contributionis,
944 1001 1096 1072 sive
1134 1021 1306 1072 vero
1344 1000 1629 1072 aliorum
1671 1023 1955 1073 onerum
1997 1001 2418 1096 publicorum
2456 1026 2679 1075 annue
2731 1025 3054 1097 quorsum
3093 1007 3158 1075 in
3197 1008 3486 1098 paratis,

140 1102 266 1174 vel
302 1100 717 1174 naturalibus
766 1102 1045 1174 Incolae
1099 1111 1453 1198 praestare
1508 1102 1912 1191 debuerunt,
1968 1115 2357 1177 accuratam
2399 1115 2467 1177 et
2508 1110 2871 1198 genuinam
2914 1106 3490 1179 connotationem

140 1214 219 1277 et
253 1203 850 1301 Specificationem
892 1203 1374 1279 Commissioni
1418 1206 1574 1278 huic
1613 1206 1960 1292 exhibeat,
2017 1217 2087 1280 ut
2123 1209 2279 1281 inde
2319 1212 2479 1282 sciri
2533 1210 2788 1297 valeat,
2840 1220 3157 1303 quantum
3196 1231 3320 1305 pro
3361 1210 3486 1281 fu-

144 1317 300 1380 turo
373 1331 500 1403 per
567 1307 1014 1381 Excisionem
1087 1318 1156 1381 et
1224 1308 1664 1381 Erectionem
1733 1307 2194 1383 confiniorum
2253 1335 2419 1405 erga
2487 1313 2895 1406 praestanda
2970 1317 3035 1384 in
3092 1313 3384 1384 futurum
3442 1336 3488 1385 a

143 1410 468 1486 Militibus
516 1410 948 1503 Confiniarijs
984 1410 1297 1484 Militaria
1355 1416 1664 1500 servitia,
1722 1412 1807 1485 ab
1862 1413 2194 1487 hactenus
2248 1419 2573 1511 praestito
2631 1426 2879 1510 quanto
2923 1413 3487 1489 contributionali

142 1515 469 1606 decedet,
524 1524 595 1587 et
648 1526 966 1610 quantum
1021 1518 1328 1587 vicissim
1376 1515 1461 1587 ab
1498 1516 1957 1613 Incorporatis
2015 1518 2216 1590 Locis
2270 1528 2338 1591 et
2383 1519 2775 1610 Territorijs
2830 1519 3209 1590 remanebit
3261 1519 3489 1593 adhuc

146 1639 377 1690 annue
432 1618 871 1712 exigendum.
949 1618 1039 1691 Et
1082 1629 1155 1691 ut
1200 1618 1271 1691 3.
1325 1619 1585 1691 Eadem
1624 1620 1990 1716 Deputatio
2030 1621 2479 1694 provincialis
2544 1626 2977 1694 exactionem
3033 1633 3101 1694 et
3144 1625 3489 1714 Jncassa-

144 1724 403 1794 tionem
476 1724 971 1794 remanentium
1044 1721 1626 1795 Contributionum
1696 1734 1766 1796 et
1815 1724 2100 1796 aliorum
2175 1747 2457 1797 onerum
2528 1724 2944 1821 publicorum
2999 1726 3198 1817 hujus
3256 1726 3484 1798 adhuc

146 1822 332 1896 Anni
387 1824 722 1916 Militaris,
775 1847 994 1920 usque
1048 1826 1347 1899 ultimum
1404 1831 1647 1922 quippe
1702 1825 1909 1899 futuri
1960 1826 2221 1901 Mensis
2278 1828 2623 1916 OctobriS,
2708 1829 3019 1924 adeoque
3070 1832 3273 1901 etiam
3328 1839 3491 1924 post

146 1929 600 2001 interventam
642 1931 812 2021 -jam
884 1929 1539 2024 Incorporationem,
1613 1953 1765 2002 cum
1818 1930 2235 2004 Assistentia
2300 1936 2501 2003 etiam
2558 1931 2962 2004 Officialium
3048 1930 3488 2005 comitaten-
3553 1955 3556 1958 ·

144 2033 349 2120 sium,
432 2032 729 2105 solerter
786 2035 1158 2122 continuet,
1233 2043 1302 2104 et
1368 2032 1502 2104 hoc
1555 2036 1775 2127 ipsum
1851 2038 2052 2106 etiam
2108 2046 2424 2128 respectu
2481 2035 2766 2107 Terreni
2822 2046 2891 2107 et
2942 2035 3280 2107 Locorum
3352 2058 3485 2131 pro

140 2134 487 2230 completo
544 2133 1108 2209 confiniariorum
1162 2134 1465 2208 Numero
1520 2135 1791 2231 quidem
1846 2141 2267 2228 excisorum,
2323 2138 2447 2212 sed
2496 2137 2927 2231 Confiniarijs
2983 2161 3077 2210 ex
3131 2162 3245 2227 eo,
3299 2139 3485 2233 quod

142 2248 302 2309 actu
376 2238 675 2310 nondum
748 2238 997 2330 adsint,
1060 2238 1349 2311 necdum
1422 2239 1845 2330 traditorum,
1918 2240 2231 2336 adeoque
2288 2246 2548 2314 interea
2612 2243 2808 2333 juxta
2866 2244 3163 2337 priorem
3218 2241 3481 2336 benig-

144 2363 303 2414 nam
356 2341 898 2436 Dispositionem
949 2352 1252 2416 nostram
1310 2342 1433 2416 sub
1489 2342 1725 2415 diebus
1775 2347 1867 2414 uti
1932 2348 2378 2438 praemissum
2437 2356 2545 2417 est
2597 2345 2718 2418 30.
2774 2344 3092 2419 Octobris
3148 2343 3346 2418 1743
3406 2355 3483 2420 et

142 2445 218 2514 5.
273 2443 572 2536 Augusti
629 2442 832 2516 1744
895 2457 1303 2529 emanatam,
1357 2469 1521 2541 prae
1578 2447 1884 2519 manibus
1937 2448 2385 2519 Dominorum
2438 2448 2920 2536 Terrestrium,
2993 2446 3117 2521 sub
3190 2449 3487 2523 cautella

142 2546 393 2619 ibidem
452 2548 823 2635 declarata,
896 2549 1116 2621 adhuc
1164 2550 1742 2644 reliquendorum,
1793 2549 2033 2622 eadem
2088 2551 2452 2647 Deputatio
2507 2552 2756 2624 valeat.
2855 2553 2931 2625 In
2989 2551 3168 2625 casu
3225 2561 3484 2641 autem,

144 2651 219 2722 4.
277 2651 430 2736 Quo
486 2651 774 2725 eaedem
831 2650 1379 2726 contributiones
1435 2664 1504 2723 et
1557 2654 1685 2724 alia
1742 2675 1953 2726 onera
2008 2654 2274 2749 publica
2348 2678 2566 2748 usque
2629 2655 2917 2728 futuram
2971 2655 3264 2726 Primam
3320 2653 3484 2727 No-

148 2754 454 2828 vembris
512 2778 605 2827 ex
657 2765 799 2827 toto
856 2760 1046 2849 exigi
1098 2767 1167 2828 et
1220 2759 1555 2828 incassari
1610 2760 1992 2851 nequirent,
2058 2758 2300 2830 eadem
2354 2759 2718 2854 Deputatio
2775 2761 3135 2831 restantias
3210 2759 3481 2832 illorum

145 2862 217 2932 in
272 2861 663 2954 praesentia
719 2858 1125 2932 officialium
1184 2857 1739 2933 comitatensium
1796 2870 1866 2932 et
1915 2859 2495 2934 Contribuentium
2550 2862 2932 2934 Incolarum
2994 2862 3351 2957 liquidare,
3409 2871 3486 2936 et

148 2985 331 3057 quae
387 2961 751 3054 exigibiles
790 2963 1026 3035 -adhuc
1081 2973 1260 3054 sunt,
1341 2963 1602 3035 illarum
1660 2967 2194 3036 incassationem
2249 2964 2669 3038 officialibus
2727 2964 3297 3038 comitatensibus
3350 2989 3486 3037 re-

149 3066 461 3160 linquere
520 3076 855 3155 teneatur,
910 3089 1035 3161 per
1078 3069 1269 3162 ipsos
1324 3067 1481 3139 dein
1537 3066 1825 3139 fideliter
1875 3067 2351 3150 incassandaS,
2408 3079 2477 3140 et
2531 3091 2616 3141 eo
2673 3092 2805 3163 quo
2860 3074 3202 3165 pertinent
3254 3070 3487 3141 admi-

150 3169 560 3243 nistrandas.
669 3167 860 3255 Quae
918 3172 1142 3242 omnia
1199 3193 1352 3242 cum
1407 3169 1807 3265 saepefatae
1860 3169 2274 3242 Provinciali
2325 3171 2753 3265 Deputationi
2838 3175 2971 3262 (uti
3025 3176 3485 3267 praemissum

144 3275 299 3365 est)
366 3276 508 3365 jam
565 3276 933 3344 commissa
989 3276 1147 3363 sint,
1228 3274 1384 3345 ideo
1440 3283 1511 3343 ut
1580 3275 1648 3344 in
1704 3273 2023 3345 effectum
2093 3296 2362 3369 quoque
2420 3274 2644 3347 debite
2701 3274 3146 3363 deducantur,
3228 3273 3479 3346 Curam

149 3369 495 3458 habebunt
550 3375 710 3448 dicti
765 3374 1255 3468 commissarij.

463 3480 551 3551 Et
605 3503 757 3551 cum
815 3503 1018 3575 porro
1061 3482 1208 3572 jam
1257 3479 1557 3572 benigne
1613 3478 2133 3564 resolverimus,
2187 3490 2261 3551 ut
2296 3478 2669 3601 Supremus
2727 3477 2980 3552 comes
3036 3490 3105 3553 et
3148 3478 3485 3570 Ejusdem

144 3582 377 3677 Officij
434 3583 1073 3672 AdministratoreS,
1145 3584 1396 3677 alijque
1447 3580 1798 3657 Officiales
1854 3581 2355 3655 comitatenses
2409 3586 2475 3655 in
2533 3581 2999 3673 comitatibus,
3048 3580 3299 3670 Curae,
3352 3605 3487 3655 re-

146 3691 467 3782 spective
541 3698 609 3759 et
672 3686 1122 3760 moderationi
1196 3689 1493 3782 ipsorum
1569 3687 2012 3775 concreditis,
2067 3697 2463 3761 constanter
2530 3683 2863 3758 refideant
2917 3696 2985 3757 et
3039 3684 3282 3758 Officia
3339 3683 3487 3760 Sua

150 3788 404 3864 ibidem
459 3790 752 3863 fideliter
803 3791 1312 3879 administrent3
1382 3790 1560 3861 Hinc
1614 3787 2079 3882 commissarij
2155 3793 2554 3887 praeprimis
2624 3788 2894 3885 quidem
2947 3792 3014 3861 in
3072 3790 3490 3884 Syrmiensi,

144 3893 312 3967 dein
348 3916 522 3968 vero
559 3897 629 3965 in
666 3895 820 3986 alijs
860 3897 1062 3967 etiam
1097 3897 1532 3980 constituent,
1589 3894 1948 3966 commoda
2007 3917 2385 3988 quaequam
2439 3895 2596 3966 loca
2651 3893 2944 3987 seligent
2981 3902 3052 3966 et
3083 3892 3488 3969 Provisorie

145 4000 356 4071 etiam
412 4000 865 4088 constituent3
922 4002 990 4070 in
1047 3996 1286 4093 quibus
1343 3995 1617 4068 antelati
1673 3995 2050 4090 Supremus
2108 3996 2361 4070 Comes
2418 4009 2486 4070 et
2537 3996 3174 4085 Administratores,
3229 3998 3488 4094 alquue

144 4100 503 4176 Officiales
525 4099 1056 4192 comitatenses,
1095 4102 1205 4196 qui
1239 4103 1512 4198 propria
1545 4097 1795 4170 ibidem
1816 4100 2006 4172 Bona
2044 4123 2182 4173 non
2210 4099 2484 4191 habent,
2524 4102 2860 4192 residere,
2883 4099 3488 4195 congregationes

140 4214 221 4278 et
255 4204 481 4280 Sedes
516 4205 923 4280 Judiciarias
960 4216 1228 4293 tenere,
1280 4203 1655 4276 Archivum
1696 4207 2126 4295 conservari,
2166 4201 2451 4278 cassam
2491 4214 2561 4277 et
2598 4204 2935 4277 carceres
2978 4203 3490 4279 comitatenses

140 4308 278 4384 sub
345 4307 527 4381 bona
602 4308 909 4382 custodia
982 4311 1249 4382 servari
1304 4310 1567 4403 possint
1611 4328 1705 4378 ‘ac
1759 4304 2095 4394 debeant3
2180 4308 2410 4380 Prouti
2462 4307 2755 4403 denique
2808 4308 2876 4380 id
2932 4312 3148 4404 ipsum
3202 4312 3272 4380 in
3325 4309 3488 4400 alijs

142 4434 428 4508 quoque
492 4412 671 4486 bene
724 4412 1053 4507 regulatis
1110 4412 1500 4506 Hungariae
1554 4419 1623 4482 et
1676 4406 1994 4484 croatiae
2051 4409 2492 4485 Comitatibus
2549 4411 2694 4485 fieri
2744 4415 3132 4485 consvevit.
3214 4412 3490 4488 Salaria

142 4538 359 4614 porro
433 4516 736 4589 antellati
800 4515 1245 4608 Magistratus
1301 4512 1804 4588 comitatenses
1877 4515 2248 4609 Sequentia
2317 4514 2695 4588 habebunt:
2803 4514 2891 4588 Et
2960 4516 3230 4611 quidem
3304 4537 3486 4591 unus

142 4617 527 4716 Supremus
567 4617 847 4707 Comes,
901 4619 1020 4696 vel
1073 4615 1296 4709 Officij
1344 4618 1524 4690 illius
1578 4616 2133 4706 Administrator,
2185 4619 2438 4692 Annue
2491 4619 2673 4691 mille
2728 4617 3058 4709 florenoS,
3095 4614 3484 4692 Vice-co-

143 4746 305 4798 mes
357 4725 766 4818 quingentos
821 4721 1151 4811 florenos,
1216 4720 1463 4815 singuli
1519 4717 1893 4795 comitatus
1948 4722 2211 4815 Notarij
2269 4723 2652 4797 Trecentos
2706 4722 3037 4813 florenos,
3094 4720 3482 4796 Generules

142 4825 417 4901 Cassae
470 4827 971 4923 Praeceptores
1025 4827 1404 4899 Trecentos
1451 4821 1784 4918 florenOS,
1838 4826 2119 4899 Judices
2174 4825 2511 4899 Nobilium
2567 4826 2901 4900 ducentos
2955 4825 3287 4917 florenoS,
3340 4826 3485 4899 Ju-

141 4933 282 5004 rati
357 4929 791 5006 Assessores
870 4928 1156 5003 Centum
1227 4927 1575 5010 florenos,
1664 4930 2160 5003 Procuratores
2230 4929 2542 5003 Fiscales
2636 4928 2921 5002 Centum
2994 4932 3484 5027 quinquaginta

147 5033 503 5126 florenos3
566 5034 938 5109 Praeterea
987 5037 1056 5107 in
1114 5032 1398 5128 singulis
1456 5028 1899 5130 comitatibus
1955 5036 2161 5106 etiam
2211 5043 2338 5123 tot,
2414 5044 2578 5129 quot
2629 5036 3007 5126 necessarij
3061 5033 3217 5107 fore
3268 5032 3488 5107 vide-—

140 5135 432 5229 buntur,
510 5137 796 5234 Equites
872 5148 944 5212 et
990 5137 1368 5224 Haidones,
1441 5155 1567 5230 pro
1650 5141 2017 5212 exactione
2095 5139 2324 5232 quanti
2403 5134 3046 5226 contributionum,
3125 5137 3488 5210 Persecu-

144 5245 344 5316 tione
397 5245 561 5315 item
617 5252 688 5315 et
739 5245 1191 5338 extirpatione
1243 5238 1675 5313 Praedonum
1730 5250 1799 5313 et
1851 5240 2137 5312 aliorum
2191 5239 2734 5331 malefactorum,
2809 5263 2960 5313 cum
3014 5238 3486 5335 superioribus

138 5356 219 5420 et
272 5346 686 5423 subalternis
740 5344 1159 5419 Ofnicialibus
1213 5347 1356 5420 suis
1406 5347 1630 5439 prouti
1685 5355 1756 5417 et
1805 5344 2080 5418 Lictore
2143 5347 2620 5442 suscipientur,
2692 5348 3144 5442 competentia
3214 5344 3488 5418 Salaria
