3950 5917
3331 451 3507 523 '137
3631 486 3636 491 -
3707 409 3713 413 ’

128 655 543 755 duppliois
560 658 677 732 et
694 656 1021 731 autentici
1091 646 1516 754 appensione
1553 656 2021 743 innovamus,
2091 661 2167 729 et
2227 660 2590 750 perpetuo
2634 651 3139 729 confirmamus.
3244 651 3502 727 Datum

136 783 280 858 per
346 781 594 835 manus
648 760 965 836 eiusdem
1011 760 1291 834 Domini
1341 760 1612 834 Nicolai
1658 758 2217 855 Arcbiepiscopi‚
2271 754 2684 830 cancellarii
2734 759 2982 847 nostri,
3055 757 3290 852 quinto
3340 755 3508 828 Ka·—

138 863 405 939 lendas
453 860 707 937 nanu.
782 864 994 937 Anno
1043 863 1324 937 Domini
1372 862 1740 938 Millesimo
1819 864 2312 937 trecentesimo
2392 861 2841 955 sexagesimo
2921 869 3192 1025 quarto,
3268 857 3508 955 Regni

144 977 390 1043 nte-
440 969 665 1044 nostri
715 988 898 1041 anno
950 969 1297 1061 vigesimo
1350 968 1575 1040 tertio.

833 1143 1076 1224 (Locus
1115 1144 1318 1226 sigilli
1361 1142 1757 1226 Capitulum]
1795 1144 1869 1206 in
1914 1141 2226 1206 nterim
2261 1138 2436 1222 facis
2478 1141 2827 1224 ammi.)

148 1303 297 1377 οιις.
333 1306 557 1362 matr.
592 1308 652 1360 ι-
683 1305 933 1362 muno
967 1306 1139 1377 ιιοςιιι
1176 1304 1436 1362 cro-mo.
1467 1304 1605 1360 rav.
1639 1303 1702 1359 ιι.
1723 1305 1775 1359 ⁷.

1745 1786 1920 1872 01.

992 2048 1202 2120 Anno
1254 2045 1493 2120 1369.
1576 2047 1692 2120 die
1762 2046 1895 2122 27.
1947 2048 2269 2144 Auqmti.
2345 2045 2654 2144 Spalatae‘.

136 2255 743 2337 Districtum
837 2250 1188 2334 Cetina
1316 2255 1496 2335 sub
1588 2254 2320 2361 jurisdictione
2413 2254 2652 2336 Bani
2743 2255 3297 2345 Dalmatiae
3393 2272 3497 2341 et

545 2390 1017 2473 Oroatiae
1078 2392 1449 2498 fuisse,
1530 2391 1840 2473 hocce
1924 2391 2528 2474 documento
2592 2393 3095 2500 probatur.

16 2660 17 2667 κ
461 2609 968 2686 Excelsissimo
1020 2610 1320 2708 Principi
1394 2621 1467 2685 et
1517 2610 1798 2684 domino
1874 2634 2116 2686 eorum
2189 2613 2507 2703 naturali,
2587 2611 2863 2687 domino
2938 2611 3293 2689 Lodovico
3374 2616 3492 2691 dei

16 2700 17 2719 ¹
130 2718 364 2810 gratia
421 2712 891 2789 Serenissimo
944 2717 1098 2809 regi
1148 2715 1529 2810 Hungarie‚
1584 2710 1963 2811 Capitulum
2028 2717 2311 2808 majoris
2364 2716 2669 2791 ecclesie
2731 2716 3186 2813 Spalatensis.,
3230 2718 3490 2795 Vestro

127 2817 532 2911 Maiestatis
586 2816 856 2909 fideles,
911 2839 1067 2890 cum
1116 2815 1794 2891 recommendatione
1847 2818 2081 2891 humili
2136 2841 2217 2893 se
2268 2821 2488 2915 ipses,
2543 2830 2615 2892 et
2659 2822 3010 2894 orationes
3062 2843 3188 2918 pro
3242 2832 3485 2898 vestra

128 2922 614 2995 incolumitate
693 2924 1082 3012 continuas,
1152 2920 1333 3018 apud
1410 2919 1748 2994 bonorum
1828 2924 2133 2994 omnium
2209 2921 2628 3017 largitorem.
2709 2923 2964 2998 Vestre
3047 2921 3488 3002 celsitudinis

134 3024 410 3098 litteras
489 3046 713 3121 nuper
781 3047 936 3097 eum
1009 3027 1195 3098 omni
1247 3027 1641 3098 reverentia
1697 3033 1768 3097 et
1817 3023 2112 3114 honore,
2195 3025 2436 3148 quibus
2491 3025 2745 3119 decuit,
2825 3030 3243 3123 recepimus,
3324 3052 3484 3102 cum

16 3174 17 3183 κ
130 3130 602 3251 impressione
657 3149 699 3199 a
750 3137 951 3222 tergo
988 3127 1224 3203 Vestri
1255 3126 1541 3220 Regalis
1596 3127 1895 3202 anulatis
1952 3129 2182 3221 sigilli,
2236 3132 2307 3201 in
2361 3151 2525 3201 cera
2576 3126 2810 3218 rubra,
2862 3151 2992 3226 per
3026 3154 3268 3208 manus
3320 3131 3494 3206 No-

132 3229 285 3307 bilis
341 3234 483 3306 viri
536 3230 864 3327 Symonis
936 3229 1054 3323 filij
1110 3230 1296 3327 pauli
1348 3231 1435 3304 de
1489 3230 1798 3304 districtu
1849 3234 2105 3320 zetina,
2177 3231 2453 3306 clausas
2507 3254 2702 3304 more
2753 3233 3132 3307 litterarum
3187 3235 3488 3309 directi-

136 3358 407 3425 varum,
466 3336 538 3407 ιιι
591 3333 728 3408 hec
776 3333 1048 3408 verba.
1137 3332 1532 3408 Lodovicus
1588 3334 1702 3407 dei
1753 3335 1975 3428 gratia
2028 3355 2161 3406 rex
2210 3334 2563 3429 Hungarie
2616 3334 2930 3410 fidelibus
2969 3342 3112 3412 suis
3170 3334 3483 3433 Capitulo

136 3435 464 3511 Ecclesie
514 3435 944 3533 spalatensis
1017 3437 1308 3512 salutem
1361 3447 1431 3509 et
1481 3440 1810 3530 gratiam3
1882 3436 2114 3510 dicunt
2181 3434 2383 3512 nobis
2448 3436 2825 3530 Scemlien.,
2895 3438 3075 3514 filius
3144 3441 3328 3537 pauli
3390 3440 3484 3516 de

134 3542 451 3614 districtu
485 3543 741 3632 zetine‚
788 3552 860 3614 et
890 3539 1205 3621 Nenada..
1259 3539 1438 3615 filius
1475 3562 1670 3630 suus,
1725 3539 1906 3635 quod
1944 3539 2238 3636 quedam
2290 3544 2786 3637 possessiones
2849 3563 3116 3633 eorum,
3170 3543 3480 3637 Luchau‚

132 3644 442 3742 Zopcich
513 3654 588 3717 et
635 3643 1042 3719 Walmasan
1093 3653 1376 3736 vocata,
1454 3647 1526 3717 in
1605 3643 1855 3717 eodem
1937 3643 2247 3718 districtu
2321 3644 2565 3719 Zetine
2644 3643 2900 3738 habite,
2978 3646 3157 3743 apud
3233 3670 3481 3724 manus

132 3746 566 3837 eorumdem,
619 3748 923 3840 legitima
968 3745 1536 3836 reambulatione‚
1592 3756 1663 3820 et
1695 3744 1782 3819 ab
1819 3747 2105 3820 aliorum
2162 3748 2724 3844 possessionibus
2779 3751 3011 3825 metali
3059 3762 3480 3849 sequestra-

130 3855 319 3927 tione
371 3799 808 3943 indig'erent3
879 3874 1092 3947 super
1143 3872 1279 3947 quo
1333 3848 1639 3923 fidelitati
1679 3860 1922 3925 vestre
1974 3849 2260 3924 firmiter
2307 3852 2753 3949 precipiendo
2806 3853 3237 3946 mandamus,
3294 3877 3481 3949 qua-

130 3964 334 4029 tenus
407 3963 722 4028 vestrum
800 3957 1076 4029 mittatis
1156 3954 1505 4027 hominem
1557 3975 1682 4049 pro
1734 3956 2129 4028 testimonio
2182 3953 2320 4026 fide
2375 3955 2681 4048 dignum,
2762 3977 2897 4051 quo
2952 3967 3278 4051 presente
3333 3956 3478 4028 du-

16 4056 17 4083 *
128 4056 465 4149 lit-anach,
516 4057 633 4131 vel
686 4057 978 4153 blapach
1031 4066 1147 4132 aut
1195 4056 1431 4130 Turuk
1498 4056 1677 4132 filius
1728 4056 2042 4145 Raducb,
2115 4056 2267 4130 aliis
2322 4054 2749 4149 absentibus,
2803 4057 3010 4131 bomo
3062 4069 3331 4151 noster,
3385 4058 3477 4132 ad

16 4240 17 4261 ,
130 4159 354 4236 facies
408 4158 869 4258 predictarum
921 4164 1446 4284 possessionum
1498 4158 1805 4252 Lachan,
1858 4159 2191 4256 Zopthicb
2245 4169 2317 4233 et
2363 4158 2798 4252 Walmasan‚
2860 4159 3296 4256 presentibus
3347 4165 3482 4235 vi-

132 4269 302 4339 cinis
357 4274 437 4338 et
488 4266 962 4339 conmetaneis
1033 4267 1179 4340 suis
1231 4266 1607 4356 universis,
1684 4265 1992 4358 legitime
2065 4265 2501 4354 convocatis,
2572 4262 2975 4338 accedendo
3047 4261 3478 4338 reambulent

16 4358 19 4381 ’
126 4372 319 4466 ipsas
369 4389 502 4464 per
549 4389 764 4444 veras
819 4389 983 4442 suas
1034 4377 1257 4444 metas
1312 4378 1384 4442 et
1436 4370 1775 4464 antiquas,
1830 4388 2057 4441 novas
2105 4368 2306 4461 juxta
2348 4375 2635 4441 veteres
2689 4368 2762 4440 in
2815 4367 2993 4443 locis
3049 4371 3476 4444 necessariis

126 4471 497 4568 erigendo,
548 4468 1149 4569 reambulatasque
1202 4482 1274 4546 et
1325 4469 1412 4544 ab
1467 4472 1753 4545 aliorum
1825 4469 2099 4563 ,iuribus
2163 4471 2738 4567 possessionariis
2811 4469 3169 4546 distinctas
3238 4480 3476 4547 meta-

16 4660 21 4689 Ι
128 4576 285 4650 liter
338 4584 413 4649 et
463 4583 822 4672 separatas
874 4574 1213 4671 relinquat
1255 4573 1519 4650 eisdem
1558 4571 1934 4666 Scemlien‚
1989 4584 2061 4647 et
2094 4572 2383 4648 Nenada
2435 4573 2578 4647 filio
2632 4594 2789 4665 suo,
2842 4594 2932 4647 eo
2961 4575 3151 4665 iure,
3206 4596 3344 4671 quo
3381 4571 3474 4650 ad

16 4698 17 4763 ξ
124 4682 320 4776 ipsos
354 4677 854 4773 dignoscuntur
884 4682 1230 4775 pertinere
1265 4688 1598 4775 perpetuo
1631 4676 2118 4774 possidendas,
2172 4680 2233 4753 si
2269 4698 2411 4750 non
2445 4674 2653 4749 fuerit
2689 4676 3208 4752 contradictum.
3264 4675 3468 4753 Gon-

16 4780 17 4803 ¹
126 4781 539 4857 tradictores
589 4803 795 4875 vero,
849 4785 911 4856 si
963 4785 1077 4878 qui
1129 4781 1407 4875 fuerint,
1462 4784 1626 4855 citet
1677 4804 1806 4856 eos
1859 4790 2102 4857 contra
2155 4781 2377 4855 dictos
2419 4778 2774 4856 Scemlien
2824 4789 2896 4853 et
2927 4778 3217 4855 Nenada
3252 4780 3465 4856 filium

128 4909 326 4963 suum
376 4889 451 4959 in
500 4894 837 4977 nostram,
883 4886 1004 4959 vel
1055 4884 1228 4959 Bani
1273 4907 1646 4981 regnorum
1681 4893 2075 4960 nostrorum
2110 4883 2455 4957 Dalmatia
2507 4892 2579 4958 et
2632 4880 2912 4957 croatie
2963 4886 3468 4982 (presentiam)

130 4991 213 5064 ad
248 4992 615 5064 terminum
670 4997 1195 5085 competentem.
1246 4988 1337 5064 Et
1368 4999 1527 5086 post
1559 4988 1694 5062 hec
1729 4991 1984 5064 seriem
2035 4990 2249 5083 ipsius
2302 4984 2890 5082 reambulationis.,
2945 5010 3100 5061 cum
3155 4985 3470 5063 cursibus

132 5105 489 5185 netarum,
541 5093 663 5166 vel
711 5096 990 5166 nomina
1044 5092 1622 5167 contradictorum
1675 5102 1748 5165 et
1798 5093 2186 5183 citatorum,
2236 5112 2391 5162 cum
2444 5092 2738 5164 termino
2811 5094 3194 5184 assignato,
3262 5078 3471 5162 nobis

16 5198 25 5277 ὲ
134 5199 245 5273 vel
293 5196 528 5272 eidem
562 5193 756 5270 Bano
799 5194 1222 5273 rescribatis.
1275 5195 1580 5270 Datum
1559 5220 1631 5269 ιιι
1667 5194 2096 5287 Serenchez.,
2147 5194 2308 5268 loco
2359 5195 2754 5269 venationis
2806 5203 3072 5282 nostre,
3126 5189 3240 5264 die
3292 5212 3466 5265 cra-

140 5304 306 5377 stino
373 5299 545 5374 festi
594 5295 778 5372 beati
829 5298 1012 5373 Anto
1022 5302 1115 5394 ιιι]
1190 5321 1374 5375 anuo
1429 5298 1684 5373 domini
1736 5299 2098 5375 millesimo
2168 5299 2661 5375 trecentesimo
2732 5298 3180 5420 sexagesimo
3251 5315 3467 5369 nono.

126 5402 449 5481 numus
500 5405 577 5476 ιιι
629 5405 1211 5501 superscriptione
1278 5406 1582 5501 ipsarum
1652 5402 2026 5479 litterarum
2093 5399 2458 5499 Regalium
2521 5399 2880 5477 dicebatur
2930 5401 3074 5477 sic·
3145 5395 3471 5475 fidelibus

327 5533 1123 5611 (rmzfflvuatmm.)
2891 5500 2993 5578 18
