3950 5917
3177 407 3389 486 '2¹47

1454 928 2005 1011 chvn.

243 1205 249 1214 ⁶
371 1181 377 1192 Δ
476 1183 479 1186 ¹
566 1181 804 1304 *Anao
833 1185 1099 1304 '1492
1162 1237 1353 1323 teria
1409 1234 1483 1306 4.
1531 1241 1692 1325 post
1742 1236 1990 1325 festum
2051 1238 2523 1306 Pentecosten.
2598 1190 2870 1307 Budaea
3067 1181 3100 1304 ⁵.

54 1475 57 1542 ἶ
134 1489 587 1571 Vladilaus
651 1492 851 1573 Rex
940 1493 1332 1575 Vicario
1425 1493 2072 1601 Zagrabiensi
2167 1506 2258 1575 et
2321 1495 2770 1601 Capitulo
2857 1471 3396 1603 Casmensi,

135 1633 331 1708 utin
390 1656 680 1710 sensu
763 1632 1163 1713 Decreti
1241 1633 1552 1740 Regni
1618 1634 2607 1739 Slavoniaepropter
2670 1634 3020 1727 factum
3084 1643 3390 1724 testa-7

132 1773 399 1872 menti,
460 1776 1081 1876 matrimonii,
1148 1773 1459 1853 dotum
1537 1786 1628 1852 et
1690 1798 1998 1852 rerum
2063 1772 2946 1877 paraphernalium‚
3033 1774 3388 1877 jurium

130 1908 919 2013 quartalitiorum‚
1033 1914 1506 2017 perjurii,
1602 1912 2384 2015 verberationiS‚
2481 1912 3202 1990 vulnerationis
3299 1922 3392 1989 et

128 2044 714 2145 spoliationis
797 2047 1393 2128 Clericorum
1458 2064 1535 2130 et
1601 2052 2122 2154 mulierum,
2219 2062 2307 2128 et
2370 2060 2768 2154 propter
2853 2050 3075 2127 illas
3141 2052 3392 2127 alias

130 2205 473 2288 causas,
576 2210 813 2289 quae
906 2212 1206 2292 prope
1300 2188 1539 2267 hanc
1632 2213 1813 2268 non
1908 2199 2297 2290 essent,
2392 2194 2476 2266 in
2576 2189 2786 2265 t'oro
2880 2188 3390 2290 spirituali

915 2325 1172 2404 nulla
1239 2352 1523 2405 causa
1587 2336 2100 2430 tractetur,
2166 2327 2560 2405 mandat.

1938 2594 2308 2656 Commi-taio
2350 2596 2624 2676 propria
2669 2594 2928 2656 Domini
2973 2594 3181 2674 Regis.

390 2782 817 2858 wladislaus
888 2787 1017 2858 Dei
1089 2791 1319 2881 gracia
1392 2786 1548 2859 Rex
1628 2789 2010 2881 Hungarie„
2089 2788 2417 2861 Bohemie
2489 2794 2614 2861 dcc.
2722 2788 3064 2860 Fidelibns
3136 2792 3391 2861 nostris

127 2878 605 2960 venerabilibus
671 2886 974 2983 Georgi'o
1033 2890 1535 2964 Archidiacono
1591 2891 1679 2963 de
1731 2893 2011 2988 Βελγηἢ
2062 2891 2340 2965 Vicario
2395 2893 2697 2965 ecclesie
2751 2887 3263 2986 Zagrabien'sis‚
3320 2883 3390 2962 et

126 2983 408 3081 Magistro
462 2992 845 3066 Laurencio
900 2991 1205 3082 Custodi„
1281 2994 1764 3090 canonicoque
1820 3006 1890 3067 et
1949 2996 2434 3086 locumtenenti
2479 2993 2908 3084 Chasmensi.,
2981 2996 3268 3089 salutem
3307 3007 3398 3090 ‘et

124 3096 403 3181 graciam.
514 3095 895 3192 Exponitur
966 3098 1160 3170 nobis
1224 3103 1289 3172 in
1344 3104 1656 3196 personis
1728 3097 2025 3172 fidelium
2079 3111 2465 3172 nostrorum
2524 3099 2999 3173 Vniuersitatis
3052 3099 3391 3172 Nobilium

128 3201 181 3263 et
221 3196 481 3271 alterius
542 3211 744 3272 etam
801 3205 1098 3273 cuiusuis
1156 3212 1366 3275 status
1423 3215 1486 3275 et
1544 3204 1965 3275 condicionis
2019 3208 2686 3299 possessionatorum
2745 3203 3083 3275 hominum
3168 3202 3394 3292 Regni

126 3305 298 3371 nostri
373 3303 766 3376 Sclauonie.
875 3306 1070 3392 Quod
1141 3308 1300 3378 licet
1365 3311 1430 3379 in
1488 3306 1767 3380 decreto
1821 3307 2043 3399 Regni
2099 3311 2310 3379 nostri
2364 3306 2430 3378 id
2483 3311 2928 3395 contineatur2
2986 3316 3057 3376 vt
3114 3317 3390 3400 propter

54 3443 55 3498 2
128 3396 335 3476 factum
406 3413 823 3498 testamenti,
896 3414 1323 3498 matrimonii,
1397 3411 1625 3483 dotum
1700 3422 1767 3482 et
1829 3433 2053 3482 rerum
2111 3410 2657 3505 parafernalium„
2733 3412 2989 3482 Jurium
3061 3410 3396 3504 quartali-

54 3505 55 3568 ἲ
124 3507 368 3598 ciorum,
422 3515 724 3605 periurii,
781 3513 1319 3602 verberacioniS,
1372 3516 2012 3611 vulneracionisque
2069 3524 2140 3585 et
2176 3515 2611 3608 spoliacionis
2669 3516 3070 3586 clericorum
3119 3523 3188 3585 et
3234 3535 3396 3583 mu-

54 3733 57 3842 t

124 3605 350 3703 liei-um,
404 3626 472 3686 et
528 3627 804 3712 propter
856 3618 1004 3689 illas
1059 3619 1229 3691 alias
1286 3623 1486 3690 etiam
1543 3642 1815 3707 causaS,
1870 3641 2003 3714 que
2056 3640 2267 3714 prope
2341 3618 2514 3689 hanc
2568 3613 2703 3689 non
2778 3628 3036 3698 essent„
3092 3622 3157 3688 in
3239 3614 3394 3688 foro

126 3715 410 3804 spirituali
486 3720 667 3791 nulla
726 3744 933 3794 causa
1006 3732 1349 3794 tractetur.
1455 3723 1712 3795 Tamen
1784 3745 1915 3796 vos
1987 3722 2366 3795 huiusmodi
2442 3720 2861 3793 ordinacioni
2934 3721 3154 3792 locum
3229 3717 3398 3794 dare

120 3816 397 3909 nolletis3
481 3823 606 3895 sed
679 3823 1140 3897 indifferenter
1210 3848 1415 3921 super
1485 3827 1794 3899 omnibus
1867 3827 2066 3898 factis
2143 3837 2212 3897 et
2260 3829 2573 3920 negociis
2646 3829 2991 3897 citatorias
3063 3826 3398 3918 litiganti-a

124 3915 223 3990 bus
288 3925 585 4010 daretisq
660 3951 881 4024 neque
952 3930 1036 4001 de
1112 3934 1388 4001 materia
1466 3935 1566 4000 rei
1638 3940 1877 4022 geste„
1949 3933 2059 4001 vel
2127 3931 2332 4020 facte„
2386 3934 2453 4002 in
2517 3932 2751 4001 litteris
2808 3933 2970 4024 ipsis
3045 3931 3396 4002 citatoriis,

122 4032 310 4098 virum
364 4035 751 4123 pertineant
804 4034 886 4104 ad
946 4033 1163 4105 forum
1220 4044 1554 4120 vestrum,
1612 4057 1739 4104 nec
1794 4057 1907 4120 ne„
1982 4034 2228 4130 aliquid
2285 4031 2812 4128 specificaretisz,
2864 4057 2956 4105 ex
3011 4055 3143 4127 quo
3189 4031 3287 4120 fit,
3323 4044 3403 4104 vt

122 4133 322 4222 sepius
375 4137 503 4229 ipsi
560 4134 937 4229 Regnicole
995 4143 1233 4226 nostri.¹
1290 4148 1490 4233 atque
1542 4141 1743 4208 etiam
1799 4140 2026 4210 coloni
2080 4141 2404 4233 ipsorum,
2461 4160 2584 4232 per
2618 4140 3060 4232 calumpniam
3118 4138 3402 4228 litigan-

118 4233 296 4322 cinm„
348 4242 527 4310 sicut
575 4240 937 4334 prefertur„
994 4246 1199 4312 citati.
1257 4252 1325 4312 et
1378 4241 1463 4313 de
1521 4246 1801 4313 materia
1856 4246 2156 4333 negocii.
2209 4264 2332 4336 pro
2389 4241 2625 4334 quibus
2683 4246 2863 4313 citati
2921 4251 3096 4326 sunt,
3152 4244 3398 4332 ignari,

120 4334 175 4403 ln
207 4337 543 4436 rebusque
597 4348 797 4415 etiam
855 4347 1002 4417 aliis
1059 4349 1393 4441 occupati„
1450 4349 1515 4418 in
1553 4351 1979 4440 presenciam
2034 4357 2334 4417 vestram
2393 4350 2632 4416 venire
2688 4369 2821 4416 non
2879 4347 3217 4418 valentes.
3273 4365 3401 4438 per

120 4457 229 4509 vos
263 4455 541 4540 propter
575 4453 1066 4520 contumaciam
1118 4453 1893 4538 excommunicarentur,
1934 4462 2002 4521 et
2038 4451 2215 4521 facta
2255 4450 2633 4521 huiusmodi
2674 4451 3400 4520 excommunicacione

122 4561 231 4614 non
300 4549 739 4622 mediocriter
808 4563 1256 4647 pactarentur.
1367 4555 1559 4639 Quod
1602 4555 1883 4626 cederet
1918 4558 1984 4626 in
2023 4555 2459 4650 preiudicium
2498 4553 2829 4624 dictorum
2868 4557 3398 4646 exponencium,

122 4653 179 4714 el
221 4671 586 4739 grauamen
644 4678 776 4726 non
834 4657 1192 4728 modicum.
1290 4658 1594 4752 Accepta
1652 4662 1851 4750 igitur
1923 4662 2426 4754 supplicacione
2497 4661 2794 4750 ipsorum
2871 4661 3400 4750 exponendum,

122 4750 409 4827 volentes
486 4782 601 4847 ea,
683 4782 813 4855 que
868 4762 1173 4855 generali
1248 4767 1540 4834 omnium
1613 4761 2140 4853 Regnicolarum
2217 4772 2598 4833 nostrorum
2674 4783 3014 4833 consensu
3089 4761 3399 4832 ordinata

54 4891 55 4942 t
120 4864 283 4942 mut,
329 4881 456 4954 per
510 4885 639 4934 vos
690 4861 921 4936 facere
977 4865 1349 4938 obseruari.
1455 4866 1853 4939 Mandamus
1908 4865 2206 4936 fidelitati
2262 4875 2494 4937 vestre
2550 4869 2730 4936 serie
2785 4869 3234 4958 presencium.
3269 4864 3401 4935 fir-

54 5615 57 5738 l

124 4962 424 5052 tutissime„
482 4975 558 5036 vt
622 4990 661 5038 a
718 4968 920 5040 modo
972 4974 1437 5065 vnusquisque
1492 4981 1797 5042 vestrum
1851 4974 2226 5055 materiam,
2301 4972 2449 5040 siue
2500 4967 2785 5050 factum„
2859 4990 2981 5064 pro
3037 4989 3170 5063 quo
3218 4972 3400 5038 cita-¹-

127 5062 216 5130 cio
263 5072 528 5160 petitur,
582 5070 667 5142 ab
721 5095 833 5162 eo,
889 5078 1002 5170 qui
1049 5096 1327 5145 causam
1380 5095 1659 5144 mouere
1714 5072 2018 5162 intendit,
2073 5071 2250 5144 hene
2285 5075 2655 5144 rescire-et
2692 5075 3093 5143 examinare
3128 5072 3400 5145 debeat.

128 5159 286 5241 Etsi
330 5179 763 5268 compererit,
818 5177 999 5273 quod
1050 5181 1410 5271 negocium
1462 5176 1839 5249 huiusmodi
1894 5175 2115 5248 forum
2172 5176 2516 5271 spirituale
2553 5178 2942 5270 contigerit,
2987 5186 3240 5248 extunc
3277 5177 3402 5247 lit-

126 5274 284 5346 teras
337 5279 680 5354 citatorias
712 5303 886 5353 -cum
959 5283 1441 5355 declaracione
1505 5283 1791 5352 actionis
1862 5301 2009 5352 rem
2080 5289 2345 5375 gestam
2418 5282 2859 5368 continentis,
2941 5291 3014 5353 ct
3061 5301 3196 5353 non
3269 5279 3404 5353 sal»

126 5367 329 5470 dubio,
383 5381 557 5456 sieut
606 5382 1238 5461 hactenus-factum
1288 5384 1511 5460 fuisse
1540 5381 1809 5473 dicitur,
1852 5381 2304 5459 causantibus
2333 5381 3092 5481 dare-,decernereqae
3126 5383 3404 5459 debeat.
