3950 5917
3284 436 3453 514 aon·

56 735 57 740 Ν
156 643 468 722 sufficiens
514 651 586 715 et
635 640 994 732 Idoneus,
1034 644 1169 740 qni·
1206 649 1464 717 statuto
1498 641 1609 715 ad
1657 641 1730 716 id
1780 647 2121 739 tempore,
2171 649 2417 716 mense
2468 643 2782 716 nimirum
2832 641 3055 738 Aprili
3107 652 3266 715 ante
3317 641 3442 717 fe-

154 756 307 821 stum
358 742 656 839 Georgii,
727 767 770 818 a
823 747 929 820 sui
980 747 1142 841 pagi
1192 747 1679 820 comunitate
1726 767 1857 843 pro
1909 767 2049 819 uno
2096 744 2310 819 Anno
2364 746 2683 840 eligatur,
2753 754 2826 818 et
2865 745 3143 822 electus
3185 742 3443 819 Genu-

153 849 260 922 rali
306 847 385 921 ad
436 851 643 946 ipsius
695 851 1001 923 notitiam
1052 847 1498 945 significetur.
3157 861 3198 912 .‘
3449 847 3458 852 '

1196 1077 1755 1151 Articulus
1816 1073 2384 1151 Secundus.

275 1301 279 1306 ’
419 1277 1018 1369 'Quemadmodum
1101 1271 1447 1356 Universa
1514 1281 1982 1355 Valachorum
2069 1277 2540 1356 communitas
2627 1286 2698 1356 in
2766 1286 2966 1355 trium
3020 1279 3445 1380 capitaneo·

155 1406 278 1459 rum
345 1384 877 1480 supremorum,
956 1385 1283 1460 nimirum
1337 1381 1741 1473 Crisiensis,
1816 1383 2325 1480 Caproncensis
2396 1395 2468 1458 et
2532 1384 2963 1460 Ivanicensis
3014 1386 3450 1460 Districtibus

156 1498 607 1578 commoratur,
676 1490 769 1560 ita
827 1509 1097 1584 quoque
1146 1490 1218 1561 in
1269 1486 1572 1584 quolibet
1625 1485 2070 1585 capitaneum
2125 1491 2489 1584 separatim
2544 1489 2837 1584 eligatur
2886 1499 2958 1563 et
3007 1493 3454 1564 constituatur

155 1589 507 1687 Supremus'
548 1590 806 1681 Judex,
849 1590 981 1664 Vir
1029 1596 1284 1687 peritus
1339 1591 1734 1686 Legumqne
1787 1594 2153 1688 patriarum
2205 1613 2490 1687 gnarus,
2546 1594 2662 1687 qui
2712 1615 2846 1666 una
2893 1614 3047 1666 cum
3083 1592 3258 1667 Octo
3293 1594 3453 1667 As-

159 1694 516 1768 sessoribus
571 1694 858 1769 Judiciis
907 1696 977 1767 in
1023 1716 1151 1768 suo
1207 1695 1511 1769 districtu
1564 1694 1980 1790 praesideat,
2031 1718 2116 1767 ac
2166 1699 2533 1769 universas
2587 1693 2852 1770 Causas
2907 1706 2979 1768 et
3030 1707 3454 1770 controver-

158 1802 275 1870 sias
325 1796 697 1872 secundum
751 1801 1140 1894 praesentia
1194 1808 1444 1872 statuta
1515 1808 1900 1892 cognoscat
1950 1808 2021 1871 et
2075 1797 2367 1871 decidat.
2464 1796 2735 1872 Electio
2791 1809 3014 1871 autem
3068 1799 3330 1875 Judicis
3384 1809 3456 1873 et

159 1899 305 1973 Octo
355 1900 819 1976 Asscssorum
888 1905 957 1974 in
1027 1901 1148 1975 vel
1217 1904 1400 1974 circa
1471 1899 1741 1975 festum.
1793 1900 2029 1974 Sancti
2102 1899 2388 1994 Georgii
2457 1923 2545 1975 eo
2618 1901 2735 1974 fiat
2797 1902 3046 1991 modo;
3120 1912 3193 1975 ut
3243 1905 3457 1976 nimi-

158 2026 282 2075 rum
332 2027 572 2078 omnes
627 2004 865 2078 Knesii
919 2007 1026 2077 sui
1077 2003 1447 2095 districtuS,
1517 2027 1648 2077 una
1732 2026 1886 2076 cum
1940 2003 2208 2078 duobus
2255 2005 2376 2078 vel
2427 2003 2638 2079 tribus
2694 2003 3080 2079 senioribus
3151 2007 3272 2079 vel
3321 2005 3458 2078 Ju-

156 2110 298 2181 ratis
348 2131 439 2181 ex
490 2129 906 2204 unoquoque
950 2129 1159 2204 pago,
1229 2112 1300 2181 in
1354 2117 1545 2181 certo
1600 2108 1910 2181 eiusdem
1966 2105 2448 2205 capitaneatus
2501 2109 2661 2181 loco
2716 2112 3159 2198 conveniant,
3229 2107 3459 2205 ibique

156 2209 436 2283 Judicem
510 2222 583 2284 et
653 2211 825 2283 Octo
882 2210 1312 2285 Assessores
1390 2233 1517 2307 per
1586 2210 1928 2284 districtus
2010 2214 2117 2285 sui
2188 2208 2669 2307 Capitaneatus
2739 2214 2866 2284 rite
2940 2213 3216 2304 eligant.
3325 2211 3461 2299 Qui

157 2311 408 2387 ludices
462 2320 529 2386 dr
582 2315 1014 2388 Assessores
1067 2318 1159 2386 ita
1213 2318 1280 2386 in
1336 2313 1636 2409 quolibet
1689 2313 2130 2410 capitaneatu
2185 2315 2413 2401 electi,
2475 2313 2798 2387 Generali
2848 2324 3337 2411 proponantur,
3392 2324 3464 2386 et

56 2493 57 2496 Ἴ
160 2415 233 2486 ab
265 2439 345 2489 eo
387 2422 667 2491 nomine
703 2429 972 2505 nostro,
1027 2418 1225 2490 nullis
1278 2418 1600 2510 legitimis
1655 2416 2081 2492 obstantibus
2135 2416 2406 2506 Causis,
2465 2416 2976 2506 confirmantur,
3031 2427 3147 2490 aut
3185 2421 3247 2491 si
3281 2439 3461 2512 quae

162 2519 478 2611 legitimae
535 2519 807 2594 Causae
881 2520 1157 2596 obstare
1209 2520 1631 2608 viderentur,
1703 2522 1869 2594 Illae
1924 2524 2145 2595 statim
2214 2519 2413 2593 nobis
2471 2519 3048 2614 significabuntur.
3158 2520 3465 2616 Singulis

160 2633 357 2695 autem
409 2628 612 2698 aunis
683 2625 892 2698 Iidem
950 2625 1266 2721 Supremi
1334 2624 1643 2712 Judices,
1714 2635 2026 2718 tempore
2080 2634 2152 2697 et
2200 2623 2437 2710 modo,
2508 2623 2752 2717 quibus
2832 2624 3082 2697 dictum
3136 2635 3270 2712 est,
3339 2643 3466 2719 per

158 2724 427 2801 Knesios
481 2740 555 2802 et
610 2728 942 2801 Seniores
995 2749 1327 2825 pagorum
1379 2732 1448 2800 in
1504 2727 1803 2823 quolibet
1858 2726 2304 2824 capitaneatu
2354 2726 2555 2798 liberi
2605 2750 2645 2797 a
2701 2726 2932 2810 officio
2983 2725 3484 2800 removebun-.

56 2917 57 2926 ἵ
160 2837 272 2919 tur,
328 2833 443 2905 vel
497 2835 562 2906 si
615 2835 707 2904 ita
759 2834 981 2904 visum
1038 2830 1267 2922 fuerit,
1319 2829 1522 2927 idque
1570 2831 1842 2904 Patriae
1896 2830 2328 2904 commodum
2384 2839 2455 2903 et
2496 2830 2746 2903 utilitas
2801 2829 3148 2922 suaderet,
3201 2833 3271 2903 in
3325 2853 3464 2905 eo-

56 2933 57 2958 *
156 2932 293 3005 dem
343 2933 574 3009 officio
629 2935 1115 3029 relinquantur,
1171 2944 1240 3007 et
1275 2957 1314 3006 a
1353 2932 1674 3009 Generali
1730 2944 2106 3008 memorata
2162 2937 2429 3006 ratione
2483 2931 2712 3006 denuo
2766 2932 3360 3007 confirmabuntur.

1284 3163 1837 3238 Articulus
1899 3163 2324 3239 Tertius

452 3369 533 3443 In
589 3368 857 3443 delictis
926 3367 1238 3466 publicae
1307 3370 1767 3467 tranquillitati
1838 3379 1908 3441 et
1976 3370 2239 3441 utilitati
2316 3374 2702 3462 contrariis,
2782 3379 2987 3467 atque
3038 3370 3189 3443 aliis
3268 3372 3479 3443 etiam

165 3468 651 3562 criminalibus,
718 3494 1015 3571 Poenam
1070 3472 1443 3566 Sangvinis
1507 3471 2001 3562 inferentibus,
2071 3471 2310 3546 Knesii
2379 3472 2874 3570 Delinquentes
2945 3471 3206 3568 absque
3274 3494 3475 3545 mora

168 3576 736 3673 comprehendere
811 3585 882 3649 et
936 3574 1308 3671 capitaneo
1362 3575 1700 3674 Supremo
1774 3581 1881 3649 sui
1932 3576 2295 3651 Districtus
2368 3576 2454 3649 ad
2516 3598 2759 3651 manus
2828 3575 3130 3650 Profosii
3199 3575 3476 3649 tradere

167 3686 525 3754 teneantur.
634 3678 909 3753 Interim
966 3690 1192 3751 autem
1244 3680 1621 3776 Supremus
1672 3680 1929 3768 Judex,
1996 3702 2148 3753 cum
2204 3682 2349 3752 suis
2400 3676 2932 3769 Assessoribus,
3005 3681 3230 3750 statim
3283 3676 3479 3751 Gan-

167 3802 269 3852 sas
337 3792 747 3879 cognoscat,
816 3792 892 3854 ut
943 3782 1126 3855 idem
1178 3782 1695 3878 Delinquentes,
1770 3806 1922 3856 cum
1997 3786 2149 3856 talis
2223 3783 2451 3856 delicti
2496 3793 2566 3855 et
2618 3781 2935 3855 Criminis
2987 3782 3121 3854 Rei
3187 3782 3484 3855 Judicati

165 3882 421 3974 fuerint,
476 3884 567 3959 ad
619 3885 958 3980 Regimen
1011 3884 1332 3960 bellicum
1383 3890 1941 3974 transmittantur,
2048 3887 2310 3982 Ibique,
2385 3896 2667 3961 servato
2739 3885 2922 3960 Juris
3004 3885 3270 3976 ordine,
3340 3906 3484 3959 non

166 3989 226 4058 in
274 3992 605 4084 peccunia
659 3990 777 4062 vel
830 3988 1057 4080 bonis,
1113 3989 1239 4063 sed
1292 3989 1514 4064 solum
1566 3993 1638 4062 in
1692 3986 2027 4086 Corpore,
2097 3991 2216 4063 vel
2270 4011 2484 4086 opere
2536 3988 2836 4086 publico,
2914 3991 3032 4063 vel
3083 3989 3236 4063 aliis
3289 3986 3482 4086 Sup-

164 4090 366 4184 pliciis
418 4096 799 4190 puniantur.

1277 4296 1837 4371 Articulus
1918 4296 2368 4384 Quartus

468 4504 547 4578 ln
602 4501 974 4577 lenioribus
1055 4512 1284 4576 autem
1362 4502 1603 4577 Knesii
1673 4526 1838 4579 reos
1911 4508 2180 4578 carceri
2256 4505 2626 4594 includant,
2707 4506 2936 4580 donec
3005 4508 3126 4582 vel
3175 4506 3263 4581 ab
3315 4477 3488 4604 ipsis

170 4604 405 4680 idonea
462 4617 820 4696 caveatur,
872 4607 991 4680 vel
1044 4616 1309 4703 tempus
1362 4606 1548 4681 Juris
1603 4606 1874 4681 dicendi
1928 4612 2402 4706 apropinquet,
2482 4620 2552 4683 et
2602 4620 2762 4683 tunc
2814 4609 3085 4684 Judicio
3138 4613 3490 4702 sistantur,

168 4730 251 4779 ac
300 4721 534 4784 contra
591 4731 718 4784 eos
775 4712 1072 4783 servatis
1127 4709 1215 4784 de
1266 4710 1434 4784 Jure
1491 4711 1856 4786 servandis
1909 4712 2344 4809 procedatur.

1283 4970 1841 5044 Articulus
1922 4969 2389 5057 Quintus.

479 5175 890 5251 Knesiorum
959 5178 1204 5251 muniis
1274 5197 1414 5250 non
1467 5175 1687 5249 solum
1742 5176 1905 5250 illud
1957 5175 2330 5268 incumbet,
2402 5190 2477 5253 ut
2525 5181 2596 5253 in
2651 5183 2795 5255 suis
2848 5178 3264 5256 districtibus
3312 5203 3497 5257 cun-

186 5284 436 5352 etan-m
491 5299 843 5356 numerum
878 5277 1281 5371 Domorum,
1336 5289 1405 5352 et
1438 5277 1871 5371 familiarum,
1924 5303 2058 5356 nec
2094 5302 2232 5354 uon
2270 5284 2565 5356 omnium
2623 5280 2931 5383 Capitum
2983 5285 3201 5361 virilis
3253 5306 3500 5377 sexus,

178 5376 817 5460 humamanam
857 5386 1103 5460 aetatis
1136 5382 1409 5459 Annum
1445 5383 1955 5476 excedentium,
2009 5394 2262 5460 exacte
2298 5388 2543 5479 sciant,
2598 5409 2892 5486 eumque
2945 5398 3304 5487 utrumque
3354 5383 3502 5467 nu-
