3950 5917
46 169 49 298 ψ

3265 412 3423 494 ²60

150 620 406 693 omnino
479 615 825 693 bot-‘nun
898 617 1178 693 causam
1256 639 1451 693 suam
1514 622 1701 715 prius
1749 621 1817 691 in
1897 621 2325 713 presenciam
2400 615 2663 693 Iudicis
2717 622 2823 693 sui
2891 618 3228 694 Ordinarii
3277 643 3419 696 non

155 722 548 796 uehentum
601 743 727 818 per
758 722 1044 798 ‘modum
1076 722 1459 797 huiusmodi
1474 727 1479 734 '
1495 723 1836 819 Rescripti
1884 726 2209 819 prosequi
2257 721 2523 796 audeat.
2598 722 2972 819 Propterea
3025 722 3420 800 fidelitatem

150 835 424 902 vestram
474 828 877 922 requirimus
931 836 1002 900 et
1028 825 1276 902 eidem
1312 826 1742 901 nibilominus
1799 829 1983 902 serie
2027 828 2461 923 presencium
2499 830 2935 917 comittimus,
2987 836 3320 924 quatenus
3374 852 3418 902 a

150 929 333 1006 modo
383 929 707 1026 deinceps
777 929 933 1004 dum
988 940 1060 1004 et
1112 930 1382 1026 quando
1454 953 1539 1003 ac
1610 931 2148 1026 quotiescunque
2216 951 2342 1026 per
2388 929 2695 1027 prefatos
2764 941 3222 1027 exponentes,
3302 942 3420 1008 ant

150 1053 361 1108 eornm
408 1034 697 1108 alterum
748 1053 902 1107 oum
945 1032 1373 1130 presentibus
1426 1033 1689 1108 fueritis
1740 1035 2073 1131 requisiti,
2133 1056 2380 1109 omnes
2431 1034 2607 1108 tales
2658 1034 3043 1111 huiusmodi
3092 1035 3419 1112 videlicet

152 1147 612 1233 conquestuum
665 1148 736 1212 et
783 1138 1295 1235 Rescriptorum
1342 1138 1898 1234 Apostolicorum
1948 1138 2323 1231 delatores,
2392 1160 2485 1211 ne
2537 1149 2772 1213 contra
2823 1138 3116 1214 formam
3163 1139 3416 1216 huius-—

46 1233 47 1242 '
151 1241 307 1314 modi
355 1245 583 1316 statuti
625 1240 849 1336 Regni
883 1245 1098 1316 nostri
1141 1246 1210 1315 in
1259 1247 1487 1316 causis
1537 1245 1839 1339 ipsorum
1889 1242 2275 1338 procedere
2320 1243 2647 1335 audeant,
2700 1265 2826 1339 per
2871 1246 3099 1318 omnia
3147 1266 3415 1340 graua-

147 1347 300 1417 mina
348 1354 420 1418 et
467 1349 711 1442 queuis
763 1356 1139 1442 opportuna
1176 1346 1510 1420 'remedia
1565 1347 1943 1420 cohercere
1999 1357 2070 1420 et
2119 1343 2460 1437 inhibere,
2529 1357 3222 1446 transgressoresque
3274 1348 3415 1422 bu-

147 1449 405 1521 iusmodi
472 1471 699 1546 poena
774 1453 976 1523 etiam
1028 1454 1096 1522 in
1148 1450 1452 1524 Decreto
1521 1453 1673 1545 ipso
1722 1461 1962 1538 nostro
2034 1460 2353 1525 contenta
2417 1450 2637 1526 modis
2691 1452 3002 1525 omnibus
3053 1453 3292 1548 punire
3346 1462 3417 1526 et

149 1556 456 1646 castigare
510 1551 821 1626 debeatis
874 1565 945 1626 et
994 1558 1400 1644 teneamini3
1456 1554 1634 1627 aliud
1686 1554 1869 1628 nullo
1923 1555 2130 1628 modo
2184 1553 2419 1628 facere
2469 1560 2917 1651 presumatis3
2985 1555 3416 1652 presentibus

46 1671 49 1706 ἐ
144 1657 431 1750 perlectis
483 1656 836 1731 exhibenti
886 1661 1234 1732 restitutis.
1336 1658 1582 1731 Datum
1632 1658 1827 1731 Bude
1877 1662 1945 1731 in
1999 1658 2182 1734 festo
2235 1659 2419 1732 beati
2468 1658 2752 1733 Andree
2804 1660 3144 1757 Apostoli.
3204 1660 3413 1735 Anno

46 1729 49 1850 Ι
144 1758 383 1834 Domini
433 1759 775 1835 Milesimo
830 1765 1374 1856 quingentesimo
1422 1762 1691 1835 decimo
1746 1774 2008 1857 quarto.

1206 1992 1521 2072 (Siyn‘llum
1576 1993 1837 2074 Regium
1881 1995 2311 2074 oppressum.)

143 2217 258 2290 θὴς.
287 2223 337 2273 in
369 2221 602 2275 Archivo
638 2222 804 2294 Regni
841 2223 1096 2276 croatiae.
1133 2221 1265 2276 Priv.
1302 2222 1360 2274 N.
1400 2223 1520 2276 ¹27.

1391 2822 1956 2908 CLXXV!
1971 2826 2018 2903 Ι
2036 2826 2120 2904 Ι.

511 3110 724 3181 Anno
780 3107 1009 3183 1515.
1080 3110 1300 3181 Fer-io
1355 3111 1426 3183 5.
1472 3117 1636 3204 post
1688 3067 2107 3183 dominicam
2163 3112 2605 3201 Quasimodo.
2680 3114 2992 3184 poeonii.

46 3467 47 3488 ι
134 3359 681 3446 vladislaus
743 3365 944 3447 Rex
1004 3363 1541 3446 Nobilibus
1604 3365 1927 3471 Regni
1990 3365 2534 3446 Slavoniae
2600 3370 3141 3474 praecipit,
3193 3378 3303 3494 *ut
3363 3391 3406 3447 a

46 3495 47 3500 ‘
132 3499 354 3583 Bano
444 3508 926 3609 requisiti
1019 3507 1655 3611 periclitanti
1733 3503 2079 3611 Regno
2165 3504 2624 3585 Oroatiae
2718 3517 2989 3585 trans
3052 3506 3402 3585 Savam

576 3654 920 3725 contra
981 3640 1353 3722 'furcas
1415 3648 1637 3726 sine
1701 3668 1957 3725 mora
2023 3645 2489 3724 auxilium
2572 3643 2931 3723 ferant.

1958 3923 2336 3990 Commissi«)
2375 3925 2651 4009 propria
2693 3922 2958 3987 Domini
2984 3922 3193 4006 Bagis.

399 4119 851 4210 wladislaus,
903 4119 1037 4192 Dei
1086 4119 1322 4215 gracia
1372 4117 1533 4195 Rex
1582 4118 1932 4215 Hnngarie
1985 4129 2057 4193 et
2103 4118 2435 4193 Bohemie
2478 4123 2605 4194 oec.
2657 4118 2939 4216 Egregij
2997 4127 3065 4191 et
3112 4117 3400 4194 Nobiles

46 4233 47 4246 ¹
125 4216 334 4299 fideles
381 4224 588 4299 nobis
640 4223 889 4298 dilecti.
962 4223 1418 4314 Meminimus,
1472 4223 1734 4297 crebris
1778 4227 1914 4296 iam
1955 4222 2223 4298 vicibus
2275 4223 2477 4299 vobis
2531 4235 2602 4297 et
2645 4227 3008 4320 scripsisse
3062 4247 3148 4296 ac
3191 4245 3399 4296 man-

124 4321 302 4400 dasse
350 4338 421 4402 et
468 4351 599 4425 per
648 4331 934 4401 nuncios
989 4350 1260 4424 quoque
1311 4338 1588 4402 vestros
1641 4331 2039 4417 nunciasse,
2089 4338 2191 4418 vt,
2247 4328 2400 4401 dum
2457 4337 2529 4401 et
2573 4332 3170 4425 quocienscunque
3224 4349 3398 4423 opus

124 4425 317 4519 fuerit,
394 4444 467 4505 et
518 4454 645 4528 per
697 4432 965 4504 fidelem
1034 4443 1342 4506 nostrum
1412 4431 1890 4506 Reuerendum
1947 4436 2017 4506 in
2072 4431 2343 4507 Christo
2412 4441 2672 4529 patrem
2727 4431 3068 4505 dominum
3123 4430 3395 4506 Petrum

123 4528 415 4631 Beryzlo,
468 4534 881 4632 Episcopum
926 4534 1247 4609 Ecclesie
1273 4536 1833 4632 Vesprimiensis,
1885 4536 2412 4612 Thesaurarium
2454 4547 2762 4611 nostrum
2797 4559 2882 4608 ac
2925 4536 3186 4612 illorum
3240 4535 3398 4608 Re-

124 4656 377 4724 gnorum
446 4650 839 4715 nostrorum
908 4640 1285 4730 Dalmacie,
1360 4639 1650 4714 Croacie
1723 4653 1793 4713 et
1863 4640 2233 4714 Sclauonie
2301 4640 2562 4713 Banum
2639 4642 3100 4736 requiremini,
3135 4719 3142 4726 ,
3172 4638 3393 4713 subito

124 4759 249 4813 cum
301 4747 643 4818 vniuersis
696 4741 1012 4838 gentibus
1069 4748 1321 4818 vestris
1397 4747 1783 4839 insurgere,
1866 4767 1950 4817 ac
2000 4746 2146 4835 illo,
2226 4767 2359 4840 quo
2415 4744 2642 4817 Bonus
2695 4748 2844 4840 ipse
2895 4746 3196 4834 iusserit,
3266 4765 3392 4839 pro

126 4850 309 4933 pau-ie
342 4851 538 4922 istius
576 4859 645 4920 et
678 4857 913 4922 vestra
952 4845 1357 4921 defensione
1384 4852 1489 4921 ire
1532 4848 2010 4944 proficiscique
2063 4847 2426 4923 deberetis.
2479 4848 2765 4937 Tamen,
2799 4850 2896 4921 vti
2929 4847 3393 4941 intelligimus,

123 4966 235 5020 vos
281 4952 631 5047 elegantes
683 4951 887 5025 talem
943 4949 1228 5024 subitam
1274 4961 1343 5025 et
1385 4951 1811 5048 frequentem
1880 4955 2448 5027 insurrectionem
2527 4951 3159 5048 profectionemque
3207 4950 3386 5024 vltra

124 5046 310 5125 Zawn
357 5054 558 5131 vobis
602 5060 671 5128 in
727 5055 1146 5150 derogamen
1198 5064 1470 5130 vetuste
1525 5054 2035 5130 consuetudinis
2086 5067 2325 5131 vestre
2379 5056 2658 5147 cedere,
2709 5055 3039 5128 hactenus
3089 5054 3388 5128 manda-

127 5155 195 5224 lis
236 5159 299 5231 in
350 5159 483 5232 bac
532 5170 722 5257 parte
773 5163 1028 5234 nostris
1100 5182 1347 5256 parere
1400 5170 1471 5231 et
1522 5158 1928 5234 satisfacere
1999 5163 2272 5234 minime
2323 5160 2760 5235 voluissetis:
2841 5155 3385 5257 quandoquidem

128 5255 303 5345 probe
372 5265 810 5338 considerare
882 5261 1249 5352 deberetis,
1336 5261 1514 5359 quod
1587 5262 2047 5359 frequentibus
2127 5261 2649 5339 excursionibus
2703 5272 2774 5337 et
2819 5262 3169 5360 periculis,
3248 5284 3384 5360 que

128 5356 338 5456 Regno
391 5364 676 5443 Croucie
729 5379 799 5440 et
846 5366 1134 5464 proinde
1185 5366 1388 5442 vobis
1439 5379 1755 5463 tanquam
1808 5371 2054 5444 vicinis
2108 5379 2179 5442 et
2230 5371 2567 5464 contiguis
2620 5391 2661 5441 a
2714 5365 3002 5443 Tbnrcis
3061 5366 3379 5442 inferun-

298 5527 451 5597 (rm
479 5527 516 5583 ι
556 5530 730 5585 mvn.
760 5539 819 5584 οι
848 5529 1067 5599 uben.)
2865 5497 2967 5573 34
