3950 5917
455 597 672 687 gistro
741 592 1150 686 Agazonum
1221 601 1615 665 nostrorum
1631 643 1657 681 ,
1742 590 2060 665 Rolando
2129 588 2462 687 Magistro
2528 591 3063 671 Taum-uicorum
3128 591 3423 667 Domine
3491 596 3774 689 reg-ine,

454 698 818 770 karissime
871 698 1214 769 consortis
1267 704 1530 785 nostre,
1581 692 1846 769 Comite
1899 695 1990 769 de
2041 695 2273 785 Zana3
2322 694 2527 792 Moys
2582 693 2848 769 Comite
2886 695 3373 792 Symigbiensi,
3423 696 3778 772 michaele

460 798 724 874 Comite
777 798 1129 890 Nitriensi,
1180 798 1442 893 Bagum
1498 796 1762 872 Gemite
1816 798 1905 872 de
1951 798 2145 890 Zala,
2196 797 2479 873 lwauka
2534 796 2798 873 Gemite
2848 798 3163 892 Albensi,
3234 818 3306 875 et
3355 801 3508 877 aliis
3559 824 3774 898 quan

456 905 783 1001 pluribus,
838 901 1212 977 Comitatus
1265 907 1463 997 regni
1511 906 1728 977 nostri
1777 901 2163 989 tenentibus
2215 904 2661 978 etsbonores.

455 1109 499 1161 E
537 1109 659 1178 dipl.
694 1107 865 1178 flung.
901 1108 1189 1175 Szeebeuyi
1224 1123 1344 1177 pag.
1380 1108 1500 1160 424.
1541 1136 1602 1147 -
1642 1106 1795 1174 Fejer
1832 1107 1891 1160 G.
1928 1106 2108 1161 Codex
2141 1107 2276 1177 Dipl.
2312 1107 2480 1176 Regni
2514 1106 2685 1179 flung.
2721 1107 2850 1160 eccl·
2886 1115 2942 1160 et
2976 1109 3075 1161 civ.
3108 1107 3164 1161 T.
3201 1108 3259 1161 V.
3295 1125 3345 1162 v.
3381 1107 3440 1161 11.
3477 1125 3529 1178 p.
3557 1110 3686 1162 2¹7⁷.

1926 1724 2283 1809 Lxx.

1859 2033 2065 2105 Anao
2126 2030 2356 2105 1277.

448 2292 973 2374 Ladislaus
1013 2291 1212 2373 Rex
1261 2290 1775 2373 Timotheo
1828 2291 2336 2398 Episcopo
2387 2290 3054 2400 Zagrabieusi
3106 2297 3479 2403 ejusque
3529 2322 3776 2376 suc-

448 2430 1039 2517 cessoribus
1119 2430 1702 2512 Comitatum
1766 2430 2348 2514 Gerzencze
2408 2459 2583 2513 seu
2643 2430 3221 2514 Berzencze
3296 2459 3481 2515 una
3546 2461 3776 2519 cum

448 2573 935 2651 collectis
1013 2576 1768 2650 marturinarum
1851 2582 1945 2651 et
2025 2584 2405 2676 septem
2482 2571 3117 2655 denariorum
3195 2597 3302 2651 ac
3375 2575 3776 2652 saluii-—

458 2716 469 2723 '
1690 2732 2020 2789 narum
2088 2712 2500 2790 confert.

752 2981 1106 3056 Ladislaus
1154 2993 1287 3055 etc.
1375 2981 1523 3055 Etsi
1573 2980 1978 3078 quibuslibet
2030 3003 2332 3056 coronae
2385 2987 2623 3076 regiae
2672 2981 2984 3058 fidelibus
3036 2992 3110 3056 et
3159 2982 3429 3057 devotis
3475 2989 3758 3080 aperire

442 3085 770 3161 debemus
822 3086 1326 3159 munificentiae
1377 3096 1659 3159 nostrae
1710 3109 1978 3173 manus,
2030 3087 2164 3158 illis
2227 3096 2479 3174 tamen,
2535 3096 2604 3158 et
2658 3090 2954 3160 maxime
3005 3087 3327 3184 praelatis
3376 3086 3770 3162 Ecclesia-

438 3212 588 3263 rum
641 3200 955 3263 tenemur
1017 3190 1362 3264 ardentius
1417 3201 1489 3263 et
1539 3190 1903 3286 specialius
1974 3190 2425 3287 respondere,
2496 3212 2667 3286 quos
2739 3191 3052 3265 videmus
3121 3195 3378 3265 uostris
3430 3203 3502 3266 et
3547 3197 3766 3285 reg-ni

440 3298 655 3369 nostri
708 3299 1004 3389 negotiis
1054 3297 1376 3369 insistere
1429 3293 1721 3368 fideliter
1772 3306 1844 3367 et
1895 3294 2194 3385 devote-3
2266 3304 2337 3367 et
2383 3298 2786 3390 praesertim
2840 3317 2994 3369 cum
3041 3317 3168 3391 per
3215 3295 3350 3369 boc
3404 3304 3473 3369 et
3523 3296 3778 3370 bonor

440 3411 795 3473 accrescat
844 3402 1107 3494 regius,
1161 3409 1230 3471 et
1283 3400 1469 3473 salus
1524 3397 1907 3472 attendatur
1957 3402 2350 3472 animarum.
2422 3398 2718 3472 Proinde
2768 3399 2855 3471 ad
2906 3402 3385 3473 vniuersorum
3439 3403 3760 3473 notitiam

440 3502 673 3576 barum
745 3507 928 3577 serie
997 3503 1318 3577 volumus
1388 3506 1775 3598 peruenire,
1844 3501 2027 3598 quod
2097 3513 2357 3595 gratam
2430 3513 2501 3575 et
2551 3501 3158 3577 commendabilem
3229 3503 3625 3577 fidelitatem
3679 3515 3762 3578 et

440 3610 782 3679 meritoria
853 3630 938 3679 ac
1002 3608 1391 3703 multiplicia
1463 3605 1789 3701 obsequia
1858 3628 2021 3680 ven.
2072 3606 2292 3680 Patris
2344 3607 2705 3698 Timothei,
2776 3611 3217 3681 miseratione
3286 3607 3511 3681 diuina
3583 3611 3769 3705 epi-

438 3714 630 3807 scopi
682 3709 1196 3803 Zagrabiensis,
1266 3710 1495 3783 dilecti
1565 3719 1636 3781 et
1687 3707 1909 3783 fidelis
1978 3714 2220 3800 nostri
2293 3709 2533 3805 quibus
2600 3715 2671 3785 in
2726 3714 2926 3806 regni
2994 3716 3213 3785 nostri
3278 3715 3620 3806 neg-ociis,
3676 3724 3762 3787 et

437 3837 673 3888 coram
722 3825 1003 3888 nostrae
1057 3817 1432 3890 maiestatis
1485 3814 1703 3888 oculis
1755 3813 2014 3909 absque
2070 3815 2294 3909 aliquo
2348 3815 2748 3889 offensionis
2819 3817 3138 3911 scrupulo
3193 3815 3442 3889 studuit
3505 3815 3756 3889 multi—

437 3920 699 4012 pliciter
750 3920 1209 4015 complacere,
1265 3917 1722 4009 attendentes,
1771 3918 2228 4014 volentesque
2282 3918 2370 3992 ob
2406 3918 2541 3992 boc
2594 3919 2819 3992 eidem
2871 3919 3123 4014 dignae
3171 3922 3754 3994 remuneratio-is

431 4023 770 4096 beneficio
852 4024 1328 4119 complacere,
1408 4022 1568 4095 licet
1636 4033 1953 4119 respectu
2025 4026 2210 4114 eius,
2281 4023 2462 4118 quod
2533 4022 2619 4096 ad
2689 4044 3021 4120 praesens
3092 4023 3223 4098 sibi
3292 4023 3756 4115 conferimus,

432 4131 696 4222 potiora
771 4138 1190 4217 mereretur3
1258 4131 1330 4200 in
1383 4127 1744 4222 aliqualem
1810 4137 2039 4201 tamen
2109 4131 2816 4223 recompensationem
2888 4127 3182 4201 fidelium
3256 4127 3762 4224 obsequiorum

434 4232 741 4305 eiusdem
810 4231 1163 4327 Episcopi,
1235 4230 1322 4304 de
1392 4230 1720 4304 baronum
1791 4241 2192 4304 nostrorum·
2252 4231 2540 4305 consilio
2595 4240 2665 4303 et
2717 4248 3037 4321 assensu,
3106 4232 3511 4305 contulimus
3583 4231 3762 4322 sibi,

435 4347 504 4406 et
538 4358 662 4429 per
698 4358 852 4408 eum
908 4338 1331 4433 episcopatui
1384 4334 1859 4428 Zagrabieusi,
1906 4334 2312 4409 comitatum
2363 4334 2453 4408 de
2506 4333 2936 4424 Germanae,
2989 4354 3144 4407 cum
3196 4335 3489 4408 collecta
3544 4356 3764 4409 mar-

431 4443 803 4513 tui-inarum
852 4450 922 4512 et
974 4449 1240 4536 septem
1294 4437 1754 4527 denariorum,
1807 4438 2202 4527 tenendum,
2270 4437 2653 4513 habendum
2708 4449 2779 4512 et
2824 4437 3338 4534 possidendum,
3405 4449 3756 4535 pet-peno

432 4551 501 4611 et
550 4541 1117 4635 irremeabiliter,
1170 4542 1461 4639 pacifice
1511 4551 1583 4616 et
1632 4544 1900 4636 quiete-3
1955 4564 2107 4614 cum
2161 4544 2274 4616 illa
2329 4553 2401 4616 et
2447 4542 2687 4616 eadem
2741 4541 3081 4633 libertate,
3140 4565 3274 4638 quo
3326 4546 3754 4639 possessio·—

430 4666 555 4717 nes
593 4656 663 4717 et
696 4648 924 4742 populi
975 4647 1138 4721 dicti
1190 4646 1641 4743 Episcopatus
1676 4643 2161 4739 zagmbiensis
2214 4669 2254 4720 a
2307 4646 2724 4742 tempon‘bus
2777 4656 3167 4721 sanctorum
3221 4648 3762 4743 praedecesso-

432 4771 579 4821 rum
651 4760 1065 4842 nostrorum,
1134 4751 1488 4825 illustrium
1559 4771 1795 4843 regum
1866 4749 2285 4843 Huugariae,
2355 4751 2813 4845 gratulantum
2884 4760 3286 4841 statuentes,
3357 4751 3538 4847 quod
3602 4774 3758 4826 nee

430 4856 647 4925 banus
701 4853 1140 4944 Sclauouiae,
1194 4857 1463 4927 ratione
1514 4854 1850 4927 collectae
1904 4858 2420 4927 marturiuartun
2474 4864 2543 4927 et
2597 4864 2860 4950 septem
2913 4854 3375 4946 denariorum,
3447 4876 3532 4928 ac
3584 4854 3752 4928 Za-

428 4960 841 5047 lusinarum3
912 4968 981 5030 et
1034 4959 1347 5032 similiter
1409 4960 1741 5052 magister
1787 4957 2321 5030 Tauernicorum
2391 4968 2808 5047 nostrorum,
2873 4963 3151 5032 nomine
3214 4960 3518 5033 eiusdem
3575 4961 3758 5033 cot——

424 5064 651 5135 hetae
706 5071 970 5160 septem
1024 5061 1484 5151 denariorum,
1549 5061 1636 5135 de
1688 5066 1838 5159 ipso
1894 5066 2226 5134 comitutu
2268 5060 2354 5135 de
2410 5061 2813 5136 Gerzencze
2880 5066 3446 5160 prouenieutium,
3517 5085 3758 5159 prae·-

428 5166 679 5241 duum
750 5171 1146 5292 epioeopum
1198 5176 1270 5239 et
1318 5184 1770 5241 successoros
1846 5188 2012 5240 suos
2081 5176 2471 5261 praesumat
2538 5166 2658 5240 vel
2727 5164 2931 5241 debet
2984 5168 3372 5241 molestare.
3479 5165 3569 5240 Et
3615 5172 3764 5242 in·-

432 5292 647 5365 super
706 5275 1013 5346 vuiuersi
1081 5271 1340 5369 populi,
1392 5274 1461 5345 iu
1513 5270 1762 5344 eodem
1832 5266 2168 5344 Comitatu
2238 5268 2324 5343 de
2396 5269 2796 5345 Geruencze
2867 5273 3278 5362 existentes,
3349 5293 3481 5346 nec
3533 5269 3752 5366 bani,

426 5394 563 5444 nee
612 5374 921 5449 iudicum·
960 5397 1265 5451 suorum.
1312 5374 1567 5451 iudicio
1614 5377 1691 5447 iu
1736 5377 1984 5470 quouis
2049 5374 2334 5449 armo
2406 5372 2700 5473 debcant
2767 5372 3174 5463 subiaceret,
3240 5394 3466 5471 quium
3514 5378 3762 5473 ipsu—
