3950 5917
3395 418 3504 516 ⁷3

138 621 421 700 Peneo
464 618 761 714 Castris,
815 644 952 696 nec
998 642 1145 698 nen
1195 617 1457 697 salibus
1500 621 1842 716 aquaticis
1893 616 1994 692 ad
2021 618 2350 694 ducatum
2389 621 2611 715 ipsum
2665 617 3156 714 spectantibus,
3211 622 3504 746 aliisque

142 723 417 800 intiba
468 734 545 798 et
592 727 1024 821 pertiuenu‘is
1076 747 1253 815 stus,
1299 746 1446 821 que
1486 724 2075 820 impresentiarum
2129 719 2622 795 rationabiliter
2671 732 2744 794 te
2780 720 3092 796 obtinere
3143 730 3504 821 proponis,

138 825 275 902 sub
346 831 796 924 protectione
865 829 1249 951 apostolice
1320 827 1522 901 sedis
1581 835 1655 899 et
1719 835 1958 900 nostra
2011 828 2478 922 suscipimus,
2513 823 2884 900 dish-ictius
2942 825 3356 919 inhibentes,
3407 850 3506 902 ne

150 934 302 1025 quis
356 941 436 1003 te
497 934 990 1026 persistentem
1059 934 1131 1005 in
1203 929 1578 1004 devotione
1649 929 1838 1004 sedis
1901 927 2216 1002 eiusdem
2284 949 2493 1025 super
2560 927 2838 1020 ducatu,
2910 925 3184 1028 Castris
3226 939 3298 1003 et
3347 930 3507 1005 aliis

154 1031 573 1131 supi-affictis
623 1043 893 1108 temere
947 1033 1279 1130 impedire
1330 1056 1461 1110 seu
1513 1032 1884 1107 molestare
1935 1040 2307 1127 presumat.
2385 1028 2568 1104 Nulli
2620 1052 2793 1124 ergo
2844 1040 2978 1106 etc.
3030 1042 3270 1107 nostre
3322 1055 3503 1129 pro-

138 1139 479 1210 tectionis
554 1146 628 1209 et
693 1134 1112 1211 inhibitionis
1173 1146 1308 1210 etc.
1413 1134 1660 1208 Datum
1724 1132 1903 1231 apud
1955 1132 2198 1207 urbem
2248 1144 2561 1208 veterem
2615 1133 2763 1207 xli.
2825 1132 3115 1209 Kalend.
3165 1135 3208 1207 J
3210 1139 3502 1227 aunarii,

148 1238 605 1314 Pontificatus
655 1243 880 1314 nostri
931 1261 1112 1314 anno
1164 1238 1424 1313 Tertio.

144 1439 220 1498 ιι
252 1441 395 1512 ιη.
432 1443 573 1513 αις.
606 1441 711 1495 Α».
746 1440 833 1496 ιιι.
869 1456 955 1512 01».
995 1441 1151 1496 1⁴19.
1218 1400 1462 1508 τιοὶιιοι,
1495 1440 1835 1496 nonu-om-
1862 1448 2042 1495 men
2076 1439 2247 1511 ung.
2284 1440 2481 1496 nomo
2520 1439 2674 1494 18⁶9.
2708 1439 2764 1493 ι·.
2800 1438 2843 1494 ι.
2875 1456 2928 1509 p.
2964 1440 3085 1495 25⁵.

1684 2001 1987 2086 mlx.

1568 2281 1780 2354 Anno
1845 2279 2102 2354 1264.-

149 2539 747 2670 comitatum
830 2487 1459 2675 Poieganum
1540 2547 1631 2622 in
1712 2540 2106 2623 Ducatu
2185 2541 2736 2623 Slavoniae
2831 2535 3498 2647 comprehenss·

604 2665 617 2674 ’
676 2704 885 2760 sum
947 2704 1176 2760 esse
1247 2669 1430 2759 hac
1490 2679 1762 2759 bulla
1823 2675 2193 2760 Urbani
2253 2675 2381 2759 IV.
2446 2682 2969 2760 evincitur.

458 2945 789 3022 Vrbanus
868 2947 1274 3046 Episcopus.
1356 2957 1491 3021 etc.
1544 2990 1649 3002 —
1699 2947 1973 3023 Dilecto
2055 2947 2242 3022 filio.
2322 3002 2341 3021 .
2421 2946 2642 3021 Priori
2720 2949 3137 3024 Provinciali
3207 2950 3491 3044 fratrum

140 3048 659 3148 predicatorum
715 3049 804 3124 de
862 3051 1166 3144 Ungaria
1189 3106 1211 3145 .‚
1286 3049 1575 3126 salutem
1628 3061 1762 3125 etc.
1825 3052 2024 3127 Justa
2077 3048 2421 3126 desideria
2494 3054 2851 3127 carissime
2902 3055 2973 3125 in
3029 3050 3300 3128 Christo
3353 3053 3495 3128 filie

146 3162 388 3226 nostre
439 3152 534 3226 M.
568 3155 854 3230 illustris
905 3153 1176 3249 Regino
1228 3153 1562 3249 Ungarie‚
1616 3177 1749 3250 que
1802 3178 1929 3251 per
2000 3155 2112 3228 dei
2166 3159 2472 3250 gratiam
2508 3157 2898 3249 vigilanter
2928 3158 3249 3231 insistere
3306 3153 3494 3229 dici-

146 3263 257 3328 tur
305 3256 637 3351 operibus
688 3262 987 3354 pietatis,
1044 3259 1275 3331 auditu
1327 3256 1628 3352 benigno
1702 3262 2060 3355 suscipere
2114 3269 2185 3329 et
2236 3261 2567 3355 promptis
2639 3258 3080 3332 delectamur
3131 3259 3488 3333 affectibus

146 3357 551 3455 adimplere.
658 3362 847 3435 Sane
900 3364 1115 3458 ipsius
1169 3360 1440 3455 Regine
1494 3370 1565 3434 et
1618 3364 1960 3435 carissimi
2011 3365 2080 3435 in
2140 3360 2410 3436 Christo
2465 3361 2584 3434 filii
2610 3365 2829 3434 nostri
2879 3360 2958 3434 B.
3016 3360 3265 3455 (Belo)
3320 3364 3489 3434 illn-

128 3461 307 3535 stris
362 3460 587 3558 Regis
637 3463 945 3559 Ungarie
997 3467 1130 3537 viri
1187 3469 1363 3551 eius
1416 3467 1652 3561 petitio
1725 3463 1925 3537 nobis
2000 3463 2300 3538 exhibita
2355 3463 2772 3555 continebat7
2837 3465 3018 3559 quod
3074 3486 3227 3538 cum
3282 3465 3488 3538 iidem

132 3562 301 3638 Rex
358 3577 429 3639 et
483 3566 799 3662 Regina,
881 3591 964 3640 ac
1017 3569 1208 3640 multi
1267 3566 1537 3641 nobiles
1608 3572 1806 3660 regni
1876 3567 2209 3663 Ungarie.,
2277 3577 2561 3664 propter
2626 3571 2940 3640 timorem
2997 3568 3082 3640 de
3136 3568 3489 3643 Tartarica

134 3667 417 3742 feritate
474 3682 911 3767 conceptum,
966 3671 1054 3744 ad
1104 3672 1262 3744 loca
1316 3673 1648 3743 maritima
1697 3669 2037 3746 fecissent
2087 3676 2468 3764 transitum,
2542 3669 2721 3744 dicta
2772 3669 3071 3766 Regina,
3125 3675 3259 3745 iam
3288 3672 3492 3748 dictis

136 3771 489 3846 nobilibus
541 3778 785 3869 positis
831 3777 901 3848 in
953 3776 1154 3871 gravi
1216 3778 1639 3848 necessitate
1710 3779 2177 3872 compatiens,
2249 3797 2373 3872 pro
2448 3778 2948 3850 sustentatione
3017 3778 3342 3873 ipsorum·
3398 3775 3483 3849 de

140 3881 283 3950 suis
372 3876 924 3973 parafrenalibus
1003 3876 1207 3951 bonis
1260 3900 1402 3951 ιιοιι
1455 3876 1794 3950 modicam
1868 3878 2197 3976 expendit
2275 3881 2568 3973 pecunie
2650 3881 3113 3974 quantitatem.
3192 3880 3484 3952 Demum

136 4002 315 4053 vero
356 3979 548 4052 idem
598 3978 761 4054 Rex
813 3980 1200 4075 hujusmodi
1237 3984 1510 4076 pietatis
1566 4003 1738 4077 opus
1794 3980 2175 4054 clementer
2227 3980 2614 4064 attendens,
2670 3992 2970 4055 castrum
2999 3980 3086 4054 de
3142 3981 3483 4076 Possega‚

138 4082 226 4156 ad
282 4105 447 4157 enm
506 4088 883 4179 pertinens,
937 4089 1007 4156 in
1062 4084 1311 4157 ducatu
1364 4083 1740 4158 Sclavenie
1796 4088 2261 4173 constitutum,
2319 4083 2698 4158 accedente
2754 4084 3026 4158 demum
3082 4082 3273 4156 adid
3303 4106 3492 4157 con·-

138 4209 361 4261 sensu
411 4191 756 4261 carissimi
808 4193 875 4260 in
933 4184 1205 4261 Christo
1260 4185 1377 4259 filii
1430 4190 1648 4261 nostri
1701 4185 2055 4284 Stephani,
2111 4189 2301 4281 regis
2353 4183 2636 4260 illustris
2689 4189 3150 4282 primogenitu
3208 4210 3291 4259 ac
3346 4210 3488 4260 no·-

136 4289 292 4364 bitis
348 4293 491 4365 viri
542 4289 713 4364 Bele
785 4291 977 4366 ducis
1031 4289 1435 4382 Sclavenie.‚
1506 4294 1649 4364 nati
1703 4290 2038 4364 dictorum
2088 4287 2308 4384 Regis
2363 4299 2434 4362 et
2483 4289 2792 4385 Regiae,
2863 4313 2997 4362 nec
3052 4291 3189 4363 non
3246 4289 3487 4386 prela'-

134 4402 363 4466 torum
420 4403 498 4467 et
546 4391 893 4467 Beronum
965 4393 1334 4489 supradicti
1403 4393 1673 4489 Regni,
1739 4391 2012 4490 Regino
2085 4392 2352 4491 prefate
2439 4397 2636 4488 regia
2705 4392 3111 4467 liberalitate
3175 4392 3487 4485 donavit,

130 4509 337 4594 prout
392 4502 465 4570 in
520 4497 906 4594 patentibus
967 4499 1211 4572 litteris
1262 4497 1481 4592 Regis
1537 4497 1849 4571 eiusdem
1903 4496 2243 4572 confectis
2299 4497 2553 4571 exinde
2606 4497 2875 4593 plenius
2948 4495 3194 4568 dicitur
3247 4497 3486 4570 conti-

130 4607 309 4675 neri.
421 4601 661 4690 Quare
711 4623 838 4697 pro
884 4612 1078 4698 parte
1135 4601 1471 4674 dictorum
1521 4601 1739 4696 Regis
1794 4612 1881 4674 et
1915 4597 2186 4696 Regine
2238 4591 2620 4698 petebatur
2650 4623 2690 4672 a
2741 4600 2972 4691 nobis,
3023 4608 3100 4671 ut
3150 4599 3483 4676 donatio*-

130 4727 295 4780 uem
351 4703 790 4796 huiusmodi,
843 4728 984 4779 non
1038 4703 1464 4779 obstantibus
1538 4705 2132 4778 constitutionibus
2188 4706 2594 4795 contrariis,
2664 4725 2810 4829 ..que
2876 4706 3082 4777 inter
3115 4707 3340 4780 virum
3414 4717 3485 4781 et

132 4832 434 4884 uxorem
491 4809 902 4883 donationes
955 4805 1106 4882 fi'eri
1156 4807 1543 4906 prohibent,
1601 4810 1984 4905 apostolico
2042 4831 2445 4884 curaremus
2500 4810 2869 4881 munimine
2922 4803 3278 4883 roborare.
3331 4808 3483 4884 Nos

112 4917 368 5010 ‚itaque
424 4911 952 4986 considerantes
1023 4921 1281 4986 attente
1349 4916 1457 4986 ius
1527 4912 1866 5009 prohibite
1939 4912 2331 4986 donationis
2401 4909 2788 4986 huiusmodi
2841 4935 2980 4986 ιιοιι
3035 4936 3294 5004 amare,
3346 4933 3490 4984 nec

132 5027 487 5114 tamquam
537 5020 720 5090 inter
774 5014 1068 5090 infestos
1119 5016 1277 5090 fore
1347 5015 1818 5109 tractandum,
1891 5015 2032 5091 sed
2070 5025 2413 5122 tamquam
2483 5018 2664 5089 inter
2713 5021 3015 5094 maximo
3074 5019 3486 5089 coniunctos

128 5119 413 5213 affectu,
470 5130 543 5193 et
594 5119 818 5194 solam
870 5122 1187 5194 timentes
1240 5123 1565 5218 inopiam,
1620 5119 1802 5216 quod
1855 5118 2171 5217 profecto
2228 5113 2328 5191 ad
2367 5116 2720 5194 donatoris
2776 5130 2847 5193 et
2900 5119 3258 5192 donatorie
3313 5131 3483 5189 rna-⁹·-

132 5224 607 5318 gnificentiam
661 5246 748 5296 ac
805 5221 967 5297 doni
1021 5226 1466 5320 exig-uitatem
1517 5234 1842 5321 respectu
1893 5222 2152 5315 habite,
2204 5223 2433 5295 locum
2485 5221 2613 5297 sibi
2667 5246 2808 5298 non
2859 5220 3240 5296 vendicat
3219 5233 3316 5291 ιιι
3342 5218 3485 5294 hoc

134 5349 357 5422 cusu,
389 5328 841 5420 donationem
894 5330 1137 5422 ipsam.
1194 5330 1375 5460 sicut
1424 5325 1595 5462 alias
1648 5326 1940 5425 provide
1995 5325 2176 5398 facta
2234 5335 2373 5460 est.
2421 5339 2637 5402 ratam
2695 5336 2764 5401 et
2798 5321 3065 5400 firmam
3117 5321 3487 5418 habentes,

336 5448 1247 5561 &immemores
1406 5477 1421 5488 ·
1710 5477 1727 5486 ·
2649 5461 2658 5468 ’
2797 5479 2816 5492 ‘
2957 5452 3059 5527 1⁰
3345 5421 3452 5492 *ἐ
