<?xml version="1.0" encoding="UTF-8"?>
<!DOCTYPE html PUBLIC "-//W3C//DTD XHTML 1.0 Transitional//EN"
    "http://www.w3.org/TR/xhtml1/DTD/xhtml1-transitional.dtd">
<html xmlns="http://www.w3.org/1999/xhtml" xml:lang="en" lang="en">
 <head>
  <title>
</title>
<meta http-equiv="Content-Type" content="text/html;charset=utf-8" />
  <meta name='ocr-system' content='tesseract 3.04.00' />
  <meta name='ocr-capabilities' content='ocr_page ocr_carea ocr_par ocr_line ocrx_word'/>
</head>
<body>
  <div class='ocr_page' id='page_1' title='image "./juraregnicroati00etcgoog/juraregnicroati00etcgoog_0401.png"; bbox 0 0 3950 5917; ppageno 0'>
   <div class='ocr_carea' id='block_1_1' title="bbox 3306 434 3462 544">
    <p class='ocr_par' dir='ltr' id='par_1_1' title="bbox 3306 434 3462 544">
     <span class='ocr_line' id='line_1_1' title="bbox 3306 434 3462 544; baseline -0.006 0"><span class='ocrx_word' id='word_1_1' title='bbox 3306 434 3462 544; x_wconf 61' lang='lat' dir='ltr'>sss·</span> 
     </span>
    </p>
   </div>
   <div class='ocr_carea' id='block_1_2' title="bbox 134 911 2625 1312">
    <p class='ocr_par' dir='ltr' id='par_1_2' title="bbox 134 911 2625 1312">
     <span class='ocr_line' id='line_1_2' title="bbox 134 911 2364 1029; baseline -0.006 0"><span class='ocrx_word' id='word_1_2' title='bbox 134 911 231 1029; x_wconf 55' lang='grc' dir='ltr'>,ζ’</span> <span class='ocrx_word' id='word_1_3' title='bbox 1016 980 1027 992; x_wconf 87' lang='lat'>-</span> <span class='ocrx_word' id='word_1_4' title='bbox 1547 930 2065 1019; x_wconf 56' lang='lat' dir='ltr'>mxxv</span> <span class='ocrx_word' id='word_1_5' title='bbox 2121 967 2144 976; x_wconf 89' lang='lat'>--</span> <span class='ocrx_word' id='word_1_6' title='bbox 2283 965 2364 972; x_wconf 91' lang='lat'>-·</span> 
     </span>
     <span class='ocr_line' id='line_1_3' title="bbox 955 1209 2625 1312; baseline -0.001 -28"><span class='ocrx_word' id='word_1_7' title='bbox 955 1211 1169 1284; x_wconf 75' lang='lat' dir='ltr'>Anno</span> <span class='ocrx_word' id='word_1_8' title='bbox 1228 1209 1270 1283; x_wconf 87' lang='lat'><em>1</em></span> <span class='ocrx_word' id='word_1_9' title='bbox 1286 1210 1468 1284; x_wconf 88' lang='grc'><strong><em>700.</em></strong></span> <span class='ocrx_word' id='word_1_10' title='bbox 1522 1211 1640 1312; x_wconf 75' lang='lat' dir='ltr'>die</span> <span class='ocrx_word' id='word_1_11' title='bbox 1694 1210 1823 1282; x_wconf 85' lang='lat'>22.</span> <span class='ocrx_word' id='word_1_12' title='bbox 1866 1211 2226 1285; x_wconf 57' lang='grc' dir='ltr'>δαῆναι-εἳ.</span> <span class='ocrx_word' id='word_1_13' title='bbox 2294 1210 2625 1284; x_wconf 68' lang='lat' dir='ltr'>Viennae.</span> 
     </span>
    </p>
   </div>
   <div class='ocr_carea' id='block_1_3' title="bbox 130 1469 3462 1991">
    <p class='ocr_par' dir='ltr' id='par_1_3' title="bbox 132 1469 3460 1593">
     <span class='ocr_line' id='line_1_4' title="bbox 132 1469 3460 1593; baseline 0.001 -42"><span class='ocrx_word' id='word_1_14' title='bbox 132 1470 707 1576; x_wconf 62' lang='lat' dir='ltr'>Leopoldun</span> <span class='ocrx_word' id='word_1_15' title='bbox 764 1469 969 1560; x_wconf 66' lang='lat' dir='ltr'>nex</span> <span class='ocrx_word' id='word_1_16' title='bbox 1026 1483 1202 1554; x_wconf 67' lang='lat' dir='ltr'>eo·</span> <span class='ocrx_word' id='word_1_17' title='bbox 1256 1469 1592 1590; x_wconf 71' lang='lat' dir='ltr'>Regni</span> <span class='ocrx_word' id='word_1_18' title='bbox 1650 1470 2208 1556; x_wconf 60' lang='lat' dir='ltr'>slavanico</span> <span class='ocrx_word' id='word_1_19' title='bbox 2264 1473 2692 1577; x_wconf 79' lang='lat' dir='ltr'>incolas,</span> <span class='ocrx_word' id='word_1_20' title='bbox 2754 1476 3068 1582; x_wconf 78' lang='lat' dir='ltr'>qui‘iu</span> <span class='ocrx_word' id='word_1_21' title='bbox 3126 1478 3460 1593; x_wconf 81' lang='lat' dir='ltr'>terris,</span> 
     </span>
    </p>

    <p class='ocr_par' dir='ltr' id='par_1_4' title="bbox 130 1603 3462 1732">
     <span class='ocr_line' id='line_1_5' title="bbox 130 1603 3462 1732; baseline 0.003 -42"><span class='ocrx_word' id='word_1_22' title='bbox 130 1631 166 1732; x_wconf 59' lang='grc' dir='ltr'>ς</span> <span class='ocrx_word' id='word_1_23' title='bbox 252 1603 790 1702; x_wconf 60' lang='lat' dir='ltr'>&#39;furcarum</span> <span class='ocrx_word' id='word_1_24' title='bbox 885 1608 1312 1716; x_wconf 80' lang='lat' dir='ltr'>dominio</span> <span class='ocrx_word' id='word_1_25' title='bbox 1406 1608 1929 1720; x_wconf 75' lang='lat' dir='ltr'>liberatis,</span> <span class='ocrx_word' id='word_1_26' title='bbox 2011 1611 2177 1724; x_wconf 80' lang='lat' dir='ltr'>jus</span> <span class='ocrx_word' id='word_1_27' title='bbox 2272 1609 2672 1722; x_wconf 80' lang='lat' dir='ltr'>aliquod</span> <span class='ocrx_word' id='word_1_28' title='bbox 2764 1613 3462 1715; x_wconf 71' lang='lat' dir='ltr'>possessioni-s</span> 
     </span>
    </p>

    <p class='ocr_par' dir='ltr' id='par_1_5' title="bbox 132 1733 3462 1991">
     <span class='ocr_line' id='line_1_6' title="bbox 132 1733 3462 1854; baseline 0.001 -28"><span class='ocrx_word' id='word_1_29' title='bbox 132 1735 855 1852; x_wconf 76' lang='lat' dir='ltr'>praetendunt,</span> <span class='ocrx_word' id='word_1_30' title='bbox 973 1743 1299 1828; x_wconf 85' lang='lat' dir='ltr'>coram</span> <span class='ocrx_word' id='word_1_31' title='bbox 1385 1733 2171 1853; x_wconf 86' lang='lat' dir='ltr'>Neoacquistica</span> <span class='ocrx_word' id='word_1_32' title='bbox 2269 1752 2976 1838; x_wconf 74' lang='lat' dir='ltr'><strong>commissione</strong></span> <span class='ocrx_word' id='word_1_33' title='bbox 3067 1768 3462 1854; x_wconf 55' lang='lat' dir='ltr'>unmanv-</span> 
     </span>
     <span class='ocr_line' id='line_1_7' title="bbox 1503 1885 2093 1991; baseline 0 -27"><span class='ocrx_word' id='word_1_34' title='bbox 1503 1909 1730 1965; x_wconf 90' lang='lat' dir='ltr'>rere</span> <span class='ocrx_word' id='word_1_35' title='bbox 1782 1885 2093 1991; x_wconf 86' lang='lat' dir='ltr'>jubet.</span> 
     </span>
    </p>
   </div>
   <div class='ocr_carea' id='block_1_4' title="bbox 130 2127 3463 2330">
    <p class='ocr_par' dir='ltr' id='par_1_6' title="bbox 130 2127 3463 2330">
     <span class='ocr_line' id='line_1_8' title="bbox 130 2127 3463 2228; baseline 0.002 -24"><span class='ocrx_word' id='word_1_36' title='bbox 130 2129 524 2226; x_wconf 87' lang='lat' dir='ltr'>Leopoldus</span> <span class='ocrx_word' id='word_1_37' title='bbox 592 2127 723 2203; x_wconf 90' lang='lat' dir='ltr'>Dei</span> <span class='ocrx_word' id='word_1_38' title='bbox 774 2133 994 2225; x_wconf 81' lang='lat' dir='ltr'>gratia</span> <span class='ocrx_word' id='word_1_39' title='bbox 1068 2131 1331 2204; x_wconf 89' lang='lat' dir='ltr'>electus</span> <span class='ocrx_word' id='word_1_40' title='bbox 1397 2128 1864 2206; x_wconf 62' lang='lat' dir='ltr'>Rom-nem</span> <span class='ocrx_word' id='word_1_41' title='bbox 1915 2128 2294 2226; x_wconf 65' lang='lat' dir='ltr'>imper-tot·</span> <span class='ocrx_word' id='word_1_42' title='bbox 2345 2151 2632 2228; x_wconf 76' lang='lat' dir='ltr'>semper</span> <span class='ocrx_word' id='word_1_43' title='bbox 2675 2131 3092 2227; x_wconf 67' lang='lat' dir='ltr'>Augustus,··</span> <span class='ocrx_word' id='word_1_44' title='bbox 3132 2155 3218 2205; x_wconf 68' lang='grc' dir='ltr'><strong><em>ω</em></strong></span> <span class='ocrx_word' id='word_1_45' title='bbox 3267 2132 3463 2210; x_wconf 62' lang='lat' dir='ltr'>Gor-⁶</span> 
     </span>
     <span class='ocr_line' id='line_1_9' title="bbox 912 2232 2679 2330; baseline 0 -24"><span class='ocrx_word' id='word_1_46' title='bbox 912 2237 1207 2325; x_wconf 84' lang='lat' dir='ltr'>maniae,</span> <span class='ocrx_word' id='word_1_47' title='bbox 1261 2233 1685 2327; x_wconf 84' lang='lat' dir='ltr'>Hungariae,</span> <span class='ocrx_word' id='word_1_48' title='bbox 1737 2232 2252 2330; x_wconf 84' lang='lat' dir='ltr'>Bobemiaeque</span> <span class='ocrx_word' id='word_1_49' title='bbox 2306 2240 2436 2309; x_wconf 76' lang='lat' dir='ltr'>dcc.</span> <span class='ocrx_word' id='word_1_50' title='bbox 2498 2236 2679 2309; x_wconf 85' lang='lat' dir='ltr'>Rex.</span> 
     </span>
    </p>
   </div>
   <div class='ocr_carea' id='block_1_5' title="bbox 126 2437 3565 4819">
    <p class='ocr_par' dir='ltr' id='par_1_7' title="bbox 126 2437 3565 3678">
     <span class='ocr_line' id='line_1_10' title="bbox 443 2437 3460 2537; baseline 0.001 -25"><span class='ocrx_word' id='word_1_51' title='bbox 443 2439 864 2530; x_wconf 83' lang='lat' dir='ltr'>Reuerendi,</span> <span class='ocrx_word' id='word_1_52' title='bbox 942 2438 1429 2528; x_wconf 88' lang='lat' dir='ltr'>Honorabiles,</span> <span class='ocrx_word' id='word_1_53' title='bbox 1509 2437 1940 2535; x_wconf 89' lang='lat' dir='ltr'>Spectabiles</span> <span class='ocrx_word' id='word_1_54' title='bbox 2023 2462 2108 2512; x_wconf 90' lang='lat' dir='ltr'>ac</span> <span class='ocrx_word' id='word_1_55' title='bbox 2187 2440 2559 2537; x_wconf 81' lang='lat' dir='ltr'>Magnifici,</span> <span class='ocrx_word' id='word_1_56' title='bbox 2638 2440 2920 2535; x_wconf 85' lang='lat' dir='ltr'>Egregij</span> <span class='ocrx_word' id='word_1_57' title='bbox 3006 2444 3071 2513; x_wconf 76' lang='lat' dir='ltr'>dc</span> <span class='ocrx_word' id='word_1_58' title='bbox 3148 2439 3460 2533; x_wconf 78' lang='lat' dir='ltr'>Nobiles,</span> 
     </span>
     <span class='ocr_line' id='line_1_11' title="bbox 130 2541 3461 2638; baseline 0.001 -22"><span class='ocrx_word' id='word_1_59' title='bbox 130 2542 515 2617; x_wconf 87' lang='lat' dir='ltr'>Prudentes</span> <span class='ocrx_word' id='word_1_60' title='bbox 568 2546 729 2616; x_wconf 89' lang='lat' dir='ltr'>item</span> <span class='ocrx_word' id='word_1_61' title='bbox 786 2567 870 2615; x_wconf 88' lang='lat' dir='ltr'>ac</span> <span class='ocrx_word' id='word_1_62' title='bbox 925 2541 1443 2637; x_wconf 74' lang='lat' dir='ltr'>circumspecti,</span> <span class='ocrx_word' id='word_1_63' title='bbox 1496 2542 1772 2616; x_wconf 82' lang='lat' dir='ltr'>Fideles</span> <span class='ocrx_word' id='word_1_64' title='bbox 1825 2542 2027 2617; x_wconf 90' lang='lat' dir='ltr'>nobis</span> <span class='ocrx_word' id='word_1_65' title='bbox 2080 2543 2330 2618; x_wconf 87' lang='lat' dir='ltr'>dilecti.</span> <span class='ocrx_word' id='word_1_66' title='bbox 2437 2543 2657 2631; x_wconf 85' lang='lat' dir='ltr'>Quum</span> <span class='ocrx_word' id='word_1_67' title='bbox 2720 2546 2899 2616; x_wconf 90' lang='lat' dir='ltr'>inter</span> <span class='ocrx_word' id='word_1_68' title='bbox 2948 2546 3253 2638; x_wconf 88' lang='lat' dir='ltr'>reliquos</span> <span class='ocrx_word' id='word_1_69' title='bbox 3308 2543 3461 2620; x_wconf 85' lang='lat' dir='ltr'>Co-</span> 
     </span>
     <span class='ocr_line' id='line_1_12' title="bbox 132 2645 3461 2741; baseline 0.001 -23"><span class='ocrx_word' id='word_1_70' title='bbox 132 2650 436 2733; x_wconf 85' lang='lat' dir='ltr'>mitatus,</span> <span class='ocrx_word' id='word_1_71' title='bbox 488 2647 779 2720; x_wconf 87' lang='lat' dir='ltr'>antehac</span> <span class='ocrx_word' id='word_1_72' title='bbox 806 2646 1048 2721; x_wconf 88' lang='lat' dir='ltr'>Turcis</span> <span class='ocrx_word' id='word_1_73' title='bbox 1103 2645 1474 2737; x_wconf 78' lang='lat' dir='ltr'>dedititios,</span> <span class='ocrx_word' id='word_1_74' title='bbox 1518 2648 1667 2741; x_wconf 78' lang='lat' dir='ltr'>jam</span> <span class='ocrx_word' id='word_1_75' title='bbox 1704 2668 1879 2726; x_wconf 81' lang='lat' dir='ltr'>vero</span> <span class='ocrx_word' id='word_1_76' title='bbox 1935 2649 2308 2726; x_wconf 82' lang='lat' dir='ltr'>auxiliante</span> <span class='ocrx_word' id='word_1_77' title='bbox 2361 2647 2545 2720; x_wconf 89' lang='lat' dir='ltr'>DEO</span> <span class='ocrx_word' id='word_1_78' title='bbox 2584 2647 2995 2721; x_wconf 79' lang='lat' dir='ltr'>victoriosis</span> <span class='ocrx_word' id='word_1_79' title='bbox 3028 2648 3264 2724; x_wconf 85' lang='lat' dir='ltr'>Armis</span> <span class='ocrx_word' id='word_1_80' title='bbox 3317 2671 3461 2722; x_wconf 88' lang='lat' dir='ltr'>no-</span> 
     </span>
     <span class='ocr_line' id='line_1_13' title="bbox 132 2748 3456 2846; baseline 0.001 -23"><span class='ocrx_word' id='word_1_81' title='bbox 132 2754 294 2823; x_wconf 84' lang='lat' dir='ltr'>stris</span> <span class='ocrx_word' id='word_1_82' title='bbox 348 2748 879 2845; x_wconf 86' lang='lat' dir='ltr'>Neoacquisitos</span> <span class='ocrx_word' id='word_1_83' title='bbox 934 2759 1004 2824; x_wconf 88' lang='lat' dir='ltr'>et</span> <span class='ocrx_word' id='word_1_84' title='bbox 1053 2760 1525 2846; x_wconf 87' lang='lat' dir='ltr'>recuperatos,</span> <span class='ocrx_word' id='word_1_85' title='bbox 1576 2748 1951 2824; x_wconf 71' lang='lat' dir='ltr'>Comitatus</span> <span class='ocrx_word' id='word_1_86' title='bbox 2024 2755 2230 2824; x_wconf 88' lang='lat' dir='ltr'>etiam</span> <span class='ocrx_word' id='word_1_87' title='bbox 2283 2755 2350 2824; x_wconf 93' lang='lat' dir='ltr'>in</span> <span class='ocrx_word' id='word_1_88' title='bbox 2403 2750 2668 2845; x_wconf 86' lang='lat' dir='ltr'>Regnis</span> <span class='ocrx_word' id='word_1_89' title='bbox 2720 2754 2976 2825; x_wconf 89' lang='lat' dir='ltr'>uostris</span> <span class='ocrx_word' id='word_1_90' title='bbox 3046 2752 3456 2843; x_wconf 75' lang='lat' dir='ltr'>Dalmatiae,</span> 
     </span>
     <span class='ocr_line' id='line_1_14' title="bbox 133 2850 3463 2950; baseline 0.001 -24"><span class='ocrx_word' id='word_1_91' title='bbox 133 2850 459 2928; x_wconf 79' lang='lat' dir='ltr'>Oroatiae</span> <span class='ocrx_word' id='word_1_92' title='bbox 513 2857 578 2926; x_wconf 76' lang='lat' dir='ltr'>dc</span> <span class='ocrx_word' id='word_1_93' title='bbox 631 2854 1051 2928; x_wconf 87' lang='lat' dir='ltr'>Sclavoniae</span> <span class='ocrx_word' id='word_1_94' title='bbox 1123 2856 1373 2945; x_wconf 82' lang='lat' dir='ltr'>situati,</span> <span class='ocrx_word' id='word_1_95' title='bbox 1448 2856 1801 2949; x_wconf 82' lang='lat' dir='ltr'>signanter</span> <span class='ocrx_word' id='word_1_96' title='bbox 1870 2864 2095 2928; x_wconf 90' lang='lat' dir='ltr'>autem</span> <span class='ocrx_word' id='word_1_97' title='bbox 2171 2853 2594 2944; x_wconf 76' lang='lat' dir='ltr'>sirmiensis,</span> <span class='ocrx_word' id='word_1_98' title='bbox 2665 2853 3227 2950; x_wconf 86' lang='lat' dir='ltr'>Poseghaiensis,</span> <span class='ocrx_word' id='word_1_99' title='bbox 3280 2855 3463 2929; x_wconf 90' lang='lat' dir='ltr'>Val-</span> 
     </span>
     <span class='ocr_line' id='line_1_15' title="bbox 127 2953 3465 3054; baseline 0.001 -26"><span class='ocrx_word' id='word_1_100' title='bbox 127 2956 475 3048; x_wconf 82' lang='lat' dir='ltr'>koiensis,</span> <span class='ocrx_word' id='word_1_101' title='bbox 546 2953 942 3047; x_wconf 81' lang='lat' dir='ltr'>Crisiensis,</span> <span class='ocrx_word' id='word_1_102' title='bbox 997 2954 1614 3047; x_wconf 85' lang='lat' dir='ltr'>Verouiticzensis,</span> <span class='ocrx_word' id='word_1_103' title='bbox 1688 2955 2177 3031; x_wconf 81' lang='lat' dir='ltr'>corhauiensis</span> <span class='ocrx_word' id='word_1_104' title='bbox 2233 2964 2297 3031; x_wconf 75' lang='lat' dir='ltr'>dc</span> <span class='ocrx_word' id='word_1_105' title='bbox 2350 2957 2692 3047; x_wconf 88' lang='lat' dir='ltr'>Likensis,</span> <span class='ocrx_word' id='word_1_106' title='bbox 2763 2961 2833 3031; x_wconf 89' lang='lat' dir='ltr'>in</span> <span class='ocrx_word' id='word_1_107' title='bbox 2887 2969 3207 3054; x_wconf 88' lang='lat' dir='ltr'>quantum</span> <span class='ocrx_word' id='word_1_108' title='bbox 3257 2957 3465 3033; x_wconf 91' lang='lat' dir='ltr'>Neo-</span> 
     </span>
     <span class='ocr_line' id='line_1_16' title="bbox 129 3059 3468 3157; baseline 0.001 -24"><span class='ocrx_word' id='word_1_109' title='bbox 129 3062 451 3157; x_wconf 81' lang='lat' dir='ltr'>acquisiti</span> <span class='ocrx_word' id='word_1_110' title='bbox 502 3073 764 3152; x_wconf 87' lang='lat' dir='ltr'>essent,</span> <span class='ocrx_word' id='word_1_111' title='bbox 819 3086 862 3134; x_wconf 92' lang='lat' dir='ltr'>e</span> <span class='ocrx_word' id='word_1_112' title='bbox 904 3062 1081 3155; x_wconf 83' lang='lat' dir='ltr'>jugo</span> <span class='ocrx_word' id='word_1_113' title='bbox 1132 3060 1424 3134; x_wconf 88' lang='lat' dir='ltr'>Turcico</span> <span class='ocrx_word' id='word_1_114' title='bbox 1480 3059 1791 3135; x_wconf 87' lang='lat' dir='ltr'>eliberati</span> <span class='ocrx_word' id='word_1_115' title='bbox 1842 3064 2258 3150; x_wconf 81' lang='lat' dir='ltr'>extitissent,</span> <span class='ocrx_word' id='word_1_116' title='bbox 2310 3062 2603 3154; x_wconf 88' lang='lat' dir='ltr'>alijsque</span> <span class='ocrx_word' id='word_1_117' title='bbox 2655 3065 2726 3134; x_wconf 90' lang='lat' dir='ltr'>iu</span> <span class='ocrx_word' id='word_1_118' title='bbox 2783 3061 3112 3137; x_wconf 88' lang='lat' dir='ltr'>similibus</span> <span class='ocrx_word' id='word_1_119' title='bbox 3151 3061 3468 3137; x_wconf 87' lang='lat' dir='ltr'>Comita-</span> 
     </span>
     <span class='ocr_line' id='line_1_17' title="bbox 126 3162 3476 3262; baseline 0.001 -25"><span class='ocrx_word' id='word_1_120' title='bbox 126 3163 314 3248; x_wconf 75' lang='lat' dir='ltr'>tibus</span> <span class='ocrx_word' id='word_1_121' title='bbox 367 3162 562 3240; x_wconf 89' lang='lat' dir='ltr'>Bona</span> <span class='ocrx_word' id='word_1_122' title='bbox 613 3164 1052 3260; x_wconf 74' lang='lat' dir='ltr'>possidentes</span> <span class='ocrx_word' id='word_1_123' title='bbox 1106 3168 1171 3237; x_wconf 71' lang='lat' dir='ltr'>dc</span> <span class='ocrx_word' id='word_1_124' title='bbox 1224 3164 1753 3262; x_wconf 73' lang='lat' dir='ltr'>praetendentes</span> <span class='ocrx_word' id='word_1_125' title='bbox 1808 3187 2044 3238; x_wconf 89' lang='lat' dir='ltr'>coram</span> <span class='ocrx_word' id='word_1_126' title='bbox 2100 3162 2606 3242; x_wconf 73' lang='lat' dir='ltr'>commissione</span> <span class='ocrx_word' id='word_1_127' title='bbox 2659 3175 2894 3240; x_wconf 84' lang='lat' dir='ltr'>nostra</span> <span class='ocrx_word' id='word_1_128' title='bbox 2947 3169 3020 3238; x_wconf 76' lang='lat' dir='ltr'>in</span> <span class='ocrx_word' id='word_1_129' title='bbox 3069 3166 3257 3238; x_wconf 71' lang='lat' dir='ltr'>facto</span> <span class='ocrx_word' id='word_1_130' title='bbox 3311 3166 3476 3240; x_wconf 56' lang='lat' dir='ltr'>Boz-</span> 
     </span>
     <span class='ocr_line' id='line_1_18' title="bbox 127 3265 3463 3368; baseline 0 -28"><span class='ocrx_word' id='word_1_131' title='bbox 127 3289 381 3341; x_wconf 85' lang='lat' dir='ltr'>norum</span> <span class='ocrx_word' id='word_1_132' title='bbox 436 3271 501 3339; x_wconf 80' lang='lat' dir='ltr'>dc</span> <span class='ocrx_word' id='word_1_133' title='bbox 551 3267 895 3341; x_wconf 82' lang='lat' dir='ltr'>Locorum</span> <span class='ocrx_word' id='word_1_134' title='bbox 947 3265 1615 3366; x_wconf 83' lang='lat' dir='ltr'>Neoacquisitorum,</span> <span class='ocrx_word' id='word_1_135' title='bbox 1685 3267 2194 3368; x_wconf 83' lang='lat' dir='ltr'>Titulorumque</span> <span class='ocrx_word' id='word_1_136' title='bbox 2263 3269 2746 3344; x_wconf 88' lang='lat' dir='ltr'>Possessionis</span> <span class='ocrx_word' id='word_1_137' title='bbox 2802 3278 3087 3341; x_wconf 80' lang='lat' dir='ltr'>eatenus</span> <span class='ocrx_word' id='word_1_138' title='bbox 3138 3267 3463 3341; x_wconf 90' lang='lat' dir='ltr'>edendo-</span> 
     </span>
     <span class='ocr_line' id='line_1_19' title="bbox 130 3369 3467 3467; baseline 0.001 -23"><span class='ocrx_word' id='word_1_139' title='bbox 130 3394 283 3444; x_wconf 87' lang='lat' dir='ltr'>rum</span> <span class='ocrx_word' id='word_1_140' title='bbox 343 3393 471 3444; x_wconf 92' lang='lat' dir='ltr'>seu</span> <span class='ocrx_word' id='word_1_141' title='bbox 522 3370 1089 3467; x_wconf 86' lang='lat' dir='ltr'>liquidandorum,</span> <span class='ocrx_word' id='word_1_142' title='bbox 1144 3371 1255 3444; x_wconf 90' lang='lat' dir='ltr'>hic</span> <span class='ocrx_word' id='word_1_143' title='bbox 1306 3370 1621 3445; x_wconf 87' lang='lat' dir='ltr'>Viennae</span> <span class='ocrx_word' id='word_1_144' title='bbox 1664 3371 2003 3462; x_wconf 76' lang='lat' dir='ltr'>instituta,</span> <span class='ocrx_word' id='word_1_145' title='bbox 2055 3375 2124 3443; x_wconf 91' lang='lat' dir='ltr'>in</span> <span class='ocrx_word' id='word_1_146' title='bbox 2177 3369 2516 3447; x_wconf 86' lang='lat' dir='ltr'>Terminis</span> <span class='ocrx_word' id='word_1_147' title='bbox 2569 3372 2812 3445; x_wconf 90' lang='lat' dir='ltr'>iisdem</span> <span class='ocrx_word' id='word_1_148' title='bbox 2867 3369 3204 3444; x_wconf 83' lang='lat' dir='ltr'>Praefixis</span> <span class='ocrx_word' id='word_1_149' title='bbox 3259 3393 3467 3446; x_wconf 90' lang='lat' dir='ltr'>com-</span> 
     </span>
     <span class='ocr_line' id='line_1_20' title="bbox 128 3471 3565 3570; baseline 0.001 -23"><span class='ocrx_word' id='word_1_150' title='bbox 128 3483 534 3570; x_wconf 80' lang='lat' dir='ltr'>paruerunt,</span> <span class='ocrx_word' id='word_1_151' title='bbox 607 3485 682 3548; x_wconf 87' lang='lat' dir='ltr'>et</span> <span class='ocrx_word' id='word_1_152' title='bbox 730 3475 863 3549; x_wconf 81' lang='lat' dir='ltr'>soli</span> <span class='ocrx_word' id='word_1_153' title='bbox 912 3477 985 3547; x_wconf 88' lang='lat' dir='ltr'>in</span> <span class='ocrx_word' id='word_1_154' title='bbox 1038 3478 1306 3548; x_wconf 85' lang='lat' dir='ltr'>attactis</span> <span class='ocrx_word' id='word_1_155' title='bbox 1377 3472 1827 3548; x_wconf 85' lang='lat' dir='ltr'>Comitatibus</span> <span class='ocrx_word' id='word_1_156' title='bbox 1890 3474 2184 3570; x_wconf 85' lang='lat' dir='ltr'>praefati</span> <span class='ocrx_word' id='word_1_157' title='bbox 2248 3472 2477 3569; x_wconf 85' lang='lat' dir='ltr'>Regni</span> <span class='ocrx_word' id='word_1_158' title='bbox 2530 3478 2748 3547; x_wconf 88' lang='lat' dir='ltr'>nostri</span> <span class='ocrx_word' id='word_1_159' title='bbox 2800 3471 3219 3547; x_wconf 83' lang='lat' dir='ltr'>Sclavoniae</span> <span class='ocrx_word' id='word_1_160' title='bbox 3269 3471 3466 3549; x_wconf 75' lang='lat' dir='ltr'>Bona</span> <span class='ocrx_word' id='word_1_161' title='bbox 3560 3518 3565 3523; x_wconf 93' lang='lat'><em>·</em></span> 
     </span>
     <span class='ocr_line' id='line_1_21' title="bbox 126 3577 3148 3678; baseline -0.003 -22"><span class='ocrx_word' id='word_1_162' title='bbox 126 3587 457 3658; x_wconf 77' lang='lat' dir='ltr'>tenentes</span> <span class='ocrx_word' id='word_1_163' title='bbox 510 3582 576 3651; x_wconf 59' lang='grc' dir='ltr'>ὠ</span> <span class='ocrx_word' id='word_1_164' title='bbox 620 3577 1154 3678; x_wconf 86' lang='lat' dir='ltr'>praetendentes</span> <span class='ocrx_word' id='word_1_165' title='bbox 1208 3579 1298 3654; x_wconf 78' lang='lat' dir='ltr'>ad</span> <span class='ocrx_word' id='word_1_166' title='bbox 1348 3578 1661 3658; x_wconf 87' lang='lat' dir='ltr'>edendos</span> <span class='ocrx_word' id='word_1_167' title='bbox 1710 3577 2200 3658; x_wconf 72' lang='lat' dir='ltr'>PossessIouis</span> <span class='ocrx_word' id='word_1_168' title='bbox 2248 3599 2416 3652; x_wconf 74' lang='lat' dir='ltr'>suae</span> <span class='ocrx_word' id='word_1_169' title='bbox 2470 3577 2734 3652; x_wconf 74' lang='lat' dir='ltr'>Titldos</span> <span class='ocrx_word' id='word_1_170' title='bbox 2785 3587 3148 3651; x_wconf 84' lang='lat' dir='ltr'>restarent.</span> 
     </span>
    </p>

    <p class='ocr_par' dir='ltr' id='par_1_8' title="bbox 126 3679 3480 4819">
     <span class='ocr_line' id='line_1_22' title="bbox 449 3679 3468 3780; baseline 0.001 -27"><span class='ocrx_word' id='word_1_171' title='bbox 449 3680 835 3780; x_wconf 90' lang='lat' dir='ltr'>Eapropter</span> <span class='ocrx_word' id='word_1_172' title='bbox 883 3680 1350 3756; x_wconf 88' lang='lat' dir='ltr'>Fidelitatibus</span> <span class='ocrx_word' id='word_1_173' title='bbox 1400 3683 1674 3756; x_wconf 90' lang='lat' dir='ltr'>Vestris</span> <span class='ocrx_word' id='word_1_174' title='bbox 1728 3686 1915 3757; x_wconf 86' lang='lat' dir='ltr'>serio</span> <span class='ocrx_word' id='word_1_175' title='bbox 1969 3706 2055 3757; x_wconf 83' lang='lat' dir='ltr'>ac</span> <span class='ocrx_word' id='word_1_176' title='bbox 2111 3681 2387 3754; x_wconf 86' lang='lat' dir='ltr'>firmiter</span> <span class='ocrx_word' id='word_1_177' title='bbox 2438 3679 2923 3779; x_wconf 85' lang='lat' dir='ltr'>praecipiendo</span> <span class='ocrx_word' id='word_1_178' title='bbox 2987 3683 3468 3756; x_wconf 79' lang='lat' dir='ltr'>committimus</span> 
     </span>
     <span class='ocr_line' id='line_1_23' title="bbox 126 3784 3466 3882; baseline -0.001 -22"><span class='ocrx_word' id='word_1_179' title='bbox 126 3796 199 3860; x_wconf 84' lang='lat' dir='ltr'>et</span> <span class='ocrx_word' id='word_1_180' title='bbox 258 3784 690 3871; x_wconf 84' lang='lat' dir='ltr'>mandamus,</span> <span class='ocrx_word' id='word_1_181' title='bbox 745 3794 1078 3881; x_wconf 88' lang='lat' dir='ltr'>quatenus</span> <span class='ocrx_word' id='word_1_182' title='bbox 1132 3788 1438 3882; x_wconf 91' lang='lat' dir='ltr'>acceptis</span> <span class='ocrx_word' id='word_1_183' title='bbox 1491 3786 1995 3882; x_wconf 89' lang='lat' dir='ltr'>praesentibus,</span> <span class='ocrx_word' id='word_1_184' title='bbox 2050 3790 2418 3860; x_wconf 85' lang='lat' dir='ltr'>universos</span> <span class='ocrx_word' id='word_1_185' title='bbox 2474 3795 2545 3857; x_wconf 92' lang='lat' dir='ltr'>et</span> <span class='ocrx_word' id='word_1_186' title='bbox 2597 3784 2936 3875; x_wconf 78' lang='lat' dir='ltr'>singulos,</span> <span class='ocrx_word' id='word_1_187' title='bbox 2991 3806 3466 3878; x_wconf 79' lang='lat' dir='ltr'>quorumcun-</span> 
     </span>
     <span class='ocr_line' id='line_1_24' title="bbox 126 3887 3471 3987; baseline -0 -25"><span class='ocrx_word' id='word_1_188' title='bbox 126 3911 271 3986; x_wconf 83' lang='lat' dir='ltr'>que</span> <span class='ocrx_word' id='word_1_189' title='bbox 325 3888 676 3963; x_wconf 86' lang='lat' dir='ltr'>Bonorum</span> <span class='ocrx_word' id='word_1_190' title='bbox 726 3893 794 3964; x_wconf 90' lang='lat' dir='ltr'>iu</span> <span class='ocrx_word' id='word_1_191' title='bbox 843 3892 1375 3987; x_wconf 88' lang='lat' dir='ltr'>praenominatis</span> <span class='ocrx_word' id='word_1_192' title='bbox 1431 3887 1872 3966; x_wconf 76' lang='lat' dir='ltr'>eomitatibus</span> <span class='ocrx_word' id='word_1_193' title='bbox 1927 3894 2183 3963; x_wconf 88' lang='lat' dir='ltr'>nostris</span> <span class='ocrx_word' id='word_1_194' title='bbox 2240 3894 2642 3964; x_wconf 87' lang='lat' dir='ltr'>situatorum</span> <span class='ocrx_word' id='word_1_195' title='bbox 2690 3888 3185 3977; x_wconf 86' lang='lat' dir='ltr'>Possessores,</span> <span class='ocrx_word' id='word_1_196' title='bbox 3249 3891 3471 3983; x_wconf 91' lang='lat' dir='ltr'>primo</span> 
     </span>
     <span class='ocr_line' id='line_1_25' title="bbox 126 3990 3473 4090; baseline 0 -26"><span class='ocrx_word' id='word_1_197' title='bbox 126 4013 413 4089; x_wconf 83' lang='lat' dir='ltr'>quoque</span> <span class='ocrx_word' id='word_1_198' title='bbox 466 4000 778 4090; x_wconf 85' lang='lat' dir='ltr'>tempore</span> <span class='ocrx_word' id='word_1_199' title='bbox 833 3995 1019 4067; x_wconf 87' lang='lat' dir='ltr'>serio</span> <span class='ocrx_word' id='word_1_200' title='bbox 1059 4003 1128 4065; x_wconf 89' lang='lat' dir='ltr'>et</span> <span class='ocrx_word' id='word_1_201' title='bbox 1161 3995 1541 4089; x_wconf 84' lang='lat' dir='ltr'>peremtive</span> <span class='ocrx_word' id='word_1_202' title='bbox 1596 3991 2051 4083; x_wconf 88' lang='lat' dir='ltr'>admoneatis,</span> <span class='ocrx_word' id='word_1_203' title='bbox 2103 4002 2176 4065; x_wconf 91' lang='lat' dir='ltr'>ut</span> <span class='ocrx_word' id='word_1_204' title='bbox 2227 4016 2353 4089; x_wconf 89' lang='lat' dir='ltr'>pro</span> <span class='ocrx_word' id='word_1_205' title='bbox 2400 3992 2512 4066; x_wconf 91' lang='lat' dir='ltr'>die</span> <span class='ocrx_word' id='word_1_206' title='bbox 2567 3992 2870 4067; x_wconf 87' lang='lat' dir='ltr'>secunda</span> <span class='ocrx_word' id='word_1_207' title='bbox 2923 4001 2992 4064; x_wconf 91' lang='lat' dir='ltr'>et</span> <span class='ocrx_word' id='word_1_208' title='bbox 3027 3990 3473 4088; x_wconf 80' lang='lat' dir='ltr'>subsequen-</span> 
     </span>
     <span class='ocr_line' id='line_1_26' title="bbox 128 4092 3472 4189; baseline 0.001 -22"><span class='ocrx_word' id='word_1_209' title='bbox 128 4095 319 4168; x_wconf 83' lang='lat' dir='ltr'>tibus</span> <span class='ocrx_word' id='word_1_210' title='bbox 391 4096 658 4169; x_wconf 80' lang='lat' dir='ltr'>afl’uturi</span> <span class='ocrx_word' id='word_1_211' title='bbox 708 4095 971 4171; x_wconf 83' lang='lat' dir='ltr'>Mensis</span> <span class='ocrx_word' id='word_1_212' title='bbox 1026 4093 1187 4189; x_wconf 76' lang='lat' dir='ltr'>Mai]</span> <span class='ocrx_word' id='word_1_213' title='bbox 1261 4119 1416 4169; x_wconf 91' lang='lat' dir='ltr'>cum</span> <span class='ocrx_word' id='word_1_214' title='bbox 1484 4095 1886 4169; x_wconf 87' lang='lat' dir='ltr'>Literalibus</span> <span class='ocrx_word' id='word_1_215' title='bbox 1958 4096 2430 4171; x_wconf 84' lang='lat' dir='ltr'>Instrumentis</span> <span class='ocrx_word' id='word_1_216' title='bbox 2485 4105 2557 4169; x_wconf 90' lang='lat' dir='ltr'>et</span> <span class='ocrx_word' id='word_1_217' title='bbox 2606 4097 3055 4170; x_wconf 87' lang='lat' dir='ltr'>Documentis</span> <span class='ocrx_word' id='word_1_218' title='bbox 3127 4098 3269 4170; x_wconf 88' lang='lat' dir='ltr'>suis</span> <span class='ocrx_word' id='word_1_219' title='bbox 3342 4092 3472 4170; x_wconf 89' lang='lat' dir='ltr'>sub</span> 
     </span>
     <span class='ocr_line' id='line_1_27' title="bbox 128 4197 3480 4298; baseline 0.001 -25"><span class='ocrx_word' id='word_1_220' title='bbox 128 4200 379 4273; x_wconf 81' lang='lat' dir='ltr'>Poena</span> <span class='ocrx_word' id='word_1_221' title='bbox 432 4197 922 4274; x_wconf 76' lang='lat' dir='ltr'>contumaciae</span> <span class='ocrx_word' id='word_1_222' title='bbox 957 4209 1050 4273; x_wconf 78' lang='lat' dir='ltr'>‘et</span> <span class='ocrx_word' id='word_1_223' title='bbox 1099 4203 1407 4298; x_wconf 89' lang='lat' dir='ltr'>perpetui</span> <span class='ocrx_word' id='word_1_224' title='bbox 1477 4199 1742 4274; x_wconf 89' lang='lat' dir='ltr'>Silentii</span> <span class='ocrx_word' id='word_1_225' title='bbox 1814 4222 2051 4274; x_wconf 86' lang='lat' dir='ltr'>coram</span> <span class='ocrx_word' id='word_1_226' title='bbox 2123 4200 2431 4296; x_wconf 82' lang='lat' dir='ltr'>praefata</span> <span class='ocrx_word' id='word_1_227' title='bbox 2515 4199 3020 4275; x_wconf 87' lang='lat' dir='ltr'>Commissione</span> <span class='ocrx_word' id='word_1_228' title='bbox 3090 4208 3330 4273; x_wconf 87' lang='lat' dir='ltr'>nostra</span> <span class='ocrx_word' id='word_1_229' title='bbox 3384 4197 3480 4276; x_wconf 80' lang='lat' dir='ltr'>ad</span> 
     </span>
     <span class='ocr_line' id='line_1_28' title="bbox 130 4299 3479 4401; baseline 0.001 -24"><span class='ocrx_word' id='word_1_230' title='bbox 130 4302 455 4377; x_wconf 86' lang='lat' dir='ltr'>edendos</span> <span class='ocrx_word' id='word_1_231' title='bbox 509 4326 637 4378; x_wconf 89' lang='lat' dir='ltr'>seu</span> <span class='ocrx_word' id='word_1_232' title='bbox 691 4302 1237 4401; x_wconf 85' lang='lat' dir='ltr'>comprabandos</span> <span class='ocrx_word' id='word_1_233' title='bbox 1289 4303 1767 4378; x_wconf 63' lang='lat' dir='ltr'>P‘ossessionis</span> <span class='ocrx_word' id='word_1_234' title='bbox 1822 4327 1993 4380; x_wconf 92' lang='lat' dir='ltr'>suae</span> <span class='ocrx_word' id='word_1_235' title='bbox 2045 4305 2306 4378; x_wconf 89' lang='lat' dir='ltr'>Titulos</span> <span class='ocrx_word' id='word_1_236' title='bbox 2358 4299 2800 4377; x_wconf 75' lang='lat' dir='ltr'>infallibiliter</span> <span class='ocrx_word' id='word_1_237' title='bbox 2846 4303 2967 4377; x_wconf 84' lang='lat' dir='ltr'>vel</span> <span class='ocrx_word' id='word_1_238' title='bbox 3017 4324 3143 4398; x_wconf 89' lang='lat' dir='ltr'>per</span> <span class='ocrx_word' id='word_1_239' title='bbox 3195 4324 3303 4391; x_wconf 85' lang='lat' dir='ltr'>se,</span> <span class='ocrx_word' id='word_1_240' title='bbox 3354 4301 3479 4379; x_wconf 84' lang='lat' dir='ltr'>vel</span> 
     </span>
     <span class='ocr_line' id='line_1_29' title="bbox 128 4405 3476 4507; baseline 0.001 -28"><span class='ocrx_word' id='word_1_241' title='bbox 128 4430 267 4504; x_wconf 85' lang='lat' dir='ltr'>per</span> <span class='ocrx_word' id='word_1_242' title='bbox 319 4417 553 4482; x_wconf 83' lang='lat' dir='ltr'>certos</span> <span class='ocrx_word' id='word_1_243' title='bbox 604 4407 1071 4482; x_wconf 83' lang='lat' dir='ltr'>Mandatorios</span> <span class='ocrx_word' id='word_1_244' title='bbox 1126 4430 1292 4483; x_wconf 87' lang='lat' dir='ltr'>suos</span> <span class='ocrx_word' id='word_1_245' title='bbox 1346 4430 1751 4507; x_wconf 84' lang='lat' dir='ltr'>comparere</span> <span class='ocrx_word' id='word_1_246' title='bbox 1803 4411 2121 4482; x_wconf 87' lang='lat' dir='ltr'>nouerint</span> <span class='ocrx_word' id='word_1_247' title='bbox 2173 4432 2258 4481; x_wconf 87' lang='lat' dir='ltr'>ac</span> <span class='ocrx_word' id='word_1_248' title='bbox 2297 4406 2614 4481; x_wconf 88' lang='lat' dir='ltr'>debeant.</span> <span class='ocrx_word' id='word_1_249' title='bbox 2678 4405 2920 4503; x_wconf 84' lang='lat' dir='ltr'>Neque</span> <span class='ocrx_word' id='word_1_250' title='bbox 2959 4429 3167 4482; x_wconf 89' lang='lat' dir='ltr'>secus</span> <span class='ocrx_word' id='word_1_251' title='bbox 3205 4405 3476 4481; x_wconf 82' lang='lat' dir='ltr'>facturi.</span> 
     </span>
     <span class='ocr_line' id='line_1_30' title="bbox 130 4509 3475 4616; baseline 0.001 -34"><span class='ocrx_word' id='word_1_252' title='bbox 130 4510 364 4616; x_wconf 65' lang='lat' dir='ltr'>Vobis</span> <span class='ocrx_word' id='word_1_253' title='bbox 434 4515 504 4586; x_wconf 90' lang='lat' dir='ltr'>in</span> <span class='ocrx_word' id='word_1_254' title='bbox 572 4513 837 4609; x_wconf 87' lang='lat' dir='ltr'>reliquo</span> <span class='ocrx_word' id='word_1_255' title='bbox 911 4509 1145 4586; x_wconf 84' lang='lat' dir='ltr'>Gratia</span> <span class='ocrx_word' id='word_1_256' title='bbox 1219 4521 1456 4588; x_wconf 87' lang='lat' dir='ltr'>nostra</span> <span class='ocrx_word' id='word_1_257' title='bbox 1527 4511 2156 4608; x_wconf 84' lang='lat' dir='ltr'>Caesareo-Regia</span> <span class='ocrx_word' id='word_1_258' title='bbox 2220 4514 2479 4607; x_wconf 84' lang='lat' dir='ltr'>jugiter</span> <span class='ocrx_word' id='word_1_259' title='bbox 2546 4512 2843 4607; x_wconf 86' lang='lat' dir='ltr'>benigue</span> <span class='ocrx_word' id='word_1_260' title='bbox 2913 4513 3240 4607; x_wconf 90' lang='lat' dir='ltr'>propensi</span> <span class='ocrx_word' id='word_1_261' title='bbox 3311 4532 3475 4584; x_wconf 82' lang='lat' dir='ltr'>ma-</span> 
     </span>
     <span class='ocr_line' id='line_1_31' title="bbox 126 4612 3476 4712; baseline 0.001 -26"><span class='ocrx_word' id='word_1_262' title='bbox 126 4624 411 4688; x_wconf 82' lang='lat' dir='ltr'>nentes.</span> <span class='ocrx_word' id='word_1_263' title='bbox 503 4613 745 4691; x_wconf 89' lang='lat' dir='ltr'>Datum</span> <span class='ocrx_word' id='word_1_264' title='bbox 802 4620 869 4690; x_wconf 89' lang='lat' dir='ltr'>in</span> <span class='ocrx_word' id='word_1_265' title='bbox 928 4614 1217 4689; x_wconf 89' lang='lat' dir='ltr'>Ciuitate</span> <span class='ocrx_word' id='word_1_266' title='bbox 1268 4625 1507 4691; x_wconf 87' lang='lat' dir='ltr'>nostra</span> <span class='ocrx_word' id='word_1_267' title='bbox 1558 4616 1829 4689; x_wconf 87' lang='lat' dir='ltr'>Vienna</span> <span class='ocrx_word' id='word_1_268' title='bbox 1882 4617 2239 4710; x_wconf 83' lang='lat' dir='ltr'>Austriae,</span> <span class='ocrx_word' id='word_1_269' title='bbox 2293 4615 2403 4690; x_wconf 90' lang='lat' dir='ltr'>die</span> <span class='ocrx_word' id='word_1_270' title='bbox 2455 4618 2798 4712; x_wconf 79' lang='lat' dir='ltr'>vigesima</span> <span class='ocrx_word' id='word_1_271' title='bbox 2853 4614 3158 4689; x_wconf 86' lang='lat' dir='ltr'>secunda</span> <span class='ocrx_word' id='word_1_272' title='bbox 3209 4612 3476 4691; x_wconf 72' lang='lat' dir='ltr'>Mensis</span> 
     </span>
     <span class='ocr_line' id='line_1_32' title="bbox 126 4718 2170 4819; baseline 0.001 -29"><span class='ocrx_word' id='word_1_273' title='bbox 126 4718 473 4813; x_wconf 68' lang='lat' dir='ltr'>Ianuarii,</span> <span class='ocrx_word' id='word_1_274' title='bbox 524 4719 730 4795; x_wconf 77' lang='lat' dir='ltr'>Anno</span> <span class='ocrx_word' id='word_1_275' title='bbox 785 4718 1060 4794; x_wconf 90' lang='lat' dir='ltr'>Domini</span> <span class='ocrx_word' id='word_1_276' title='bbox 1111 4719 1475 4795; x_wconf 73' lang='lat' dir='ltr'>millesimo</span> <span class='ocrx_word' id='word_1_277' title='bbox 1531 4724 2170 4819; x_wconf 85' lang='lat' dir='ltr'>septingentesimo.</span> 
     </span>
    </p>
   </div>
   <div class='ocr_carea' id='block_1_6' title="bbox 453 4925 1182 5025">
    <p class='ocr_par' dir='ltr' id='par_1_9' title="bbox 453 4925 1182 5025">
     <span class='ocr_line' id='line_1_33' title="bbox 453 4925 1182 5025; baseline 0.007 -26"><span class='ocrx_word' id='word_1_278' title='bbox 453 4925 919 5025; x_wconf 87' lang='lat' dir='ltr'>Leopoldus</span> <span class='ocrx_word' id='word_1_279' title='bbox 972 4950 1063 5004; x_wconf 85' lang='lat' dir='ltr'>m.</span> <span class='ocrx_word' id='word_1_280' title='bbox 1111 4948 1182 5024; x_wconf 87' lang='lat' dir='ltr'>p.</span> 
     </span>
    </p>
   </div>
   <div class='ocr_carea' id='block_1_7' title="bbox 2051 5103 3272 5321">
    <p class='ocr_par' dir='ltr' id='par_1_10' title="bbox 2051 5103 3272 5321">
     <span class='ocr_line' id='line_1_34' title="bbox 2051 5103 3272 5205; baseline -0.004 -21"><span class='ocrx_word' id='word_1_281' title='bbox 2051 5107 2409 5184; x_wconf 61' lang='lat' dir='ltr'>Lauiniam</span> <span class='ocrx_word' id='word_1_282' title='bbox 2461 5103 3010 5204; x_wconf 68' lang='lat' dir='ltr'>ffltydssovsky</span> <span class='ocrx_word' id='word_1_283' title='bbox 3059 5127 3149 5179; x_wconf 86' lang='lat' dir='ltr'>m.</span> <span class='ocrx_word' id='word_1_284' title='bbox 3201 5127 3272 5205; x_wconf 80' lang='lat' dir='ltr'>p.</span> 
     </span>
     <span class='ocr_line' id='line_1_35' title="bbox 2335 5247 2954 5321; baseline 0.008 -18"><span class='ocrx_word' id='word_1_285' title='bbox 2335 5247 2632 5321; x_wconf 70' lang='lat' dir='ltr'>Epiueopu·</span> <span class='ocrx_word' id='word_1_286' title='bbox 2665 5247 2954 5308; x_wconf 64' lang='lat' dir='ltr'>merim</span> 
     </span>
    </p>
   </div>
   <div class='ocr_carea' id='block_1_8' title="bbox 2147 5422 3192 5526">
    <p class='ocr_par' dir='ltr' id='par_1_11' title="bbox 2147 5422 3192 5526">
     <span class='ocr_line' id='line_1_36' title="bbox 2147 5422 3192 5526; baseline -0.001 -25"><span class='ocrx_word' id='word_1_287' title='bbox 2147 5423 2561 5502; x_wconf 79' lang='lat' dir='ltr'>Franciscus</span> <span class='ocrx_word' id='word_1_288' title='bbox 2614 5422 2934 5526; x_wconf 72' lang='lat' dir='ltr'>Somogy</span> <span class='ocrx_word' id='word_1_289' title='bbox 2981 5445 3071 5502; x_wconf 85' lang='lat' dir='ltr'>m.</span> <span class='ocrx_word' id='word_1_290' title='bbox 3126 5448 3192 5525; x_wconf 87' lang='lat' dir='ltr'>p.</span> 
     </span>
    </p>
   </div>
  </div>
 </body>
</html>
