3950 5917
454 484 556 558 62

453 678 1019 784 Zassrabiensem,
1075 696 1145 760 et
1196 685 1352 760 aule
1406 677 1603 782 regie
1655 649 1893 782 nostre
1950 647 2457 761 cancellarium.
2564 688 2774 762 Anno
2830 683 2915 761 ab
2968 681 3454 778 incarnacione
3501 671 3816 763 domini..

444 784 817 867 Millesimo
870 791 1340 865 ducentesimo
1395 788 1943 888 quadragesimo.

454 995 722 1067 Originalc
757 996 811 1048 in
845 994 1093 1048 Archivio
1128 994 1298 1065 Regni
1334 991 1570 1046 creati-e
1603 992 1666 1045 lt.
1699 992 1762 1045 R.
1796 993 1861 1046 A.
1901 993 2055 1049 1531.
2087 992 2210 1047 Νη.
2246 991 2298 1048 8.

449 1169 944 1250 (Co-firmana
1003 1178 1101 1233 cst
1138 1168 1307 1232 idom
1352 1166 1656 1248 Diplona
1696 1185 1744 1231 a
1785 1165 1952 1247 Περι
1994 1165 2153 1231 Belo
2196 1165 2301 1231 17.
2356 1185 2402 1230 a
2468 1165 2662 1244 1242,
2705 1184 2750 1230 a
2789 1165 3110 1248 Stephano
3160 1165 3223 1231 V.
3255 1179 3432 1231 anno
3480 1165 3680 1246 1271,
3731 1169 3816 1229 a

1697 1270 2005 1334 Ladislm
2046 1269 2082 1334 1
2091 1268 2151 1336 V.
2195 1288 2258 1336 a.
2304 1268 2531 1348 127⁴.)

2015 1896 2205 1979 121.

1846 2184 2058 2254 Anno
2131 2180 2366 2254 1242.

439 2439 671 2528 B'ela
735 2443 866 2527 IV.
940 2443 1146 2526 Rex
1240 2442 1643 2523 civibus
1728 2443 1842 2524 de
1924 2440 2398 2522 Samobor
2489 2446 2948 2550 insignes
3045 2442 3631 2549 libertates,
3737 2470 3802 2524 a

505 2585 1037 2667 Colomano
1110 2587 1429 2664 totius
1493 2581 2043 2662 Slavoniae
2112 2578 2383 2659 Duce
2466 2603 3066 2686 concessas,
3151 2581 3716 2661 confirmat.

748 2854 953 2945 Bela,
1024 2853 1156 2927 Dei
1210 2855 1447 2948 gracia
1500 2851 1903 2948 Hungarie,
1938 2847 2320 2942 Dalmacie,
2384 2846 2796 2941 Choruacie,
2855 2847 3104 2942 Rame,
3152 2849 3425 2943 Seruie,
3481 2848 3804 2944 Galicie,

440 2956 901 3051 Cumanieque
951 2955 1137 3046 Rex,
1218 2953 1533 3028 omnibus
1590 2951 1841 3029 Christi
1894 2951 2234 3045 fidelibus,
2304 2976 2595 3049 presens
2671 2957 2992 3051 scriptum
3062 2949 3506 3052 inspecturis,
3571 2955 3796 3034 salu-

438 3071 574 3132 tem
630 3067 701 3133 et
753 3077 958 3132 omne
1010 3057 1284 3133 bonum.
1395 3055 1798 3154 Vbicunque
1866 3059 2084 3131 nostri
2156 3059 2450 3130 nominis
2502 3061 2885 3130 interuentu
2954 3079 3170 3153 posse
3232 3058 3575 3133 credimus
3630 3057 3790 3132 ali—

439 3160 678 3257 quibus
751 3160 1125 3252 subueniri,
1198 3165 1381 3258 pium
1444 3182 1575 3236 nos
1647 3160 1849 3233 decet
1921 3158 2248 3232 adbibere
2311 3158 2670 3251 favorem3
2738 3164 3099 3255 presertim
3161 3183 3252 3233 ne
3324 3162 3438 3233 uel
3506 3163 3798 3237 veritas

439 3266 800 3356 ocultetur,
876 3275 990 3338 aut
1059 3267 1375 3360 iniquitas
1446 3265 1800 3361 preualeat
1871 3263 2170 3360 equitati.
2277 3261 2665 3359 Eapropter
2735 3263 2821 3337 ad
2891 3268 3215 3337 noticiam
3284 3268 3812 3339 mium-sorum,

436 3369 751 3442 uolumus
802 3372 1194 3463 peruenire,
1266 3367 1450 3465 quod
1501 3368 1919 3441 accedentes
1979 3363 2068 3439 ad
2117 3369 2550 3463 presenciam
2604 3374 2908 3440 nostram
2979 3367 3409 3463 hospites
3467 3371 3800 3442 nostri'

437 3472 539 3544 de
592 3471 649 3543 Z
665 3469 1064 3558 umobur,
1117 3492 1340 3567 prope
1395 3477 1691 3543 castrum
1749 3468 2017 3566 Oclych
2070 3474 2478 3560 existentes,
2532 3468 2873 3543 humiliter
2926 3492 2967 3541 a
3003 3468 3203 3542 nobis
3258 3469 3648 3564 flagitarunt
3700 3477 3800 3543 et.

435 3580 789 3662 instanter,
860 3581 939 3646 vt
989 3573 1270 3646 modum
1324 3583 1394 3647 et
1448 3582 1693 3647 statum
1766 3571 2096 3646 libertatis
2152 3572 2547 3645 eorumdem
2605 3571 2691 3645 de
2746 3576 2982 3668 gracia
3038 3582 3109 3645 et
3159 3573 3601 3668 prouidencia
3656 3575 3801 3669 pie

438 3681 766 3750 memorie
820 3679 1011 3771 reg-is
1052 3674 1435 3766 Golomani,
1488 3675 1831 3750 karissimi
1885 3675 2223 3770 quondam
2261 3674 2492 3749 fratris
2530 3680 2773 3765 nostri,
2828 3667 3018 3748 iuxta
3070 3683 3386 3749 tenorem
3438 3673 3792 3751 libertatis

438 3781 776 3876 hospitum
806 3779 893 3852 de
918 3779 1245 3875 Petryna,
1266 3776 1640 3851 liberaliter
1674 3797 2044 3869 concesse,
2079 3788 2466 3853 nostrarum
2506 3782 2909 3852 auctoritate
2945 3775 3288 3851 literarum
3330 3779 3790 3874 dignaremur

436 3883 863 3955 confirmare.
918 3883 1066 3955 Nos
1118 3885 1375 3978 itaque,
1431 3881 1864 3954 considerata
1921 3901 2162 3954 eorum
2218 3881 2534 3972 vtilitate,
2588 3880 2906 3977 precibus
2960 3885 3262 3979 ipsorum
3301 3881 3804 3956 fauorabiliter

435 3983 848 4077 annuentes,
905 3983 1031 4061 sub
1070 3981 1382 4059 libertate
1419 3989 1553 4058 iam
1590 3984 1855 4082 prefata
1908 3989 2100 4081 ipsos
2155 3985 2471 4059 duximus
2522 3995 2853 4081 perpetuo
2911 3985 3330 4060 statuendos.
3389 3983 3601 4061 Cuius
3638 4009 3789 4061 se-

431 4093 602 4162 riem
637 4094 705 4163 in
744 4089 1106 4186 priuilegio
1144 4092 1502 4161 memorati
1546 4087 1775 4162 fratris
1811 4093 2029 4163 nostri
2063 4090 2289 4162 taliter
2329 4088 2622 4163 uidimus
2679 4091 3052 4162 contineri:
3105 4099 3184 4161 vt
3215 4089 3544 4163 videlicet
3573 4093 3804 4187 ipsos

433 4193 653 4270 nullus
705 4192 1008 4266 Indicum
1059 4203 1478 4284 nostrorum,
1531 4201 1763 4289 preter
1814 4197 2143 4265 maiorem
2182 4194 2347 4266 ville
2404 4214 2669 4282 eorum,
2725 4214 2925 4287 quem
2980 4192 3366 4266 voluntarie
3403 4191 3787 4288 elegerint,

434 4296 681 4369 audeat
732 4291 1075 4385 iudicar03
1147 4308 1241 4387 et,
1314 4300 1375 4371 si
1446 4293 1530 4370 ab
1584 4300 1886 4394 ipsorum
1951 4296 2178 4368 iudice
2250 4295 2829 4393 conquerentibus
2896 4294 3217 4370 satisfieri
3285 4319 3425 4369 non
3492 4299 3792 4393 poterit,

432 4401 640 4475 iudex
677 4421 915 4474 eorum
969 4405 1036 4473 in
1091 4407 1327 4474 nostra
1363 4403 1728 4497 presencia
1781 4408 1852 4472 et
1902 4422 2040 4471 non
2091 4400 2287 4490 alias,
2345 4423 2551 4496 super
2600 4402 2748 4496 ipsa
2805 4421 3016 4473 causa
3071 4402 3344 4490 citatus,
3397 4398 3650 4473 debeat
3702 4412 3790 4476 et

430 4514 743 4575 teneatur
793 4503 1264 4600 respondereg
1320 4513 1389 4577 et
1443 4508 1503 4578 si
1555 4505 1685 4599 ipsi
1739 4502 1909 4576 alias
1963 4525 2199 4575 coram
2253 4502 2505 4595 iudice,
2559 4509 3053 4600 quemcumque
3107 4505 3518 4600 impeterent
3561 4526 3810 4601 super·

431 4605 684 4698 aliquo,
718 4609 845 4706 ⁴eis
899 4606 1236 4680 iudicetur
1287 4610 1755 4680 iuramentum.
1821 4604 2191 4678 statuimus
2247 4610 2495 4697 eciam,
2551 4606 2758 4702 quod,
2814 4610 2875 4680 si
2906 4604 3140 4681 Banus
3196 4610 3299 4679 eis
3336 4605 3424 4678 ad
3458 4607 3784 4683 ualorem

430 4711 632 4780 vuius
687 4729 921 4782 marce
976 4708 1339 4807 dampnum
1391 4709 1684 4797 faceret,
1739 4713 1806 4781 in
1854 4709 2171 4805 centuplo
2226 4712 2620 4783 restitueret
2666 4710 2951 4785 eisdem.
3065 4705 3340 4784 Tamen*
3379 4709 3574 4784 Bano
3627 4734 3788 4786 non

432 4809 637 4903 aliud,
706 4813 840 4884 nisi
894 4810 1139 4887 domos
1215 4827 1377 4886 suas
1444 4815 1817 4885 occasione
1873 4810 2256 4887 descensus
2328 4812 2493 4885 dare
2547 4823 2946 4904 teneantur3
3015 4835 3142 4910 pro
3198 4814 3350 4887 aliis
3401 4837 3573 4888 uero
3627 4837 3790 4890 ne-

435 4917 761 4996 cessariis
812 4918 1118 5011 precium
1171 4919 1523 5012 recipiant.
1579 4914 1668 4987 Et
1712 4918 1770 4988 si
1809 4915 2053 5010 aliquis
2106 4920 2409 5013 ipsorum
2461 4917 2655 5013 prole
2711 4920 3031 5014 caruerit,
3086 4928 3222 4990 tam
3261 4921 3413 5015 ipso
3460 4921 3782 5012 uiuente,

524 5039 631 5100 am
689 5019 1022 5120 avseculo
1075 5022 1630 5115 transmigrante,
1690 5018 1874 5093 bona
1928 5042 2080 5111 sua,
2146 5023 2549 5117 cuicumque
2601 5021 2923 5112 uoluerit,
3000 5017 3216 5094 libere
3272 5020 3589 5095 conferat
3639 5045 3802 5095 re—

432 5115 759 5195 tnenda.·
809 5115 924 5206 ,Et
995 5126 1059 5202 si
1124 5123 1367 5218 aliquis
1441 5123 1528 5195 de
1598 5122 1758 5223 uilla
1831 5145 2042 5220 super
2110 5132 2289 5219 eq'uo
2369 5125 2491 5197 v'el
2555 5121 2738 5198 boue
2809 5122 3303 5221 calumpniatur
3343 5124 3459 5212 ⁸ab
3540 5127 3800 5223 aliquo

429 5216 567 5321 p'i'o·
610 5217 860 5338 quanto
916 5237 1419 5300 sacramentum
1475 5225 1715 5300 facere
1764 5231 2255 5323 presumserit3
2310 5227 2441 5303 sibi
2478 5229 2967 5325 calumpnians,
3007 5227 3309 5316 ‚testibus
3364 5223 3812 5325 astantibuffi'

431 5323 765 5428 restituat,
821 5340 891 5403 et
927 5343 1071 5423 res,
1106 5343 1257 5426 ‚pro
1291 5353 1422 5440 qua
1478 5329 1910 5424 causabatur,
1966 5331 2057 5403 ad
2092 5336 2551 5426 requirentem
2607 5331 3031 5404 deuoluatur.
3101 5330 3216 5422 Et,
3265 5336 3340 5407 si
3361 5335 3511 5429 quis
3547 5323 3816 5444 ipsamj

427 5421 662 5506 uillam
725 5437 982 5507 intrare
1052 5434 1348 5509 uoluerit
1426 5445 1858 5529 moraturus,
1940 5438 2170 5509 omnia
2208 5434 2420 5509 ‘bona
2496 5458 2643 5528 sua,
2716 5434 2960 5510 domus
3030 5433 3389 5529 videlicet,
3457 5433 3534 5511 ‘et
3604 5431 3794 5533 alia,
