3950 5917
1461 853 2122 940 xxxvm.

1170 1091 1383 1208 Annio
1444 1093 2012 1210 12104-1365.
2081 1135 2418 1210 merae.

121 1395 707 1478 ludovicus
783 1387 1358 1504 Hungariae
1432 1393 1674 1502 Rex,
1755 1396 2414 1504 privilegium
2496 1395 3019 1480 Getinensi
3093 1393 3468 1482 comiti

126 1531 487 1616 loanni
551 1560 599 1614 a
658 1531 944 1644 Rege
1001 1533 1393 1618 Andrea
1453 1532 1546 1618 Π.
1610 1558 1857 1618 anno
1922 1532 2158 1618 1210
2223 1559 2817 1620 concessum
2867 1536 3466 1643 confirmat3

129 1673 459 1756 eadem
524 1677 1079 1756 occasione
1138 1672 1658 1756 duodecim
1736 1678 2506 1782 generationum
2562 1673 3068 1762 Nobilium
3127 1675 3463 1786 Regni

1061 1809 1530 1893 croatiae
1610 1817 2210 1894 mentionem
2271 1812 2541 1896 facit.

431 2081 838 2159 Lodouious
892 2082 1004 2158 dei
1038 2086 1275 2180 gracia
1309 2083 1687 2180 flung-arie,
1718 2084 2102 2178 Dalmacie,
2139 2081 2460 2178 Groacie,
2510 2084 2756 2178 Rama,
2809 2086 3084 2180 Seruio,
3138 2087 3462 2181 Gallicis,

130 2183 573 2278 lado-aie,
630 2185 988 2278 Comanis,
1046 2187 1503 2284 Bulgarieque
1554 2188 1740 2282 Rex,
1808 2189 2139 2286 Princeps
2203 2187 2676 2265 Salernitana
2729 2199 2802 2265 et
2847 2191 3130 2272 honoris
3199 2197 3463 2276 montis

131 2294 340 2366 sancti
386 2291 665 2386 Angeli
731 2291 1070 2366 dominus.
1176 2290 1504 2367 Omnibus
1576 2290 1824 2368 Christi
1892 2291 2206 2368 fidelibus
2275 2292 2709 2389 presentibus
2775 2298 3035 2391 pariter
3084 2306 3156 2372 et
3204 2295 3459 2374 futuris

132 2398 571 2491 presencium
623 2398 949 2470 noh‘ciam
999 2394 1345 2470 habituris.
1453 2395 1759 2471 Salutem
1818 2399 1892 2472 in
1943 2400 2245 2473 omnium
2314 2395 2698 2476 Saluatore.
2801 2397 2904 2472 Ea
2958 2421 3091 2495 que
3143 2403 3214 2474 in
3266 2423 3464 2478 cou—

137 2508 363 2593 qiectu
416 2502 816 2597 principum
858 2502 1037 2593 jnris
1062 2503 1355 2576 tramitte
1391 2499 1819 2598 deciduntur,
1843 2502 2216 2577 litterarum
2258 2505 2651 2580 testimonio
2693 2502 2921 2580 solent
2950 2503 3461 2601 perhempnari.

136 2599 209 2678 td
262 2625 572 2701 namque
634 2607 709 2678 in
762 2625 1173 2682 concussum
1225 2615 1608 2701 permanet,
1679 2604 1859 2703 quod
1912 2610 2126 2702 regio
2195 2605 2404 2681 fuerit
2468 2610 2872 2704 patrimonio
2942 2612 3455 2684 communitum.

134 2704 425 2780 Pleiade
480 2706 573 2781 ad
622 2710 1107 2784 uniuersorum
1156 2711 1479 2784 noticiam
1532 2709 1770 2784 harum
1823 2713 2010 2784 serie
2060 2712 2376 2786 uolumus
2424 2714 2817 2807 peruenire,
2885 2711 3067 2808 quod
3120 2735 3276 2787 cum
3309 2736 3458 2788 nos

133 2813 399 2905 *ntus
454 2816 683 2886 sancti
732 2817 969 2936 gracia
1036 2823 1485 2908 suggerente
1556 2833 1689 2909 que
1741 2813 1829 2888 ad
1878 2812 2135 2890 bouum
2204 2814 2529 2890 suaderet
2590 2838 3165 2912 vnumquemque,
3219 2816 3458 2892 Sere-—

130 2915 479 2990 nissi-am
530 2920 1011 3013 principissam
1063 2916 1407 2994 dominam
1456 2916 1814 2992 Elisabeth
1860 2916 2108 2992 eadem
2176 2921 2410 3012 gracia
2487 2917 2824 3020 Reginam
2885 2919 3235 3015 Hungarie
3288 2944 3458 2996 ma·-

130 3026 303 3092 uun
346 3028 660 3094 nostram
711 3019 1167 3113 karissimam,
1220 3044 1376 3095 cum
1430 3019 1828 3117 quibusdam
1902 3025 2156 3096 ceteris
2206 3020 2434 3117 Regni
2483 3028 2700 3098 nostri
2762 3024 3041 3120 prelatis
3095 3034 3165 3098 et
3214 3025 3458 3099 Baro-

130 3120 357 3214 nibus,
424 3144 557 3219 pre
608 3123 1118 3200 reson-macione
1187 3134 1405 3201 status
1452 3124 1846 3219 Regnorum
1900 3124 2256 3200 Dalmacie
2308 3136 2380 3200 et
2432 3124 2751 3220 Croucie,
2823 3151 2960 3201 nec
3009 3151 3148 3202 non
3193 3133 3458 3222 iuriam

130 3236 521 3300 mahom
590 3228 926 3322 regalium
998 3232 1495 3325 extirpacioue,
1562 3252 1652 3301 ac
1704 3227 1982 3304 cuilibet
2049 3231 2427 3326 querulanti
2494 3253 2621 3327 pro
2683 3179 3073 3307 enhibenda
3138 3236 3450 3327 justicia,

127 3328 209 3402 ad
260 3339 501 3426 partes
543 3330 928 3423 Dalmacie,
980 3333 1374 3430 specialiter
1421 3336 1492 3405 in
1548 3329 1907 3408 ciuitatem
1956 3333 2000 3406 J
2017 3334 2504 3410 adrensem
2556 3334 3119 3428 destinassemus,
3174 3335 3454 3412 demum

127 3432 370 3508 eadem
426 3445 650 3510 mane
698 3445 938 3510 nostra
989 3438 1367 3529 vuascum)
1422 3435 1687 3512 eisdem
1738 3437 2020 3534 prelatis
2071 3448 2145 3512 et
2193 3436 2576 3512 Batonibus
2625 3438 2852 3534 Regni
2903 3443 3121 3516 nostri
3195 3462 3458 3537 sospes

124 3547 325 3634 atque
398 3561 603 3632 sana,
672 3538 809 3613 deo
880 3540 1057 3613 duce
1126 3540 1214 3614 ad
1272 3562 1409 3616 nos
1451 3563 1769 3630 reuersa,
1838 3541 2044 3616 nobis
2109 3547 2288 3618 inter
2355 3551 2591 3616 cetera
2659 3544 2987 3618 retulerat
3055 3566 3144 3619 eo
3197 3546 3401 3619 modo
3425 3571 3457 3618 ·.·

124 3640 319 3729 Quod
392 3641 561 3716 dum
628 3646 780 3738 ipsa
834 3653 907 3718 et
955 3644 1162 3735 iidem
1229 3646 1473 3741 prelati
1542 3667 1629 3718 ac
1696 3644 2009 3722 Bar-ones
2079 3651 2322 3740 nostri,
2391 3651 2462 3722 iu
2518 3646 2696 3722 dicta
2770 3644 3057 3722 Ciuitate
3098 3649 3452 3740 sucirensi,

124 3745 546 3820 seeundo
598 3746 747 3820 die
802 3746 1033 3822 festi
1085 3752 1392 3823 sancti
1445 3747 1955 3844 Grisogoui
2005 3754 2075 3824 in
2129 3751 2301 3826 sede
2351 3749 2665 3826 tribunali
2719 3751 3210 3842 consedentes,
3265 3777 3458 3826 cau—-

122 3851 303 3925 aba
356 3872 744 3947 processus
817 3852 1267 3947 quorumlibet
1332 3855 1751 3946 litigancium
1812 3856 1882 3928 in
1936 3864 2190 3929 statera
2262 3858 2579 3951 equitatis
2650 3856 2956 3930 dimicari
3011 3858 3131 3950 (ἲ)
3186 3867 3256 3930 et
3304 3856 3452 3932 fine

121 3952 349 4028 debito
424 3958 783 4029 terminari
851 3955 1318 4047 inchoassent,
1386 3956 1584 4031 Iwan
1651 3966 1725 4030 et
1772 3956 2127 4033 Lachkow
2195 3958 2334 4051 fiilij
2408 3960 2753 4033 Touordia
2808 3971 2879 4033 et
2929 3960 3205 4034 Tuerko
3260 3960 3450 4034 filius·

122 4056 411 4153 Geor-gij
471 4055 845 4152 Grubig,
899 4059 986 4134 de
1020 4060 1249 4134 medio
1281 4062 1567 4134 aliorum
1620 4062 2119 4135 causidicorum
2174 4063 2644 4156 exsurgendo,
2700 4074 2936 4138 contra
2972 4068 3196 4138 virum
3250 4073 3454 4138 stre-

100 4183 327 4236 ·-1
382 4165 711 4236 comitem
765 4162 962 4238 Iwan
1012 4163 1221 4238 filium
1253 4165 1547 4239 condam
1602 4163 1884 4240 Comitis
1935 4165 1999 4239 N
2019 4166 2445 4261 elepuch,
2500 4165 2948 4241 Comitatuum
3004 4167 3091 4241 de
3144 4165 3446 4242 Orbas

121 4277 185 4338 at
230 4266 333 4340 de
387 4265 451 4339 Z
470 4289 513 4338 a
531 4288 636 4339 na
704 4261 1040 4342 honorem
1099 4278 1442 4344 tenentem
1504 4278 1577 4343 et
1624 4271 2082 4365 personaliter
2148 4269 2615 4359 adherentem,
2686 4275 2880 4368 graui
2953 4293 3106 4345 cum
3160 4272 3442 4366 querela

118 4373 656 4469 ”posuissent
701 4374 838 4450 isto
890 4372 1144 4447 modo:
1218 4370 1399 4468 quod
1448 4375 1581 4468 ipsi
1614 4376 1685 4447 in
1722 4373 2028 4449 districtu
2080 4373 2167 4447 de
2224 4372 2635 4473 Chetyue
2688 4374 2774 4448 ab
2827 4397 2959 4448 auo
3015 4385 3084 4448 et
3133 4373 3452 4470 prehauo

114 4495 399 4571 suuper
450 4472 757 4562 nobiles,
806 4483 881 4548 et
929 4480 1113 4550 omni
1164 4497 1254 4552 eo
1306 4474 1675 4552 nobilitatis
1717 4480 1937 4568 titulo,
1990 4501 2126 4601 quo
2179 4477 2551 4554 nobiles
2625 4477 3103 4552 duodecim
3153 4501 3449 4574 geue·

114 4583 592 4653 rationum
645 4576 942 4674 Regni
1010 4578 1408 4655 Croacie
1485 4584 1885 4676 potirentur,
1937 4586 2052 4657 vsi
2104 4604 2379 4680 semper
2430 4585 2818 4657 extitissent
2870 4593 2941 4656 et
2991 4582 3451 4662 hereditatem

114 4684 179 4755 in
224 4682 429 4756 dicto
486 4680 794 4756 districtu
848 4677 1160 4807 Chetyne
1210 4682 1634 4775 habuissent,
1687 4695 1755 4759 et
1789 4685 2046 4760 habere
2101 4686 2450 4762 deberent.
2513 4685 2656 4760 Sed
2705 4685 2888 4760 idem
2941 4685 3194 4764 Comes
3246 4688 3450 4766 lwan

116 4789 307 4881 ipsos
376 4783 692 4860 indebite
742 4796 816 4859 et
882 4790 1104 4862 minus
1180 4791 1361 4862 iuste
1439 4790 1855 4865 exclusisset
1932 4800 2007 4864 et
2050 4795 2378 4866 eiecisset
2451 4789 2540 4864 de
2594 4789 2867 4883 eadem,
2941 4815 3256 4890 nuncque
3307 4796 3446 4890 ipsi

116 4910 235 4984 per
284 4889 559 4964 facum
609 4892 825 4986 ipsim
869 4889 1151 4968 Comitis
1211 4890 1431 4984 lwan,
1487 4915 1726 4968 eorum
1771 4893 2036 4987 juribus
2108 4898 2211 4969 sic
2260 4892 2559 4970 indebite
2640 4896 2936 4991 spoliati,
2989 4898 3077 4971 ad
3126 4907 3450 4972 extreme

120 4998 543 5092 paupertatis
592 4996 892 5090 inopiam
971 4995 1438 5086 deuenissent,
1521 5005 1591 5071 et
1644 4997 1769 5071 sub
1818 5003 2021 5073 tectis
2069 5000 2205 5072 iam
2256 4999 2599 5074 latitarent
2649 5001 2913 5075 alienis.
2996 5001 3147 5089 Quo
3204 4999 3434 5072 audito

122 5098 337 5174 dictus
375 5095 641 5173 Comes
690 5097 887 5173 Iwan
936 5099 1403 5196 respondebat
1451 5123 1547 5176 ex
1599 5101 1934 5177 aduerso:
1989 5113 2068 5176 vt
2116 5102 2321 5195 ijdem
2374 5102 2597 5194 Iwan,
2649 5102 3004 5179 Lachkow
3057 5114 3127 5176 et
3160 5101 3449 5178 Tuerko

120 5223 451 5300 nsquam
507 5205 582 5277 in
642 5201 827 5276 dicta
881 5201 1191 5301 Chetyne
1260 5202 1678 5280 nobilitatem
1758 5228 1885 5282 seu
1936 5206 2227 5302 aliquam
2306 5207 2755 5286 hereditatem
2826 5206 3249 5295 habuissent,
3301 5229 3451 5284 nec

122 5302 479 5399 ssas-ent,
530 5306 856 5403 nullaque
905 5329 1093 5404 pars,
1143 5329 1271 5383 seu
1321 5312 1560 5406 porcio
1614 5309 1703 5383 de
1756 5309 1998 5384 eadem
2058 5309 2368 5409 Chetyne
2422 5310 2508 5390 ad
2576 5317 2771 5409 ipsos
2823 5312 3265 5406 pertinuisset
3319 5311 3440 5388 vet

124 5415 529 5504 pertineret,
579 5433 719 5487 nec
768 5414 931 5508 ipse
976 5411 1265 5490 eosdem
1321 5416 1650 5492 eiecisset
1699 5424 1768 5488 et
1820 5414 2245 5492 excludisset
2298 5416 2387 5491 de
2437 5417 2709 5507 eadem,
2790 5414 3039 5490 dictum
3093 5436 3263 5492 uero
3317 5415 3448 5491 di·-

2921 5534 3018 5607 δῦ
