3950 5917
480 404 639 484 1oe

1912 918 2395 1003 Lxxm

1218 1208 1426 1276 Anno
1485 1202 1723 1279 1325.
1780 1205 1897 1277 die
1945 1204 2023 1276 9.
2079 1204 2482 1280 Februarii.
2535 1205 2616 1276 In
2687 1204 3090 1302 Vmeqmd.

484 1467 911 1549 Carolus
974 1462 1475 1544 Robertus
1550 1461 1757 1544 Rex
1838 1466 2390 1570 privilegia
2463 1489 2506 1542 a
2569 1463 2808 1545 Bela
2868 1461 2996 1543 IV.
3074 1461 3356 1571 Rege
3417 1462 3832 1543 civibus

1169 1600 2048 1707 Zagrabicnsibus
2114 1602 2480 1681 collata
2566 1601 3127 1681 coufirmat.

794 1872 1117 1963 Karolus‚
1185 1871 1296 1945 dei
1349 1874 1583 1966 gracia
1654 1869 1815 1945 Rex
1866 1871 2243 1967 Hungarie‚
2314 1869 2628 1944 fidelibus
2682 1873 2826 1945 suis
2892 1873 3222 1966 magistro
3273 1870 3818 1945 Tauernicorum

486 1999 794 2068 suorum,
870 1976 1092 2049 Judici
1177 1978 1363 2047 curie
1435 1997 1585 2065 sue,
1666 1971 1846 2048 bano
1919 1981 2141 2049 tocius
2192 1974 2588 2066 Sclauonie‚
2670 1972 3043 2048 Comitibus
3122 1973 3627 2070 parochialibus
3681 1996 3814 2047 seu

480 2077 1037 2177 prouincialibus,
1110 2077 1560 2152 Castellaneis
1631 2082 1792 2149 item
1848 2076 2322 2174 quorumlibet,
2396 2080 2736 2150 ciuitatum
2791 2086 2863 2150 et
2911 2077 3226 2151 villarum
3277 2074 3631 2152 Judicibus
3683 2100 3818 2151 seu

482 2183 758 2272 villicis‚
814 2205 897 2254 ac
933 2180 1442 2278 qualiscumque
1496 2185 2006 2276 preeminencie
2038 2191 2108 2254 et
2144 2191 2359 2255 status
2395 2180 2806 2270 hominibus,
2861 2200 3236 2277 eorumque
3288 2184 3488 2254 vices
3537 2200 3822 2274 geren-

477 2285 683 2375 tibus»,
720 2283 1151 2381 presentibus
1192 2294 1261 2357 et
1295 2283 1563 2375 futuri8‚
1619 2288 1861 2379 quouis
1899 2289 2175 2357 nomine
2211 2284 2595 2376 uocientur‚
2649 2282 2890 2380 quibus
2926 2294 3289 2381 presentes
3330 2283 3816 2371 ostenduntur,

484 2389 771 2461 salutem
828 2397 897 2460 et
947 2390 1273 2481 graciam.
1334 2384 1499 2459 Cum
1549 2383 1830 2461 libertas
1884 2386 2180 2460 fidelium
2238 2389 2482 2460 ciuium
2539 2398 2926 2461 nostrorum
2983 2388 3070 2459 de
3124 2397 3354 2460 monte
3412 2385 3802 2483 Grecyensi

478 2516 601 2565 seu
659 2490 1106 2586 Zagrabiensi
1155 2513 1282 2588 per
1336 2490 1678 2563 dominum
1731 2489 1969 2565 Belam
2041 2491 2379 2588 quondam
2451 2491 2778 2587 inclytum
2847 2488 3117 2585 Regem
3169 2490 3546 2584 Hungarie.,
3615 2510 3804 2585 pro-

479 2617 678 2667 auum
732 2603 1039 2667 nostrum
1093 2593 1524 2666 karissimum
1608 2594 1794 2665 clare
1874 2597 2231 2681 memorie„
2311 2594 2652 2666 mediante
2708 2614 2835 2667 suo
2888 2590 3287 2688 Priuilegio,
3361 2592 3514 2667 data
3568 2597 3672 2665 eis
3730 2598 3808 2665 et

480 2721 847 2787 concessa,
902 2720 1024 2792 per
1077 2718 1339 2792 nosque
1396 2708 1529 2768 tam
1574 2700 1782 2791 priori
1821 2707 1891 2769 et
1925 2700 2199 2792 antiquo
2256 2720 2452 2793 quam
2507 2718 2693 2769 nouo
2748 2705 2817 2769 et
2866 2700 3208 2770 autentico
3262 2706 3502 2771 nostro
3555 2696 3812 2790 Sigillo

474 2805 643 2895 ipsis
700 2799 1095 2872 confirmata
1168 2800 1232 2871 id
1288 2804 1620 2894 requirat,
1693 2811 1766 2873 ut
1817 2801 2040 2893 nullus
2105 2810 2475 2873 extraneus
2531 2823 2655 2874 seu
2711 2800 3020 2874 eiusdem
3092 2798 3400 2875 Ciuitatis
3469 2799 3679 2872 homo
3733 2803 3810 2873 in

478 2903 886 2998 quibuslibet
940 2906 1168 2975 causis
1224 2899 1429 2976 Ciues
1483 2902 1792 2998 predicte
1864 2907 2155 2978 ciuitatis
2227 2914 2462 2977 nostre
2537 2902 2959 3001 Grecyensis
3011 2925 3138 2978 seu
3191 2901 3681 2998 Zagrabieusis
3737 2910 3820 2976 et

477 3006 847 3099 quemlibet
918 3028 1010 3080 ex
1065 3005 1352 3094 eisdem,
1432 3010 1687 3102 pariter
1762 3004 2186 3101 Jobagiones
2243 3018 2311 3078 et
2362 3008 2652 3103 populos
2731 3008 3043 3080 villarum
3127 3005 3308 3080 dicte
3386 3009 3678 3079 ciuitatis
3729 3010 3810 3079 in

474 3113 816 3181 territorio
897 3112 1377 3200 existencium,
1450 3109 1536 3181 ad
1606 3120 1910 3183 nostram
1967 3133 2090 3183 seu
2148 3109 2598 3206 quorumlibet
2672 3110 2986 3184 Judicum
3058 3132 3182 3185 seu
3253 3106 3806 3184 Justiciariorum

472 3210 697 3305 Regni
752 3217 964 3284 nostri
1018 3217 1444 3308 presenciam
1503 3213 1733 3285 valeat
1787 3235 2088 3285 euocare
2144 3236 2270 3286 seu
2322 3213 2594 3287 trahere
2651 3214 2892 3287 ordine
2943 3210 3320 3288 Judiciario
3370 3217 3440 3285 ln
3496 3232 3814 3287 causam.

474 3315 669 3401 Quod
726 3320 784 3388 si
839 3320 951 3411 qui
1006 3316 1253 3412 aliquid
1304 3320 1593 3389 actionis
1667 3327 1903 3389 contra
1960 3340 2086 3391 eos
2143 3327 2256 3389 aut
2309 3317 2599 3412 aliquem
2657 3340 2749 3389 ex
2800 3320 2968 3414 ipsis
3023 3318 3137 3391 uel
3192 3319 3277 3389 ad
3325 3321 3516 3412 ipsos
3568 3320 3807 3412 perti-

471 3431 715 3492 nentes
786 3416 1186 3510 habuerint,
1259 3423 1325 3491 in
1380 3423 1740 3514 presencia
1810 3419 2074 3492 Judicis
2146 3443 2271 3494 seu
2323 3420 2534 3493 villici
2607 3421 2786 3493 dicte
2855 3418 3161 3495 Ciuitatis
3232 3431 3470 3494 nostre
3539 3422 3806 3516 exequi

475 3522 787 3595 debeant.
872 3522 999 3610 Qui
1039 3522 1307 3618 quidem
1362 3522 1589 3595 Judex
1643 3546 1767 3595 seu
1815 3524 2086 3596 villicus
2139 3528 2352 3619 ipsius
2408 3527 2723 3614 ciuitatis,
2779 3524 2978 3598 simul
3012 3547 3166 3597 cum
3199 3524 3538 3621 prioribus
3594 3526 3814 3595 eius-

471 3627 625 3695 dem
699 3630 1020 3715 civitatiS,
1088 3630 1146 3699 si
1203 3625 1622 3722 quibuspiam
1673 3648 1766 3698 ex
1818 3638 2010 3722 parte
2082 3648 2357 3699 suorum
2414 3631 2800 3700 concinium
2853 3638 2923 3701 et
2976 3628 3064 3700 ad
3117 3648 3246 3703 eos
3299 3630 3808 3723 pertinencium

467 3729 581 3799 uel
619 3728 817 3799 alicui
858 3750 952 3799 ex
990 3729 1249 3802 eisdem
1296 3730 1674 3824 aliqualiter
1707 3728 2060 3802 Justiciam
2116 3728 2351 3802 facere
2405 3732 2820 3823 neglexerit,
2873 3753 3013 3804 non
3066 3730 3185 3828 hy,
3238 3732 3355 3803 uel
3406 3730 3501 3820 Is,
3555 3741 3808 3804 contra

469 3855 639 3926 quos
688 3837 933 3925 agitur,
986 3854 1217 3927 ymmo
1263 3831 1443 3904 idem
1495 3831 1723 3904 Judex
1779 3856 1904 3905 seu
1956 3832 2227 3907 villicus
2284 3832 2462 3906 dicte
2518 3837 2807 3906 ciuitatis
2864 3834 2951 3906 ad
3004 3843 3310 3907 nostram
3362 3836 3808 3930 presenciam

467 3932 716 4006 debeat
769 3938 1047 4006 euocari
1102 3958 1189 4007 eo
1246 3933 1467 4023 facto„
1523 3946 1593 4008 et
1630 3958 1758 4008 nos
1814 3936 2036 4010 dictos
2085 3936 2325 4010 fideles
2381 3941 2572 4009 ciues
2628 3948 2905 4012 nostros
2951 3941 3020 4010 in
3054 3941 3189 4010 iam
3246 3936 3423 4010 dicta
3477 3936 3805 4013 libertate

463 4037 945 4111 inviolabiliter
998 4060 1418 4111 conseruare
1473 4039 1921 4112 intendamus,
2003 4038 2256 4113 Vestre
2310 4039 2612 4113 fidelitati
2665 4039 2945 4113 firmiter
2998 4039 3438 4138 precipiendo
3494 4039 3810 4114 manda-

462 4160 613 4214 mus
684 4164 809 4236 per
870 4152 1268 4238 presentes:
1352 4141 1531 4237 quod
1588 4147 1780 4216 ciues
1850 4143 2157 4239 predicte
2229 4147 2518 4218 ciuitatis
2589 4152 2852 4235 nostre,
2925 4155 2995 4218 et
3047 4143 3134 4218 ad
3188 4166 3315 4217 eos
3371 4148 3806 4240 pertinentes

461 4246 573 4315 uel
631 4247 921 4340 aliquem
976 4268 1068 4317 ex
1122 4244 1413 4335 eisdem„
1465 4249 1534 4319 in
1589 4244 1995 4341 quibuslibet
2065 4251 2293 4322 causis
2343 4251 2544 4320 motis
2600 4258 2669 4319 et
2720 4247 3078 4323 mouendis
3142 4258 3380 4321 contra
3434 4250 3806 4344 quospiam

460 4350 764 4419 indicare
820 4348 1201 4422 nullatenus
1257 4348 1591 4439 audeatis,
1647 4350 1772 4421 sed
1826 4361 1898 4421 ut
1950 4353 2352 4445 premittitur
2404 4355 2784 4447 quicunque
2839 4361 3077 4424 contra
3142 4351 3430 4425 eosdem
3482 4352 3596 4424 uel
3652 4350 3810 4423 ali-

461 4473 661 4542 quem
718 4474 811 4522 ex
866 4455 969 4524 eis
1025 4456 1383 4524 accionem
1434 4450 1788 4523 habuerint
1842 4456 1910 4523 in
1962 4458 2325 4548 presencia
2378 4454 2639 4527 Judicis
2695 4476 2821 4528 seu
2865 4455 3077 4528 villici
3131 4454 3440 4527 eiusdem
3493 4458 3806 4529 ciuitatis

458 4565 975 4646 prosequantur.
1086 4554 1217 4640 Qui
1269 4558 1330 4627 si
1381 4557 1715 4626 iusticiam
1771 4558 2062 4650 cuipiam
2134 4576 2271 4629 non
2325 4556 2595 4648 fecerit,
2650 4580 2789 4630 non
2841 4557 2961 4655 hy,
3016 4567 3254 4631 contra
3309 4579 3483 4653 quos
3537 4563 3802 4652 agitur,

460 4652 586 4724 sed
640 4655 819 4725 idem
870 4656 1099 4728 Judex
1172 4679 1297 4730 seu
1350 4657 1619 4729 villicus
1694 4660 1868 4729 sicut
1920 4659 2364 4753 prescribitur
2414 4660 2500 4733 ad
2551 4671 2860 4733 nostram
2926 4663 3361 4757 presenciam
3433 4670 3804 4741 euocetur.

457 4754 703 4827 Datum
758 4761 825 4829 in
879 4757 1261 4853 Vissegrad
1334 4770 1568 4854 quarta
1640 4758 1827 4831 feria.
1882 4763 2195 4856 proxima
2274 4773 2432 4857 post
2496 4761 2749 4837 festum
2821 4762 3023 4837 beate
3074 4764 3306 4857 Agate
3357 4760 3671 4859 Vlrginis
3727 4772 3810 4840 et

455 4862 772 4931 martiris.
828 4859 1034 4934 Anno
1090 4862 1342 4934 domini
1395 4860 1759 4936 Millesimo
1813 4869 2299 4939 trecentesimo
2354 4865 2556 4938 XX·⁰
2619 4871 2871 4962 quinto.

456 5035 732 5101 originalis
768 5037 982 5091 membr.
1020 5040 1073 5089 in
1108 5037 1354 5090 Archivio
1390 5038 1556 5107 Regni
1595 5038 1850 5094 croatiae.
