3950 5917
509 399 662 485 17⁶

1862 923 2489 1012 m

1751 1213 1961 1287 Anao
2018 1210 2584 1288 1406-1170.

497 1473 1167 1585 Privilegium
1261 1476 1886 1583 sigismundi
1944 1475 2310 1583 Regis,
2403 1476 2521 1558 de
2611 1475 3156 1557 Decimisa
3217 1474 3839 1586 Regnicolit

501 1614 827 1723 Regni
889 1615 1444 1697 Slavoniae
1504 1613 2019 1721 Episcopo
2078 1613 2651 1721 Zagrabiensi
2726 1613 3267 1696 secundam
3327 1619 3836 1722 antiqua-

504 1753 1333 1837 consvetudinem
1396 1753 2075 1858 praestandis,
2137 1778 2389 1836 anno
2446 1752 2706 1835 1406.
2768 1765 3266 1836 exaratum
3337 1766 3434 1835 et
3491 1780 3537 1835 a
3596 1754 3843 1835 Bla-

502 1895 656 1976 sio
747 1891 1194 1999 Magyar,
1285 1890 1851 1998 Regnorum
1941 1891 2371 1999 Bosnae,
2462 1892 3073 2000 Dalmatiae,
3169 1891 3634 1974 Croatiae
3726 1903 3843 1975 et.

969 2030 1509 2132 Slavoniae
1569 2030 1869 2138 Bano,
1932 2055 2178 2113 anno
2246 2030 2506 2113 r470.
2567 2042 3354 2138 transsumptum.

813 2275 966 2353 Nos
1031 2275 1303 2353 Blasius
1369 2274 1689 2376 lagyar,
1754 2277 2156 2374 Regnorum
2222 2277 2490 2367 Boane,
2557 2277 2922 2371 Dalmatio,
2991 2276 3269 2352 Oroatie
3345 2286 3420 2350 et
3487 2276 3840 2354 fflavonie

500 2380 731 2456 Banus
795 2390 930 2454 etc.
997 2383 1329 2455 memorie
1397 2380 2005 2456 commendamus:
2084 2381 2286 2470 Quod
2352 2381 2618 2457 Nobilis
2683 2381 3038 2458 Jobannes
3089 2381 3232 2457 Viti
3301 2380 3388 2456 de
3440 2381 3832 2476 Korbawa,

501 2496 575 2561 et
623 2483 1011 2560 Anthonius
1064 2484 1153 2558 de
1201 2483 1562 2582 Kopyncs,
1615 2485 1703 2559 ad
1751 2496 2059 2561 nostram
2108 2487 2476 2562 venientes
2525 2490 2969 2584 presentiam,
3018 2490 3092 2560 in
3139 2489 3448 2584 ipsorum
3489 2508 3576 2560 ac
3603 2489 3831 2563 totius

501 2590 972 2664 vniversitatis
1040 2588 1267 2684 Regni
1335 2588 1668 2664 Slavouie
1743 2588 2069 2664 nobilium
2103 2589 2522 2668 nominihus
2592 2599 2664 2665 et
2718 2593 2791 2665 iu
2857 2593 3177 2688 personis
3244 2588 3703 2665 exbibuerunt
3750 2601 3833 2666 et

502 2702 980 2791 presentarunt
1070 2690 1273 2768 nobis
1365 2693 1697 2791 quasdam
1771 2694 2036 2770 litteras
2114 2693 2408 2769 condam
2476 2694 2749 2769 Domini
2819 2694 3235 2789 sigismundi
3302 2693 3521 2789 Regis
3590 2695 3831 2790 sigillo

503 2819 631 2873 suo
701 2820 743 2871 a
810 2807 1012 2891 tergo
1083 2817 1454 2893 amnas
1523 2802 2007 2889 communitas,
2079 2808 2394 2894 patenter
2458 2841 2559 2851 —
2630 2797 2721 2873 ad
2768 2798 3173 2874 relationem
3249 2796 3601 2894 Hagnifiei
3657 2798 3831 2874 Do-

501 2904 666 2974 mini
718 2900 1009 2974 condam
1059 2898 1395 2975 Jobannis
1464 2899 1584 2975 filii
1634 2902 1914 2977 Hearici
1964 2902 2342 3000 Wayvode
2391 2901 3042 3000 Transylvaniensis
3114 2912 3495 2993 emanatas,
3562 2900 3830 2976 facum

501 3005 956 3096 (leomarum,
1023 3002 1541 3102 libertatemque
1607 3009 1907 3103 ipsorum
1979 3006 2513 3103 Regnicolarum
2582 3017 2656 3080 et
2721 3004 3284 3081 consuetudinem
3352 3009 3691 3104 antiquam
3740 3010 3829 3081 in

502 3130 586 3183 se
621 3105 1028 3183 &notanus
1081 3117 1153 3182 et
1186 3112 1645 3204 continentes,
1693 3120 2058 3206 tangentes
2110 3153 2211 3164 ——
2264 3120 2579 3208 petentes
2629 3131 2760 3185 nos
2815 3133 2970 3184 cum
3018 3109 3374 3201 Ιιιειιιιιιιι,
3425 3120 3503 3183 ιιι
3533 3110 3831 3185 easdem

502 3213 765 3287 litteras
833 3209 1264 3309 presentibus
1331 3212 1573 3289 litteris
1634 3219 1889 3291 nostris
1960 3213 2320 3291 transcribi
2371 3224 2442 3288 et
2489 3218 2819 3289 transumi
2888 3212 3252 3306 facientes,
3321 3214 3585 3289 eisdem
3649 3213 3837 3290 dare

502 3325 577 3390 et
625 3315 1018 3391 concedere
1069 3316 1532 3411 dignaremur,
1598 3317 1860 3394 Jurium
1913 3322 2217 3415 ipsorum
2266 3321 2340 3391 in
2391 3319 2774 3392 cautellam.
2855 3318 3153 3406 Quarum
3207 3327 3410 3391 tenor
3456 3318 3614 3392 talis
3666 3330 3785 3395 est
3802 3345 3833 3393 ι

505 3419 985 3516 Sigismundus
1037 3418 1152 3493 dei
1201 3423 1420 3516 gratia
1472 3422 1634 3496 Rex
1682 3424 2061 3518 Hungarie,
2130 3421 2496 3514 Dalmatio,
2573 3419 2849 3497 Croatie
2900 3432 3035 3496 etc.
3087 3420 3529 3517 Marcbioque
3579 3420 3831 3497 Bran-

508 3523 1009 3619 denburgensis
1071 3533 1204 3597 etc.
1217 3576 1241 3615 ,
1320 3524 1520 3600 Sacri
1571 3525 1863 3600 Romani
1930 3526 2205 3623 Imperii
2274 3526 2588 3600 Vicarius
2642 3527 3015 3620 generalis,
3085 3536 3159 3600 et
3204 3524 3433 3621 Regni
3480 3525 3833 3603 Bobemie

510 3627 965 3719 Gubernator,
1036 3624 1349 3704 fidelibus
1420 3633 1563 3705 suis
1626 3628 1998 3727 spectabili
2064 3641 2135 3703 et
2202 3627 2572 3724 Magnifice
2624 3630 2796 3704 Viro
2848 3630 3144 3706 Domino
3214 3629 3608 3703 Hermanno
3666 3628 3839 3705 Go—

506 3735 647 3806 miti
702 3730 873 3807 Gilie
936 3741 1006 3806 et
1056 3731 1382 3828 Zagorie,
1443 3734 1916 3830 Dalmatieque
1969 3743 2041 3806 et
2094 3731 2397 3825 croatie,
2449 3756 2535 3807 ac
2586 3737 2792 3809 totius
2847 3734 3178 3808 Slavonie
3222 3732 3621 3829 Regnorum
3676 3757 3837 3810 no-

501 3846 797 3911 strorum
847 3835 1069 3928 Bano,
1122 3857 1258 3911 nec
1307 3858 1450 3911 non
1504 3836 1956 3912 Gubernatori
2026 3836 2480 3935 Episcopatus
2549 3836 3061 3934 Zagrabiensis,
3132 3861 3219 3912 ac
3268 3837 3831 3914 Decimatoribus

498 3963 627 4015 seu
676 3938 1138 4014 Exactoribus
1208 3940 1644 4016 Decimamm
1709 3941 2168 4040 Episcopatus
2230 3942 2569 4035 ejusdem,
2623 3965 2805 4016 nunc
2857 3943 3122 4018 scilicet
3173 3944 3557 4018 constitutis
3625 3953 3702 4016 et
3753 3947 3833 4020 in

499 4042 794 4118 futurum
850 4045 1370 4132 constituendis,
1425 4046 1712 4121 salutem
1766 4055 1837 4118 et
1871 4048 2183 4141 gratiam.
2285 4045 2479 4119 Licet
2527 4069 2658 4121 nos
2712 4050 3087 4144 premissas
3139 4044 3493 4135 Decimus,
3547 4045 3825 4142 frugum

497 4149 765 4224 scilicet
817 4158 888 4223 et
935 4150 1253 4222 vinorum
1306 4149 1724 4247 aliarumque
1775 4173 2004 4224 rerum
2057 4148 2422 4243 cujuslibet
2499 4154 2779 4245 generis
2842 4149 3066 4223 eidem
3116 4149 3587 4247 Episcopatni,
3640 4150 3831 4249 Epi-

498 4274 850 4350 scopoque
922 4253 1225 4326 ecclesie
1295 4252 1435 4327 loci
1487 4255 1825 4348 ejusdem,
1880 4276 1975 4328 ex
2026 4263 2221 4351 parte
2272 4251 2654 4328 Incolarum
2726 4253 3016 4352 praefati
3058 4252 3285 4348 Regni
3356 4259 3575 4328 nostri
3647 4253 3837 4328 Sla-

494 4360 709 4431 vonie
777 4359 1296 4454 provenientes,
1370 4362 1579 4434 certis
1650 4361 1879 4434 causis
1951 4379 2085 4435 nos
2152 4356 2581 4453 urgentibus,
2651 4361 2724 4432 in
2790 4379 2972 4432 anno
3041 4360 3358 4455 proxime
3430 4358 3720 4434 evoluto
3784 4383 3828 4433 a

493 4456 913 4536 Reverendo
983 4463 1053 4532 in
1119 4457 1391 4535 Christo
1446 4472 1637 4558 patre
1692 4461 1969 4536 domino
2047 4458 2451 4536 Eberhardo
2520 4461 2865 4561 Episcopo
2936 4471 3259 4540 annotate
3327 4460 3843 4558 anmbiensis

497 4566 800 4641 ecclesie
871 4563 1286 4639 conductive
1355 4569 1796 4663 recipientes,
1866 4568 1936 4639 in
1990 4568 2225 4662 specie
2288 4575 2360 4639 et
2408 4569 2479 4639 ιιι
2533 4566 2798 4659 colore,
2869 4575 3107 4640 contra
3160 4565 3696 4641 consuetudines
3752 4577 3850 4644 et

494 4667 846 4745 libertates
916 4672 1227 4766 antiquas
1291 4668 1603 4763 ejusdem
1656 4669 1883 4765 Regni
1933 4671 2152 4746 nostri
2203 4672 2418 4767 recipi
2470 4679 2543 4744 et
2591 4673 2783 4767 exigi
2832 4669 3245 4746 faceremus.
3322 4669 3588 4745 Tamen
3643 4693 3842 4769 sup-—

492 4771 972 4870 plicationibus
1025 4770 1376 4867 nobilium,
1429 4772 1827 4867 Procerum,
1881 4773 2302 4870 aliorumque
2347 4771 2732 4849 Incolarum
2787 4774 2949 4850 dicti
2997 4773 3226 4871 Regni
3275 4777 3495 4851 nostri
3547 4773 3831 4850 διανο-

493 4880 638 4971 nie,
689 4887 927 4952 nostre
980 4899 1106 4975 pro
1161 4878 1539 4952 eorundem
1591 4888 1785 4976 parte
1838 4875 2224 4971 subjective
2277 4877 2522 4953 oblatis
2572 4877 2944 4973 lajestati,
2993 4876 3465 4954 favorabiliter
3512 4880 3833 4955 inclinati

492 4985 969 5058 concessimus
1023 4991 1096 5056 et
1144 4985 1541 5057 annuimus:
1622 4992 1701 5057 vt
1749 4985 2063 5057 vniversi
2110 4979 2498 5077 Regnicole
2551 4985 2770 5058 nostri
2823 4981 3213 5077 hujusmodi
3264 4980 3590 5057 Decimae
3644 5004 3833 5083 pre-

489 5096 690 5162 tacto
709 5084 1059 5183 Episcopo
1097 5090 1615 5182 provenientes,
1668 5086 1756 5162 de
1792 5084 2303 5184 quibuscunque
2345 5084 2555 5162 rebus
2599 5108 2866 5177 eorum,
2902 5109 3043 5162 non
3077 5090 3149 5161 in
3186 5090 3427 5184 specie
3460 5096 3537 5160 et
3574 5088 3831 5162 colore

493 5190 619 5267 sed
671 5188 880 5264 modo
934 5186 1019 5264 ab
1073 5192 1349 5286 antiquo
1402 5199 1742 5267 consveto
1797 5189 1990 5283 dare,
2045 5190 2325 5265 solvere
2372 5200 2443 5264 et
2478 5193 2975 5266 amministrare
3028 5200 3416 5284 teneantur,
3469 5190 3841 5267 mandan-

493 5304 603 5368 tes
653 5304 892 5369 vesue
946 5292 1248 5367 fidelitati
1315 5292 1595 5369 firmiter
1648 5304 1718 5368 et
1770 5293 2075 5369 districte
2126 5315 2254 5391 per
2303 5304 2695 5392 presentes,
2767 5305 3102 5393 quatenus
3163 5294 3416 5370 amodo
3486 5293 3847 5395 deinceps

493 5397 564 5470 in
614 5406 812 5504 antea
867 5400 1279 5493 proscriptas
1331 5396 1654 5473 Decimas
1708 5420 1748 5469 a
1795 5397 2081 5494 prefatis
2118 5395 2396 5491 Incolis,
2452 5396 2578 5474 sub
2627 5396 3111 5478 Jurisdictione
3166 5397 3327 5476 dicti
3360 5397 3847 5501 Episcopatus
