3950 5917
578 393 738 469 1ae

572 596 1043 673 Praedonibus
1094 598 1402 673 vendere
1454 602 1681 675 asveti
1730 602 1889 692 sint,
1940 598 2239 695 benig-ue
2290 619 2513 697 seque
2560 598 3006 690 ιοωινιιιιιιι,
3072 608 3148 673 ιιι
3195 598 3678 698 dispositiones
3721 623 3838 678 no-

573 712 761 777 strae
830 701 1272 777 fundamento
1322 703 1647 777 Articuli
1680 703 1804 778 29.
1869 706 2292 779 novissimae
2343 703 2631 777 Disetss
2679 712 3002 799 respectu
3055 704 3369 778 similium
3420 703 3837 794 Quaestoru-

570 815 649 880 οι
710 804 1165 880 llereatorum
1234 806 1701 899 Threicorum,
1780 811 1896 904 qui
1943 806 2194 884 subditi
2257 806 2531 881 Turcici
2580 815 2762 900 sunt,
2815 827 2943 903 per
2989 806 3408 902 ungariam
3475 808 3724 901 factae,
3778 819 3839 885 ι

569 907 897 983 videficet
963 912 1276 984 minutias
1328 920 1399 985 et
1466 921 1664 985 extra
1731 910 2040 1008 publicas
2107 910 2459 985 Nundinas
2527 932 2682 984 cum
2751 908 2960 985 rebus
3013 919 3085 985 et
3149 910 3498 987 Hei-cibus
3563 913 3840 988 Ἥυισιιιι

572 1013 947 1100 Quaestum
998 1036 1338 1089 exercere
1389 1035 1529 1089 non
1573 1015 1892 1107 audeant,
1944 1038 1987 1089 a
2024 1015 2326 1104 Quaestu
2361 1024 2587 1089 autem
2623 1036 2777 1088 cum
2812 1014 2966 1087 aliis
3000 1013 3208 1089 rebus
3248 1024 3320 1089 et
3351 1015 3695 1092 Hercibus
3729 1039 3844 1091 ιιαι

570 1116 881 1193 Turcicis
932 1122 1198 1214 penitus
1250 1129 1635 1210 arceantur,
1711 1123 1915 1194 etiam
1968 1119 2057 1193 ad
2109 1117 2456 1216 praefatos
2507 1121 3172 1214 neo-incorporatos
3225 1116 3599 1195 Comitatus
3664 1119 3846 1194 indu—

570 1232 837 1310 cantur,
914 1221 1165 1296 ibidem
1216 1222 1304 1296 ad
1354 1222 1672 1297 Notitiam
1744 1224 2011 1298 illorum
2062 1221 2487 1322 publicentur
2534 1232 2608 1296 et
2657 1244 2781 1318 pro
2833 1220 3059 1296 futuro
3112 1220 3339 1297 debite
3389 1223 3846 1316 observentur,

573 1324 737 1399 dato
786 1336 1015 1399 tamen
1063 1329 1174 1416 iis,
1230 1329 1346 1423 qui
1396 1326 1726 1402 hactenus
1778 1349 1932 1404 cum
1985 1327 2193 1401 rebus
2245 1349 2386 1401 non
2418 1326 2726 1401 Turcicis
2760 1324 3089 1413 Questum
3142 1347 3481 1401 exercere
3533 1326 3848 1421 solebant,

570 1450 699 1526 pro
752 1428 1194 1505 distractione
1246 1431 1584 1524 ejusmodi
1635 1430 1963 1506 Mei-cium
2017 1453 2292 1505 suarum
2345 1441 2538 1505 certo
2601 1451 2687 1504 ac
2737 1432 3147 1527 competenti
3197 1430 3541 1505 Termino.

884 1559 1249 1634 Caeterum
1327 1560 1417 1633 ad
1490 1560 1882 1636 Instantiam
1937 1560 2310 1636 Comitatus
2362 1557 2808 1657 syrmiensis,
2888 1568 2964 1632 ut
3029 1558 3548 1634 Petrovaradini
3625 1561 3853 1658 aliquot

574 1665 818 1742 saltem
871 1664 1170 1739 Scholae
1221 1663 1656 1740 humaniores
1707 1689 1832 1764 pro
1884 1664 2256 1740 erudienda
2308 1667 2511 1738 etiam
2580 1664 2843 1737 illarum
2895 1661 3191 1737 Partium
3240 1663 3610 1738 Juventuie
3668 1665 3850 1738 indu-

570 1779 840 1860 cantur,
884 1770 1028 1862 jam
1079 1766 1378 1864 benigne
1433 1769 1914 1866 disposuimus,
1964 1779 2039 1842 ut
2087 1767 2364 1843 Fundus
2415 1766 2673 1842 idcirco
2725 1770 3092 1864 requisitus
3145 1789 3271 1863 per
3321 1768 3681 1842 Cameram
3727 1791 3848 1843 no-

572 1882 786 1949 stram
837 1875 1258 1969 exquiratur,
1310 1882 1382 1947 et
1424 1872 1542 1947 illo
1594 1883 1972 1970 comperto,
2025 1872 2245 1947 Petito
2297 1871 2608 1965 ejusdem
2643 1866 3017 1946 Comitatus
3063 1869 3429 1945 deferatur.
3508 1870 3850 1947 Praeterea

574 1985 804 2050 autem
870 1978 1213 2071 injugetur
1280 1976 1507 2051 eidem
1578 1974 1939 2051 Comitatui
2008 1976 2416 2074 syrmiensi,
2489 1984 2563 2049 ut
2636 1973 2862 2071 quoad
2933 1972 3491 2067 Commoditates,
3564 1986 3698 2050 tam
3743 1998 3849 2074 pro

574 2078 865 2178 publicis
926 2079 1235 2174 eJ‘usdem
1288 2079 1661 2156 Comitatus
1717 2078 2150 2172 Carceribus,
2222 2101 2423 2174 quam
2475 2077 2844 2153 Carcernm
2912 2076 3275 2151 Praefecto
3334 2080 3494 2173 jure
3564 2082 3852 2177 precario

574 2181 908 2258 hactenus
951 2207 992 2255 a
1028 2184 1346 2258 Dominio
1396 2181 1661 2258 lllokini
1713 2184 2004 2275 habitas,
2048 2188 2193 2277 jam
2244 2205 2419 2256 vero
2471 2205 2598 2279 per
2645 2179 3031 2255 Dominium
3084 2181 3541 2276 difficultatas,
3593 2207 3713 2282 pro
3751 2183 3852 2255 ul-

572 2291 812 2362 teriori
845 2284 1218 2365 Comitatus
1269 2310 1399 2363 usu
1450 2298 1521 2362 et
1572 2292 1990 2363 necessitate
2035 2286 2542 2384 relinquendas,
2595 2307 2751 2359 cum
2785 2284 3033 2360 eodem
3067 2284 3412 2379 Dominio,
3461 2310 3682 2385 usque
3714 2287 3852 2362 dun

577 2389 953 2466 Comitatus
1004 2394 1153 2488 ipse
1207 2395 1279 2466 in
1330 2390 1525 2465 Statu
1577 2391 1780 2465 fuerit
1851 2390 1982 2467 sibi
2051 2391 2389 2485 ejusmodi
2441 2387 2906 2464 Comoditates
2985 2390 3345 2463 extruendi
3411 2392 3532 2464 vel
3586 2413 3852 2489 compa-

575 2494 799 2586 randi,
871 2494 959 2569 de
1015 2504 1206 2570 certo
1261 2506 1548 2570 eatenus
1602 2518 1825 2570 annue
1877 2495 2217 2571 solvendo
2270 2497 2780 2592 proportionato
2833 2489 3065 2567 Ceusu
3144 2498 3523 2569 convenire
3576 2506 3647 2569 et
3693 2517 3852 2570 con-

575 2598 850 2673 trahere
904 2599 1196 2688 studeat,
1250 2609 1319 2673 et
1369 2600 1505 2673 boc
1555 2602 1770 2697 ipsum
1824 2602 2028 2673 etiam
2069 2595 2547 2673 vice-Comes
2590 2596 2902 2692 ejusdem
2955 2594 3352 2689 Comitatus,
3407 2600 3638 2696 quoad
3686 2619 3852 2674 suan

577 2700 1168 2794 Commoditatem,
1245 2705 1377 2776 nisi
1428 2701 1607 2775 aliud
1660 2702 2018 2802 quodpiam
2087 2700 2435 2776 fundatum
2484 2702 2611 2777 Jus
2662 2700 2749 2774 ad
2803 2698 3091 2775 eandem
3143 2699 3452 2795 haberet,
3524 2701 3748 2795 faciat,
3792 2709 3853 2775 ut

573 2803 713 2881 boc
764 2804 971 2881 modo
1023 2805 1454 2882 ulterioribus
1507 2805 1668 2881 dicti
1717 2806 2013 2900 Dominij
2071 2806 2525 2895 Querimoniis
2580 2803 2731 2880 finis
2781 2809 3183 2901 imponatur.

886 2936 977 3010 Et
1022 2938 1181 3032 quia
1232 2935 1625 3011 Fidelitates
1677 2946 1958 3011 vestrae
2011 2936 2098 3010 ad
2150 2935 2355 3028 hujus
2408 2931 2782 3010 Comitatus
2836 2933 3342 3024 Querimoniam
3395 2933 3524 3010 sub
3588 2938 3698 3011 die
3743 2934 3848 3009 24.

574 3037 841 3114 nensis
894 3039 1211 3114 Octobris
1264 3044 1421 3113 anni
1471 3044 1843 3137 paaeteriti,
1911 3038 2129 3115 Nobis
2181 3039 2484 3113 demisse
2551 3047 3216 3136 repraesentassent,
3284 3039 3465 3135 quod
3523 3038 3851 3116 Generalis

583 3140 823 3239 Campi
869 3142 1307 3218 Mareschalli
1355 3144 1857 3220 Locumteneus
1909 3154 2149 3219 noster
2196 3143 2378 3218 Baro
2429 3142 2919 3239 Engelshoffen
2971 3164 3098 3241 pro
3150 3145 3632 3241 aequivalente
3670 3145 3852 3241 partis

576 3244 890 3323 Militaris
956 3246 1231 3323 Fossati
1300 3250 1515 3322 nostri
1567 3248 2169 3322 Petrovaradieusi
2239 3269 2419 3322 anno
2486 3250 2854 3345 praeterito
2905 3244 3204 3342 benigne
3256 3269 3478 3344 aeque
3550 3252 3850 3343 incorpo-

578 3359 801 3443 ratae,
871 3373 967 3425 ex
1036 3351 1218 3426 dicto
1289 3350 1623 3426 Comitatu
1693 3352 2075 3449 Syrmiensi
2144 3350 2387 3426 decem
2448 3351 2636 3425 Loca
2683 3350 3011 3424 ‘avellere
3060 3359 3133 3423 et
3192 3350 3280 3423 ad
3333 3349 3643 3427 Confluia
3690 3350 3854 3425 Mili-

579 3457 752 3529 taria
805 3457 1148 3553 applicare
1198 3456 1519 3542 voluerit,
1588 3459 1879 3546 interim,
1953 3457 2073 3530 ille
2126 3456 2425 3553 desuper
2492 3457 2896 3529 constitutus
2963 3463 3190 3530 semet
3235 3453 3424 3530 Loca
3461 3457 3590 3532 illa
3637 3456 3852 3554 proie-

580 3567 813 3634 ctasse
864 3558 1216 3651 duntaxat,
1278 3581 1418 3634 uon
1469 3570 1694 3633 autem
1758 3560 2066 3635 avellere
2116 3560 2427 3633 voluisse
2477 3558 2849 3656 respoudit.

892 3713 1148 3802 Quibus
1199 3713 1484 3814 proinde
1539 3717 1827 3810 praevio
1881 3713 2088 3788 modo
2139 3711 2436 3810 benigne
2487 3715 2806 3788 resolutis
2859 3723 2932 3787 et
2982 3713 3354 3811 dispositis,
3421 3711 3854 3789 Fidelitatibus

580 3821 836 3893 vestris
886 3817 1184 3913 benigne
1238 3821 1714 3893 committimus
1768 3840 1857 3890 ac
1908 3817 2335 3910 mandamus,
2411 3829 2742 3914 quatenus
2795 3816 3039 3891 eadem
3092 3818 3290 3894 dictis
3338 3818 3592 3917 Syrmij
3647 3828 3714 3892 et
3755 3821 3852 3892 ιιι-

580 3920 860 3996 ferioris
912 3922 1328 3996 sclavoniae
1382 3919 1828 3997 Comitatibus
1894 3944 2022 4017 pro
2091 3925 2390 4021 ipsorum
2461 3921 2836 3996 directione
2898 3926 3292 4018 respective
3343 3933 3414 3995 et
3465 3922 3692 3997 debita
3737 3920 3852 3995 ob-

582 4029 980 4101 servatione
1029 4029 1340 4099 intimare
1392 4028 1734 4099 noverint.
1842 4024 2100 4113 Quibus
2151 4029 2220 4099 ιιι
2264 4024 2529 4120 reliquo
2584 4028 2800 4120 gratia
2853 4032 2927 4099 et
2975 4024 3351 4100 Clementia
3403 4036 3642 4100 nostra
3691 4024 3856 4099 Cae-

582 4128 1062 4224 sareo-Regia
1111 4128 1409 4224 benigue
1468 4130 1858 4226 jugiterque
1924 4151 2316 4225 propensae
2369 4151 2742 4204 manemus.
2845 4127 3093 4202 Datum
3146 4133 3215 4202 in
3265 4129 3704 4204 Archidncali
3747 4126 3853 4201 ffi-

579 4235 798 4308 vitate
850 4244 1082 4308 nostra
1133 4233 1400 4307 Vienna
1451 4231 1803 4320 Austriue,
1880 4231 1994 4306 die
2047 4233 2348 4331 Septima
2399 4231 2659 4308 Mensis
2706 4231 2957 4326 Martii,
3025 4233 3233 4308 Anno
3300 4233 3578 4309 Domini
3648 4232 3852 4309 uillo-

574 4337 759 4412 simo
814 4337 1433 4436 Septingentesimo
1497 4336 2038 4433 Quadragesimo
2092 4336 2418 4436 Septimo.

891 4544 1144 4619 llaria
1192 4543 1586 4620 Theresia
1640 4567 1728 4619 m.
1764 4567 1832 4641 p.

2226 4745 2479 4826 Comes
2529 4750 2918 4849 Leopoldus
2971 4750 3061 4827 de
3109 4750 3388 4828 Nadasd
3442 4775 3531 4827 m.
3579 4774 3644 4851 p.

2461 4923 2869 5001 Franciscus
2920 4926 3162 5002 Koller
3219 4949 3307 5001 m.
3356 4948 3424 5025 p.

1831 5181 1908 5245 n·
1952 5182 2260 5263 iares-ieri
2293 5185 2628 5265 marniae.-

888 5334 2340 5473 ξιιιῃῐιίῷιιιαιιδιιῧιωᾶἱᾲὲιᾰιιδο.
