3950 5917
487 423 642 514 253

488 647 681 719 ximo
735 652 1016 740 gentem
1067 641 1246 715 hanc
1284 642 1682 716 affecerunt.
1790 642 1965 715 Huic
2017 643 2223 737 igitur
2282 651 2354 716 et
2401 650 2591 717 tanto
2644 643 2855 732 malo,
2908 653 3283 738 nostroque
3336 646 3614 718 omnium
3662 667 3775 720 su-

482 755 732 844 premo
806 745 1162 842 dispendio
1232 746 1551 820 volentes
1606 750 1741 818 iam
1791 745 2070 819 tandem
2143 765 2559 835 occurrere;
2639 768 2729 820 ne
2784 748 2846 818 si
2897 746 3301 819 modernum
3367 750 3775 838 graciosissi-

490 871 678 922 rmum
731 849 1076 924 dominum
1128 855 1462 939 nostrum,
1522 847 1871 922 dominum
1920 837 2378 921 wladislaum
2425 847 2700 942 Regem
2750 847 3103 942 Hungarie
3156 859 3227 922 et
3276 847 3593 922 Bohemie
3639 853 3775 941 tice„

490 955 611 1050 qui
656 974 787 1027 nos
840 955 909 1026 in
964 954 1150 1025 omni
1200 955 1437 1046 gracia
1494 960 1565 1026 et
1612 950 1928 1025 libertate
1966 961 2121 1024 'noh
2176 950 2388 1054 modo
2437 953 2763 1046 graciose
2813 955 2999 1024 rexit
3047 961 3119 1024 et
3172 945 3621 1042 conseruauit,
3667 954 3778 1026 sed

493 1059 699 1128 etiam
754 1053 985 1152 plures
1038 1053 1391 1128 libertates
1445 1064 1718 1129 nostras
1770 1053 2198 1142 reformauit,
2252 1052 2338 1126 ab
2390 1053 2523 1126 bac
2561 1055 2731 1128 'luce
2785 1052 3047 1152 absque
3093 1051 3474 1128 ‘heredibus
3519 1073 3780 1128 mascu-
3901 1125 3904 1142 γ

490 1158 651 1232 linis
722 1151 1068 1232 decedere
1134 1161 1490 1252 'contingat
1556 1179 1686 1230 nos
1758 1167 1829 1230 et
1896 1157 2032 1230 hoc
2099 1155 2419 1251 Regnum
2487 1160 2558 1230 in
2618 1159 2864 1230 maiori
2934 1157 3328 1231 discrimine
3395 1167 3781 1253 permaneat,
3903 1147 3904 1222 ]

489 1272 567 1335 et
617 1283 706 1334 ne
761 1265 1118 1356 quisquam
1168 1259 1548 1335 forensium
1598 1261 1987 1356 Principum
2039 1258 2356 1354 Regnum
2406 1258 2589 1334 istud
2641 1260 2772 1335 sibi
2821 1259 3168 1334 violenter
3219 1270 3521 1356 usurpet,
3581 1277 3782 1354 neque

489 1367 565 1438 in
608 1368 1018 1439 ‘seruitutem
1067 1374 1465 1460 perpetuam
1518 1363 1807 1457 redigat.
1911 1361 2216 1436 Maxime
2286 1366 2491 1436 etiam
2545 1372 2617 1437 et
2666 1366 2991 1460 precipue
3045 1381 3132 1435 ea
3183 1364 3467 1436 racione
3522 1353 3782 1447 inducti,

492 1467 679 1564 quod
728 1485 857 1564 per
903 1475 1120 1540 totum
1173 1465 1409 1540 orbem
1484 1467 1663 1539 nulla
1737 1465 2115 1562 dinoscitur
2180 1469 2382 1539 nacio
2456 1479 2584 1539 seu
2636 1487 2839 1570 gens,
2912 1487 3046 1562 que
3117 1486 3256 1539 non
3328 1463 3417 1564 de
3484 1474 3678 1559 gente
3725 1473 3783 1535 et

488 1571 834 1665 “sanguine
904 1580 1109 1667 atque
1177 1573 1473 1642 nacione
1544 1583 1668 1644 sua
1741 1565 2007 1664 Regem
2079 1578 2150 1642 et
2215 1569 2579 1642 Dominum
2652 1568 2780 1643 sibi
2841 1567 3152 1661 eligeret.
3257 1567 3366 1640 Ne
3403 1569 3613 1662 igitur
3670 1565 3785 1639 hoc

480 1647 849 1767 Regnum,
924 1672 1106 1768 quod
1175 1673 1596 1746 antemurale
1666 1671 2090 1769 clypeusque
2161 1669 2681 1745 Christianitatis
2752 1673 3014 1761 existit,
3067 1679 3158 1743 ·et
3225 1679 3476 1763 magna
3543 1687 3659 1742 sua
3730 1678 3789 1742 et

488 1779 776 1851 'suorum
831 1776 1006 1849 cede
1061 1793 1337 1872 semper
1389 1771 1960 1848 christianitatem
2012 1779 2232 1870 ipsam
2284 1773 2615 1863 defendit,
2668 1776 2893 1848 minus
2946 1782 3017 1846 et
3069 1772 3568 1869 quodammodo
3616 1769 3788 1844 infe·

490 1877 696 1955 licius
759 1880 910 1953 aliis
964 1901 1126 1952 esse
1179 1877 1525 1968 videatur,
1596 1882 1942 1952 sancimus
1997 1889 2069 1951 et
2118 1881 2531 1951 vnanimiter
2596 1889 2839 1950 omnes
2889 1899 2931 1947 a
2983 1879 3250 1949 minore
3305 1876 3395 1948 ad
3446 1877 3789 1947 maximum

499 1992 572 2055 et
622 2005 663 2055 a
718 1985 1017 2055 maximo
1071 1980 1155 2055 ad
1212 1984 1546 2055 minorem
1599 1985 1951 2055 statuimus
2006 1990 2078 2053 et
2113 1981 2552 2054 ordinamus:
2646 1969 2847 2068 Quo'd
2899 1999 2941 2050 a
2994 1977 3202 2051 modo
3253 1977 3579 2073 ‘deinceps
3627 1993 3793 2071 'quo-

500 2089 921 2180 ciescunque
975 2095 1046 2158 et
1098 2086 1640 2182 quandocunque
1710 2085 1846 2158 hoc
1915 2083 2233 2177 Regnum
2300 2083 2616 2178 Principe
2687 2093 2758 2156 et
2795 2079 3007 2176 'Rege
3078 2079 3454 2170 orbabitur‚
3523 2080 3793 2173 nullique

486 2173 798 2262 ‘heredes
854 2183 1139 2261 masculi
1190 2185 1279 2260 de
1327 2187 1494 2261 Jure
1546 2197 1748 2282 atque
1801 2186 2298 2259 consuetudine
2364 2186 2672 2258 eiusdem
2725 2186 2952 2278 Regni
3023 2183 3410 2258 succedere
3489 2181 3792 2255 debentes

488 2291 907 2386 ‘superstites
968 2294 1435 2364 remanserint
1502 2301 1756 2363 extunc
1827 2289 1915 2362 de
1969 2299 2208 2362 cetero
2281 2292 2349 2360 in
2401 2307 2525 2383 per
2572 2297 2802 2359 etuum
2873 2286 3128 2359 nullum
3195 2291 3468 2383 penitus
3531 2296 3795 2357 extera-

502 2417 652 2467 rum
705 2397 1067 2468 nacionum
1141 2396 1607 2487 cuiuscunque
1659 2394 1988 2486 linguagii
2041 2445 2348 2464 .......
2381 2394 2470 2462 'in
2523 2310 2792 2485 Regem
2861 2398 3171 2463 nostrum
3241 2390 3618 2485 eligemus;
3685 2384 3795 2458 sed

502 2496 969 2570 tantummodo
1025 2495 1420 2591 Hungarum
1493 2495 1581 2568 ad
1633 2494 1768 2568 hoc
1822 2494 2124 2568 officium
2194 2495 2549 2587 regiminis
2621 2503 2846 2590 aptum
2900 2502 2971 2565 et
3021 2492 3343 2566 idoneum
3414 2491 3606 2589 parili
3654 2497 3799 2562 voto

503 2611 579 2673 et
629 2603 931 2673 vnanimi
1004 2607 1350 2672 consensu
1422 2608 1493 2671 et
1554 2598 1942 2688 voluntate,
2013 2601 2082 2670 in
2155 2618 2397 2692 campo
2471 2595 2799 2668 duntaxat
2865 2594 3104 2670 Rakos
3177 2604 3248 2669 et
3295 2616 3442 2668 non
3493 2593 3646 2666 alibi
3695 2610 3797 2686 pro

505 2702 783 2777 domino
820 2707 908 2775 'et
957 2701 1158 2795 Rege
1216 2712 1466 2773 ‘nostro
1537 2711 2066 2792 assummemus‚
2138 2701 2540 2798 eligereque
2592 2709 2663 2772 et
2707 2711 3069 2773 assumere
3127 2709 3217 2771 'ac
3270 2708 3635 2794 acreptare
3684 2694 3801 2764 de·-

496 2803 812 2879 beamus.
900 2801 1252 2891 'Quoniam
1307 2811 1534 2877 autem
1586 2811 1865 2876 'exstant
1914 2801 2218 2876 nonnulli
2255 2788 2622 2898 'Principes
2675 2811 2748 2874 et
2797 2802 3035 2896 Reges
3085 2804 3325 2890 vicini,
3395 2804 3509 2895 qui
3564 2798 3643 2870 ad
3687 2797 3802 2867 hoc

490 2907 823 3001 Regnum
860 2915 997 3006 ¹pro
1050 2930 1128 2981 se
1181 2907 1684 2981 vendicandum
1737 2907 2038 3002 quotidie
2092 2897 2437 2995 anhelant,
2505 2909 2620 3000 'qui
2667 2914 2825 3001 post
2873 2904 3126 2976 obitum
3192 2903 3443 3000 prefati
3497 2902 3801 2975 Serenis-

498 3011 969 3102 'simido‘iiiini
1012 2992 1508 3103 no‘s'tri‘Regis„
1550 3009 1896 3104 ‘siquidem
1952 3003 2212 3104 absque
2247 2993 2631 3081 ‘heredibus
2687 3007 3037 3097 masculis,
3092 2993 3274 3102 quo¹d
3307 2995 3507 3080 Deus
3543 3010 3801 3086 auertat,

492 3112 908 3202 decederet,
980 3115 1099 3187 vel
1148 3118 1372 3185 ‘etiam
1414 3117 1528 3184 “eo
1578 3116 1666 3184 ‘in
1722 3112 2050 3185 'humanis
2119 3109 2352 3183 ‘adlm’c
2419 3119 2669 3203 agente
2741 3110 2875 3183 hoc
2941 3099 3259 3204 Regnum
3306 3111 3432 3183 vel
3482 3117 3702 3205 partes
3750 3112 3806 3174 et

490 3205 816 3290 ”membra
867 3221 1015 3289 sisa
1074 3220 1295 3290 'armi‘s
1348 3209 1697 3309 impetere
1768 3223 1883 3286 aut
1932 3213 2218 3309 ‘agi-edi„
2290 3217 2645 3309 ipsumque
2695 3223 2769 3284 ‘et
2819 3229 2950 3286 nos
3003 3223 3247 3285 omnes
3301 3216 3379 3285 vi
3429 3211 3711 3285 forsitan
3751 3215 3808 3276 et

492 3322 720 3391 'armis
758 3318 971 3393 '‘sub‘iu
1025 3327 1144 3391 are
1190 3303 1328 3393 'sibi
1366 3325 1836 3406 'conarentur3
1864 3321 1979 3390 ‘lte
2025 3320 2236 3411 i'gittir
2265 3321 2357 3390 ‘in
2391 3307 2528 3389 ‘ta'li
2581 3327 2749 3389 ‘casu
2801 3315 2940 3388 hoc
2989 3320 3208 3412 ipsum
3251 3303 3610 3409 Regnum,
3661 3329 3810 3407 par-

494 3419 757 3517 'tes'q'ue
813 3425 965 3496 'eius'
1012 3427 1147 3516 ein,
1222 3415 1293 3495 et
1342 3425 1644 3494 maxime
1702 3415 1967 3494 'fratres
2041 3433 2111 3493 et
2163 3423 2364 3492 ainici
2393 3422 2633 3493 ‘nostri
2684 3423 2755 3492 in
2808 3407 3188 3491 confinibus
3259 3422 3643 3492 existentes
3707 3429 3813 3508 per

493 3526 801 3599 'eosdem
856 3525 991 3598 h‘o'c
1041 3521 1360 3620 Regnum
1428 3535 1664 3621 'pr'e‘ter
1712 3533 2038 3597 'nostram
2110 3527 2497 3595 vnanimem
2572 3523 2980 3595 electionem
3035 3531 3103 3593 et
3158 3533 3400 3594 contra
3458 3515 3811 3592 huiusmodi

492 3613 852 3702 ‘Statutum
916 3633 1223 3702 nostruin
1296 3637 1423 3703 s‘eu
1477 3621 1683 3700 etlam
1757 3625 1926 3700 alias
2002 3627 2556 3721 qualitercunque
2626 3646 2971 3722 occupare
3045 3634 3116 3697 et
3168 3628 3337 3719 ipsis
3405 3623 3817 3719 appropriare

512 3723 841 3803 'vdl‘entes
926 3736 1436 3828 opprimantur3
1506 3732 1947 3825 'promisimus
2021 3739 2091 3800 ‘et
2158 3731 2552 3817 iurauitnus,
2632 3729 3217 3824 promittimusque
3290 3738 3364 3798 et
3423 3733 3717 3799 iuramus
3762 3724 3818 3790 in

494 3837 773 3907 *nostris
815 3855 899 3905 ac
938 3834 1264 3907 heredum
1306 3845 1376 3907 et
1414 3839 1898 3906 successorum
1951 3841 2338 3903 nostrorum
2385 3830 2771 3904 ‘nominibus
2828 3843 2897 3904 et
2948 3834 3264 3925 personis
3320 3852 3569 3903 omnes
3623 3830 3819 3921 stipu-

494 3929 651 4009 'lata
698 3945 928 4026 manu,
966 3943 1112 4011 “nos
1144 3933 1401 4008 Prelati
1438 3936 1523 4007 ad
1562 3944 1795 4008 nostre
1845 3938 2284 4009 consciencie
2338 3938 2690 4030 puritatem
2731 3957 2858 4007 nos
2895 3951 3070 4007 vero
3107 3931 3449 4018 Bai-ones„
3507 3933 3820 4004 Proceres

515 4050 587 4112 et
638 4035 925 4113 Nobiles
976 4038 1224 4136 prefati
1278 4031 1620 4111 ad'fi‘dem
1676 4050 1980 4113 nostram
2037 4037 2513 4126 Christianam„
2594 4049 2796 4132 atque
2845 4037 3183 4109 honorem
3240 4046 3309 4108 et
3361 4036 3822 4108 humanitatem

498 4151 851 4234 ”nosti-am,
921 4142 1103 4237 quod
1153 4146 1223 4215 in
1276 4143 1394 4214 tali
1428 4153 1599 4216 casu
1648 4141 1870 4215 nullus
1925 4141 2211 4214 alterum
2267 4141 2721 4234 derelinquet,
2794 4140 2919 4214 sed
2992 4139 3162 4211 alter
3210 4140 3416 4212 'alteri
3475 4135 3823 4212 secundum

498 4245 1005 4319 ‘liinitacionem
1058 4245 1424 4342 superinde
1478 4245 1728 4317 iacta‘in
1783 4253 1934 4317 cu‘m
1980 4245 2294 4338 gentibus
2351 4247 2493 4317 suis
2545 4247 2733 4315 iuxta
2788 4253 3105 4315 contenta
3161 4244 3520 4336 generalis
3569 4233 3825 4313 Deci-eti

498 4352 737 4422 ‘n‘ostri
793 4358 1214 4424 conseruare
1260 4339 1588 4436 debeant„
1642 4359 1713 4421 et
1763 4348 1920 4420 dum
1978 4370 2150 4444 opus
2206 4351 2358 4435 erit,
2413 4351 2654 4420 maiori
2709 4351 2914 4419 etiam
2967 4348 3309 4442 potencia,
3381 4363 3524 4442 ‘qua
3578 4343 3822 4441 poterit,

518 4461 801 4552 semper
854 4462 924 4526 et
975 4454 1243 4547 quidem
1298 4456 1365 4526 in
1420 4462 1730 4548 tempore
1782 4439 2076 4524 ‘fideliter
2131 4472 2563 4541 succurrere,
2615 4453 2754 4522 imo
2808 4453 2872 4523 si
2913 4452 3390 4524 necessarium
3445 4449 3674 4536 fuerit,
3724 4455 3825 4516 to-

497 4563 662 4654 ftui'n
692 4554 851 4627 'ho'c
903 4555 1216 4649 Regnum
1257 4566 1325 4628 et
1362 4565 1868 4650 consequenter
1902 4563 2045 4627 'nos
2093 4573 2337 4627 omnes
2391 4575 2514 4649 per
2551 4553 2819 4646 singula
2875 4556 3092 4650 'capita
3148 4556 3546 4645 insurgere,
3601 4551 3827 4642 talique

498 4657 707 4730 *li‘o'sti
755 4665 1126 4732 occurrere
1160 4669 1250 4731 ‘et
1300 4673 1425 4755 pro
1477 4662 1624 4753 ipsa
1673 4661 1885 4752 'patria
1959 4668 2196 4730 nostra
2257 4678 2481 4751 vsque
2536 4657 2621 4728 a‘d
2676 4666 2964 4729 mortem
3038 4656 3400 4729 decertare
3465 4667 3827 4728 teneamur.

503 4761 676 4864 :Nec
748 4764 1011 4834 interim
1082 4751 1224 4834 vllo
1298 4771 1496 4856 pacto
1552 4767 1835 4834 cessare
1908 4759 2311 4850 debeamus,
2383 4760 2609 4832 'donec
2662 4770 2732 4832 et
2783 4779 3142 4855 quovsque
3197 4781 3325 4831 nos
3363 4777 3424 4830 'a
3482 4762 3603 4831 tali
3653 4757 3830 4828 hoste

520 4868 591 4936 in
646 4863 1029 4937 libertatem
1083 4863 1598 4937 vendicabimus
1655 4875 1725 4936 et
1758 4863 2089 4957 'Regnum
2145 4864 2281 4936 boc
2334 4863 2419 4935 ab
2472 4864 2655 4935 illius
2708 4865 3144 4958 impeticione
3211 4884 3334 4936 seu
3392 4863 3830 4934 infestacione

508 4963 665 5041 ‘nei
737 4968 992 5040 auxilio
1074 4961 1510 5041 liberabimus
1584 4977 1651 5039 et
1720 4972 1786 5039 in
1859 4967 2382 5063 tranquilitatem
2459 4970 2756 5062 priorem
2825 4979 3269 5062 reponemus.
3378 4967 3459 5038 Si
3515 4970 3628 5059 qui
3681 4956 3832 5032 vei-o

508 5079 837 5143 ‘nostrum
874 5075 1300 5144 'eontrarium
1357 5073 1847 5166 premissorum
1902 5069 2138 5142 facere
2187 5079 2691 5166 presumerent„
2737 5070 2919 5142 tales
2972 5074 3279 5165 perpetui
3329 5069 3651 5142 infideles
3701 5065 3835 5137 Re-

528 5176 652 5268 gni
701 5171 1104 5266 babeantur‚
1185 5173 1425 5269 quibus
1507 5197 1731 5269 neque
1810 5172 2139 5249 Maiestas
2193 5169 2413 5268 Regia
2470 5171 2557 5245 de
2597 5183 2794 5245 'nouo
2850 5176 3242 5258 constituta,
3322 5182 3394 5244 et
3456 5189 3596 5245 nec
3645 5179 3834 5241 totum

510 5279 754 5368 'ipsum
790 5271 1123 5369 'Regnum
1176 5281 1479 5371 graciam
1534 5275 1770 5349 facere
1826 5280 2070 5371 possit,
2143 5277 2267 5349 sed
2321 5279 2484 5369 iugo
2537 5287 2866 5372 perpetue
2940 5280 3284 5349 seruitutis
3339 5286 3410 5347 et
3464 5273 3836 5348 rusticitatis

532 5375 826 5449 subiecti
881 5389 1110 5451 reatus
1163 5384 1462 5473 ipsorum
1532 5401 1826 5473 poenam
1896 5380 2175 5472 lugeant
2230 5382 2379 5453 sine
2435 5379 2609 5467 fine3
2687 5380 2923 5452 harum
2994 5390 3378 5453 nostrarum
3457 5381 3670 5475 (quas
3722 5394 3834 5447 nos
