3950 5917
3380 393 3529 474 211

1639 1008 2074 1110 cuv,

787 1317 996 1387 Anno
1067 1313 1299 1384 1474.
1357 1311 1434 1382 In
1487 1317 1672 1403 leaeo
1733 1313 2011 1384 Boutae
2068 1311 2606 1406 Marqarethae.
2665 1311 2935 1384 Budae.

191 1579 523 1656 Amica
621 1580 884 1653 inter
977 1574 1295 1679 Regni
1392 1573 1937 1652 Slavoniae
2032 1571 2453 1651 Nobiles
2550 1584 2641 1650 et
2727 1541 3529 1678 Zagrabiensem

193 1712 802 1816 Episcopum
901 1710 1434 1790 Osvaldum
1524 1711 1636 1789 de
1698 1709 2352 1816 praestandis
2450 1711 2871 1791 decimis
2957 1707 3530 1790 Conventio

853 1876 889 1927 a
957 1848 1323 1927 Mathia
1387 1847 1663 1952 Rege
1727 1874 1792 1928 a.
1863 1846 2123 1926 1474.
2191 1848 2866 1928 confirmatur.

509 2117 656 2190 Nos
711 2116 1031 2207 MathiaS,
1088 2118 1218 2189 Dei
1271 2120 1505 2213 gracia
1559 2117 1718 2190 Rex
1773 2117 2148 2211 nungarie,
2204 2117 2539 2189 Bohemie
2585 2129 2716 2188 etc.
2770 2115 3105 2188 Memorie
3161 2137 3527 2188 commen-

194 2224 435 2294 damus
511 2244 639 2318 per
708 2231 1118 2317 presentes:
1230 2219 1427 2306 Quod
1507 2219 1961 2293 Reuerendus
2029 2224 2096 2291 in
2155 2218 2425 2292 Christo
2505 2220 2713 2291 Pater
2789 2219 3103 2292 dominus
3184 2219 3524 2292 Osualdus

189 2321 579 2420 Episcopus
651 2323 971 2396 Ecclesie
1046 2323 1533 2415 Zagrabieusis
1605 2324 2064 2420 personaliter
2131 2334 2369 2395 nostre
2421 2322 2800 2396 Maiestatis
2872 2326 3163 2397 veniens
3219 2326 3286 2395 in
3341 2344 3527 2396 con-

191 2437 528 2523 spectum
585 2427 916 2521 quasdam
973 2428 1231 2499 litteras
1279 2436 1555 2499 nostras
1612 2449 1819 2523 super
1863 2426 2311 2522 dispositione
2350 2436 2420 2498 et
2457 2427 2824 2498 concordia
2881 2430 3060 2498 inter
3109 2429 3329 2522 ipsum
3385 2426 3524 2499 do-

191 2535 443 2604 miuum
521 2529 891 2604 Osualdum
967 2529 1383 2626 Episcopum
1433 2554 1526 2602 ex
1583 2554 1745 2619 vna,
1802 2554 1884 2601 ac
1939 2527 2226 2602 Nobiles
2281 2540 2352 2601 et
2405 2531 2668 2602 incolas
2748 2528 2971 2622 Regni
3042 2533 3259 2604 nostri
3312 2528 3524 2602 Scla-

192 2638 397 2707 uonie
455 2657 551 2705 ex
603 2634 817 2705 altera
874 2617 1202 2729 partibuS‚
1256 2643 1571 2729 pretextu
1629 2635 2003 2706 solucionis
2062 2634 2503 2722 decimarum,
2579 2656 2810 2704 coram
2876 2645 3105 2707 nostra
3163 2631 3525 2706 Maiestate

194 2761 272 2808 ac
318 2736 612 2810 Prelatis
688 2746 753 2808 et
810 2735 1188 2808 Bai-onibus
1262 2736 1464 2809 factis
1538 2747 1607 2809 et
1677 2738 2049 2812 conclusis
2127 2735 2250 2809 sub
2324 2746 2563 2809 nostro
2620 2746 2894 2809 secreto
2967 2758 3050 2808 ac
3122 2736 3523 2823 eorundem

189 2840 617 2913 Prelatorum
668 2849 734 2910 et
769 2839 1110 2911 Bai-onum
1168 2839 1410 2933 sigillis
1465 2839 1914 2936 pendentibus
1972 2815 2357 2928 confectas,
2414 2839 2636 2912 eidem
2698 2843 2929 2911 nostre
2984 2839 3322 2913 Maiestati
3381 2862 3522 2911 ex·-

193 2942 410 3015 hiberi
448 2946 735 3030 curauit
793 2943 1183 3038 supplicans
1240 2941 1460 3015 eidem
1505 2954 1742 3016 nostre
1795 2941 2136 3017 Maiestati
2195 2966 2346 3015 cum
2393 2946 2738 3030 instantia„
2796 2955 2867 3014 vt
2908 2947 3095 3038 paria
3153 2944 3521 3016 earundem

198 3046 570 3119 litterarum
629 3055 1014 3119 nostrarum
1068 3044 1197 3120 sibi
1254 3045 1419 3119 dare
1474 3046 1929 3139 dignaremur.
2041 3046 2338 3133 Quarum
2404 3057 2603 3119 tenor
2657 3049 2714 3118 is
2770 3056 2922 3120 est:
3032 3045 3179 3120 Nos
3231 3046 3522 3122 Mathias

193 3149 326 3221 Dei
378 3153 614 3244 gracia
666 3147 822 3222 Rex
877 3148 1252 3242 Hungarie.,
1310 3149 1638 3223 Bohemie
1694 3159 1825 3222 etc.
1883 3154 2216 3221 memorie
2273 3149 2829 3222 commendamus
2902 3158 3147 3223 tenore
3219 3173 3522 3245 presen-

198 3257 372 3324 cium
427 3251 893 3344 significantes
969 3251 1208 3348 quibus
1282 3254 1558 3348 expedit
1631 3257 2021 3327 vniuersis.
2105 3251 2303 3338 Quod
2357 3253 2517 3324 licet
2570 3275 2697 3325 nos
2751 3255 2924 3325 visis
2976 3255 3110 3324 iam
3167 3257 3401 3348 sepius
3455 3262 3527 3325 et

196 3358 604 3428 examinatis
660 3354 913 3427 iuribus
971 3366 1039 3427 et
1090 3357 1466 3451 priuilegiis
1515 3355 1834 3430 Ecclesie
1889 3355 2378 3451 Zagrabiensis
2435 3378 2645 3452 super
2693 3356 3090 3428 limitatione
3145 3356 3524 3430 solucionis

198 3458 637 3546 decimarum„
721 3480 854 3530 vna
913 3481 1063 3530 cum
1122 3457 1410 3531 Prelatis
1467 3468 1534 3531 et
1590 3457 1967 3531 Batonibus
2052 3460 2303 3532 nostris
2386 3463 2530 3554 ipsa
2612 3462 2759 3532 iura
2816 3459 3124 3534 eiusdem
3199 3456 3523 3534 Ecclesie

192 3566 422 3658 vigori
461 3584 586 3634 suo
643 3560 1046 3633 iudicialiter
1097 3562 1644 3657 relinquerimus,
1699 3563 2077 3658 litterisque
2130 3567 2384 3634 nostris
2440 3561 2890 3635 mediantibus
2944 3560 3520 3635 roborauerimus.

189 3663 586 3740 Nouissime
641 3674 868 3737 tamen
924 3675 1070 3737 orta
1127 3669 1369 3737 iterato
1423 3663 1797 3738 differentia
1858 3667 2126 3760 aliquali
2183 3687 2389 3761 super
2443 3666 2785 3738 solutione
2849 3669 3148 3761 ipsarum
3202 3663 3521 3737 decima-

186 3791 334 3842 rum
419 3771 591 3840 inter
672 3767 914 3842 fideles
999 3778 1275 3842 nostros
1361 3768 1839 3841 Reuerendum
1898 3773 1961 3841 in
2021 3767 2287 3842 Christo
2365 3767 2638 3841 Patrem
2723 3768 3063 3840 dominum
3149 3767 3521 3842 Osualdmn

189 3869 606 3968 Episcopum
675 3871 853 3943 dicte
906 3869 1227 3945 Ecclesie
1301 3871 1789 3966 Zagrabiensis
1842 3872 2267 3969 Nobilesque
2324 3883 2394 3944 et
2446 3872 2709 3945 incolas
2763 3871 2988 3965 Regni
3043 3875 3256 3944 nostri
3308 3869 3518 3943 Scla-

188 3979 418 4048 uonie.
528 3971 693 4047 Cum
769 3974 1024 4071 pridem
1100 3997 1235 4048 vna
1311 3998 1462 4046 cum
1520 3974 1808 4050 Prelatis
1872 3987 1940 4048 et
1994 3974 2373 4048 Baronibus
2448 3981 2701 4049 nostris
2755 3976 2866 4048 hic
2915 3975 3108 4047 Bude
3162 3974 3519 4049 nobiscum

189 4075 672 4166 existentibuS,
741 4082 912 4152 visis
988 4078 1073 4150 de
1146 4100 1329 4152 nouo
1405 4089 1474 4150 et
1528 4082 1934 4153 examinatis
1990 4080 2226 4152 litteris
2284 4088 2353 4151 et
2405 4080 2660 4152 iuribus
2739 4079 3061 4153 Ecclesie
3140 4081 3519 4152 memorate

188 4179 465 4255 finalem
547 4182 1012 4254 limitationem
1106 4182 1669 4277 decisionemque
1763 4186 1952 4255 iuxta
2035 4185 2516 4256 continentiam
2613 4184 3123 4279 priuilegiorum
3208 4183 3520 4256 diuorum

183 4283 454 4380 Regum
509 4285 1083 4380 predecessorum
1142 4296 1528 4359 nostrorum
1579 4297 1646 4358 et
1683 4288 1885 4359 etiam
1941 4297 2246 4360 nostram
2299 4290 2484 4382 prius
2543 4285 2792 4360 factam
2849 4288 3286 4379 fecissemus,
3342 4284 3517 4360 datis

185 4401 254 4462 et
307 4387 648 4462 confectis
696 4390 937 4463 litteris
1003 4392 1255 4463 nostris
1332 4411 1539 4485 super
1609 4393 1944 4485 premissa
2019 4390 2431 4463 limitacione
2487 4401 2556 4463 et
2609 4389 3110 4463 adiudicatione
3179 4413 3307 4487 per
3355 4412 3515 4478 nos,

181 4497 281 4567 vti
359 4494 788 4589 premittitur„
871 4492 958 4566 de
1029 4492 1321 4568 consilio
1404 4494 1735 4566 dictorum
1817 4492 2239 4566 Prelatorum
2313 4504 2383 4565 et
2434 4493 2775 4567 Bal-onum
2859 4504 3247 4567 nostrorum
3301 4493 3514 4583 facta,

181 4620 401 4695 penes
456 4596 749 4692 sigillum
807 4607 1109 4670 nostrum
1167 4607 1235 4669 et
1286 4601 1586 4693 ipsorum
1661 4602 1862 4670 etiam
1947 4596 2372 4671 dominorum
2447 4596 2799 4670 nobiscum
2856 4609 3016 4670 tunc
3069 4602 3138 4670 in
3195 4601 3517 4670 examine

179 4700 565 4775 huiusmodi
619 4721 830 4774 cause
886 4704 1367 4791 existencium,
1424 4702 1646 4794 sigilla
1685 4705 1959 4797 apponi,
2016 4712 2085 4774 et
2122 4705 2308 4798 paria
2358 4701 2729 4774 litterarum
2786 4700 3085 4796 partibus
3124 4700 3271 4774 dari
3308 4724 3515 4772 man-

182 4804 576 4897 dassemus,
632 4815 1176 4900 superuenerunt
1229 4809 1472 4877 iterato
1529 4805 1612 4876 ad
1671 4826 1799 4879 nos
1855 4804 2095 4878 fideles
2151 4809 2366 4877 nostri
2420 4804 2704 4878 Nobiles
2758 4803 3001 4877 Petrus
3059 4804 3144 4876 de
3198 4803 3511 4900 Bykzad,

183 4911 503 4983 Andreas
590 4903 971 5005 Capitanffy
1051 4907 1138 4981 de
1218 4907 1605 4981 Desznicze
1688 4919 1758 4980 et
1805 4907 2158 4981 Jobannes
2232 4907 2368 4981 Viti
2424 4910 2511 4981 de
2564 4908 2916 5002 Korboua‚
2987 4911 3267 4981 nomine
3320 4917 3393 4980 et
3445 4911 3511 4978 in

179 5036 480 5110 persona
537 5015 1019 5085 Vniuersorum
1076 5009 1413 5085 Nobilium
1495 5021 2018 5108 ceterorumque
2074 5013 2448 5084 incolarum
2501 5016 2725 5085 tocius
2798 5011 2958 5085 dicti
3013 5012 3239 5105 Regni
3291 5015 3508 5083 nostri

181 5117 583 5205 Sclauonie.,
637 5139 720 5188 ac
776 5117 1235 5212 supplicantes
1284 5112 1511 5206 nobiS,
1592 5113 1773 5211 quod
1855 5119 2007 5210 quia
2083 5117 2246 5210 ipsis
2301 5114 2716 5188 decimarum
2801 5118 3066 5189 solucio
3122 5117 3325 5188 nimis
3378 5114 3513 5186 boc

181 5231 490 5320 tempore
547 5241 844 5294 onerosa
902 5230 1118 5310 esset,
1189 5224 1307 5311 ita,
1376 5228 1453 5290 vt
1505 5222 1862 5313 nequirent
1916 5219 2117 5291 simul
2171 5228 2239 5290 et
2293 5222 2588 5291 seruicia
2659 5217 2999 5294 Maiestati
3071 5227 3312 5293 nostre
3366 5241 3507 5292 ex·-

179 5323 443 5418 bibere‚
502 5334 572 5399 et
624 5323 998 5400 Turcorum
1072 5321 1452 5412 insultibus,
1526 5343 1810 5418 quorum
1867 5320 2114 5396 crebro
2168 5331 2240 5395 et
2291 5320 2625 5417 frequenti
2699 5326 2977 5398 incursu
3047 5332 3507 5410 vastarentur„

2942 5450 3094 5528 27*
