3950 5917
470 419 586 493 52

479 629 626 717 nie,
703 623 964 698 Wonic
1017 623 1106 697 d‘e
1160 626 1509 696 maritimis
1579 623 1789 695 Banis
1848 622 2334 714 existentibus,
2403 621 2601 698 Ghak
2666 624 3110 719 Budrugisn„
3178 624 3433 711 Qonith
3502 625 3809 715 Baeien„

462 729 627 804 ‘Iula
680 727 895 802 ferrei
948 730 1183 806 castri.
1240 723 1613 799 Comitibus
1665 726 2143 801 existentibus.
2195 728 2417 800 Pausa
2473 728 3037 817 Tanemicorum‘,
3089 727 3374 801 Andrea
3426 729 3806 825 Dapifero-

460 851 660 924 Tum,
706 831 1087 927 Bogomiro
1140 831 1654 918 Pincernarum.,
1705 830 1901 903 Iwan
1952 831 2368 924 Agazonum
2424 831 2813 907 tenentibus
2867 835 3359 926 magistratum.

474 1026 651 1096 Fejer.
686 1025 868 1081 Codex
900 1025 1039 1097 Dipl.
1072 1027 1242 1096 Regni
1276 1025 1447 1096 Hung.
1481 1025 1538 1078 T.
1572 1024 1656 1078 m.
1691 1042 1743 1078 v.
1778 1024 1839 1078 Π.
1875 1042 1927 1094 p.
1956 1026 2079 1078 481.

463 1173 945 1281 (confirmatae
1001 1209 1154 1264 sunt
1226 1199 1768 1281 Tur-opob'emium
1829 1200 2149 1263 libertates
2207 1157 2282 1262 a¹
2311 1198 2467 1262 Bata
2512 1198 2617 1263 IV.
2674 1199 2750 1262 R.
2797 1197 2868 1261 H.
2925 1218 2969 1261 α
3039 1198 3233 1276 1255,
3283 1147 3335 1262 ἀ
3379 1198 3693 1280 Stephano
3749 1159 3813 1263 V.

476 1323 658 1367 anno
708 1304 902 1386 1272,
950 1324 994 1367 α
1037 1304 1342 1368 Ladislao
1390 1303 1609 1366 Clinno
1656 1322 1717 1367 a.
1768 1302 1959 1382 1278,
2008 1321 2052 1365 a
2095 1304 2505 1384 Siyismundo
2568 1323 2630 1366 a.
2680 1301 2874 1385 1456,
2921 1303 3171 1365 demum
3218 1302 3301 1366 ab
3359 1300 3678 1365 Vlads'slao
3726 1300 3814 1365 11.

1971 1425 2037 1474 a.
2087 1407 2307 1484 1514.)

1944 1932 2366 2016 XLIII.

1429 2220 1637 2291 Anno
1708 2217 1945 2292 1226.
2000 2218 2164 2290 Kal.
2220 2157 2541 2316 Anqusti.
2597 2218 2902 2313 Spalali.

482 2479 1125 2585 colomanuS,
1177 2485 1480 2559 totius
1524 2480 2359 2586 SlavoniaeDux,
2415 2479 3093 2586 Traguriensi
3135 2477 3676 2558 Ecclesiae
3729 2481 3833 2558 in

510 2618 1003 2698 Dalmatia
1067 2617 1571 2722 praedium
1633 2619 1989 2725 regale
2050 2618 2293 2698 Drid
2354 2621 2683 2727 regali
2755 2619 3306 2699 donatione
3371 2615 3797 2696 confert.

806 2891 881 2963 [n
934 2893 1211 2963 nomine
1285 2889 1544 2964 Sancte
1614 2898 1685 2961 et
1751 2887 2098 2961 indiuiduo
2168 2888 2536 2961 Trinitatis.
2638 2886 2843 2962 Iustis
2912 2890 3393 2984 postulantium
3461 2885 3838 2960 desideriis

484 3016 744 3089 equum
816 3004 926 3067 est
976 2998 1242 3087 regiam
1314 2992 1885 3067 condescendere
1952 2994 2413 3081 maiestatem,
2484 3001 2555 3064 et
2604 3001 2681 3063 vt
2734 2992 3187 3066 ecclesiarum
3256 2994 3540 3087 penuria
3609 2993 3836 3083 regiis

482 3095 927 3169 facultatibus
998 3096 1416 3185 suhleuetur.,
1470 3120 1511 3169 a
1564 3100 1834 3169 tramite
1886 3117 2030 3168 non
2081 3095 2365 3168 deniare
2421 3096 2760 3189 equitatis.
2860 3093 3079 3179 Quum
3130 3099 3360 3189 itaque
3412 3116 3543 3168 nos
3598 3092 3840 3167 Colo-

490 3223 766 3290 manus‚
835 3200 966 3273 Dei
1037 3204 1256 3293 gratia
1326 3198 1797 3272 Ruthenorum
1867 3197 2054 3286 Rex,
2125 3208 2197 3271 et
2247 3199 2565 3290 largitate
2637 3198 2927 3290 gloriosi
2980 3202 3192 3295 patris
3244 3201 3465 3271 nostri
3514 3196 3840 3286 Audi-ee,

484 3304 975 3396 Hungarorum
1029 3302 1274 3398 Regis,
1328 3303 1491 3375 Dux
1540 3303 1880 3376 Dalmatio
1935 3312 2142 3397 atque
2197 3297 2500 3391 croatie,
2577 3299 2664 3372 ad
2716 3311 2950 3396 partes
3003 3301 3611 3376 descendissemus
3663 3322 3844 3372 ma·-

484 3411 783 3497 ritimas,
834 3406 1255 3480 venerabilis
1305 3410 1442 3495 vir,
1496 3416 1567 3479 et
1616 3405 1799 3479 idem
1854 3404 2077 3478 fidelis
2130 3413 2371 3478 noster
2420 3404 2852 3498 Treguanus‚
2907 3408 3273 3500 episcopus
3317 3405 3845 3499 Traguriensis,

483 3533 535 3583 a
591 3509 1019 3584 sublimitatis
1070 3521 1310 3583 nostre
1365 3511 1658 3582 culmine
1713 3509 2108 3604 suppliciter
2175 3508 2562 3602 postulauit,
2633 3517 2709 3579 vt
2763 3507 2851 3579 ob
2907 3510 3194 3582 salutem
3266 3511 3493 3580 anime
3561 3517 3845 3599 nostre,

485 3623 569 3686 et
622 3612 710 3686 ob
762 3617 1071 3707 requiem
1124 3617 1350 3685 anime
1404 3615 1762 3686 carissime
1818 3610 2159 3706 quondam
2213 3621 2454 3684 nostre
2508 3614 2742 3684 matris
2793 3608 3149 3685 Gertrudis
3201 3611 3500 3706 Regiae„
3568 3611 3845 3700 locum,

482 3718 608 3811 qui
664 3716 908 3788 dicitur
957 3714 1217 3803 Drid,
1270 3715 1593 3787 Ecclesie
1645 3715 2090 3808 Traguriensi
2143 3714 2594 3810 eleemosyne
2649 3717 2889 3787 intuitu
2939 3716 3369 3809 largiremur.
3424 3712 3633 3789 Cuius
3685 3737 3847 3810 po—

482 3820 840 3895 stulationi
893 3829 1091 3912 grato
1148 3828 1642 3891 concurrentes
1715 3839 2036 3907 assensu,
2110 3827 2252 3889 tum
2305 3822 2376 3889 in
2428 3818 2720 3892 salutem
2770 3828 3103 3908 nostram,
3172 3829 3314 3891 tum
3380 3822 3453 3890 in
3521 3822 3846 3912 requiem

484 3926 722 3995 anime
776 3923 1085 4015 gloriose
1130 3922 1310 3994 dicte
1347 3931 1586 3996 nostre
1627 3925 1860 3994 matris
1895 3924 2117 4016 ipsum
2152 3921 2382 3994 locum
2435 3923 3008 4015 prenominatum,
3064 3923 3328 3996 scilicet
3377 3921 3624 4010 Drid„
3679 3945 3854 3994 cum

486 4024 809 4098 omnibus
883 4030 1024 4098 suis
1095 4028 1566 4120 pertinenciis,
1638 4035 1711 4098 et
1772 4027 2078 4120 pascuis,
2150 4023 2279 4098 sihi
2350 4023 2846 4113 adiacentibus,
2915 4026 3303 4114 montibus,
3370 4023 3696 4115 vallibus,
3771 4037 3860 4098 et

488 4133 700 4204 terris
775 4132 1144 4220 vniam-sis,
1218 4150 1350 4223 que
1416 4127 1720 4201 laborari
1787 4138 2101 4225 possunt,
2173 4127 2259 4201 ad
2314 4126 2608 4202 eundem
2678 4129 2907 4201 locum
2977 4127 3466 4224 spectantibus,
3527 4129 3862 4222 regali

484 4233 1006 4305 donatione
1058 4236 1128 4306 in
1183 4233 1703 4329 eleemosynam
1755 4243 2088 4328 perpetue
2141 4234 2610 4327 possessionis
2665 4230 2847 4304 dicte
2884 4232 3327 4326 Traguriensi
3379 4233 3719 4322 ecclesie,
3779 4245 3866 4305 et

486 4340 828 4432 episcopo
885 4346 1294 4426 memorato,
1347 4347 1418 4409 et
1467 4339 1615 4410 eius
1654 4336 2010 4409 catholicis
2064 4334 2591 4410 successoribus
2643 4335 3113 4427 concedimus,
3166 4336 3518 4430 largimur,
3569 4345 3646 4408 et
3701 4335 3863 4408 do-

485 4461 782 4528 :namus3
845 4439 1256 4514 reducentes
1310 4443 1381 4513 in
1428 4443 1689 4512 irritum
1743 4460 2021 4511 omnem
2075 4443 2460 4528 actionem.
2534 4459 2943 4534 omnemque
2994 4438 3560 4530 iurisdictionem,
3635 4462 3870 4534 quam

490 4539 815 4628 Vlcinna,
869 4542 1181 4635 Tragurii
1234 4543 1576 4636 quondam
1623 4538 1906 4632 Comes,
1960 4544 2032 4614 in
2085 4562 2244 4613 eum
2295 4542 2550 4631 locum,
2604 4563 2701 4614 ex
2753 4547 3240 4617 commissione
3292 4543 3581 4636 gloriosi
3616 4549 3870 4638 patrui

488 4648 720 4715 nostri
772 4644 1078 4732 Henrici.
1134 4647 1475 4741 quondam
1527 4649 1718 4736 regis
1771 4645 2152 4738 Hungarie,
2223 4645 2342 4718 vel
2393 4646 2638 4719 Petrus
2691 4644 2780 4719 de
2835 4645 3148 4735 Chelmo,
3220 4668 3315 4718 ex
3368 4651 3868 4720 concessione

496 4745 736 4820 fratris
811 4752 1027 4820 nostri
1094 4749 1290 4838 Belo,
1365 4771 1488 4823 seu
1563 4749 1676 4819 alii
1730 4752 2114 4844 quicunque
2182 4745 2435 4821 ibidem
2506 4748 2999 4842 dignoscuntur
3065 4748 3412 4824 habuisse.
3517 4750 3876 4823 Predium

492 4859 730 4922 autem
784 4852 1003 4943 ipsum
1056 4855 1189 4924 iste
1243 4862 1426 4924 mete
1479 4850 1565 4923 ab
1620 4853 1770 4924 aliis
1823 4852 2004 4926 locis
2077 4851 2382 4924 diuidunt
2434 4861 2506 4923 et
2558 4853 2996 4948 distinguunt.
3101 4852 3214 4926 Ab
3270 4858 3536 4927 oriente
3590 4859 3870 4942 maria,

488 4952 585 5025 ab
641 4953 1001 5026 occidente
1056 4953 1410 5049 Stelpona.
1466 4954 1551 5026 ab
1610 4955 1927 5050 aquilone
2001 4965 2186 5028 terre
2240 4955 2580 5046 Tragurii,
2654 4979 2786 5052 que
2836 4956 3157 5030 Mezlime
3230 4958 3705 5053 appellantur3
3765 4959 3878 5031 ab

489 5067 735 5130 austro
790 5078 963 5128 vero
1018 5066 1201 5130 terre
1252 5057 1656 5132 Monasterii
1691 5058 2174 5153 Traguriensis
2225 5063 2591 5132 terminant
2642 5058 2937 5133 eundem
2989 5061 3238 5133 locum.
3328 5062 3439 5133 Ac
3492 5083 3584 5134 ne
3637 5060 3880 5137 huius

498 5170 741 5233 nostre
796 5161 1181 5234 donationis
1237 5163 1686 5260 eleemosyna
1739 5166 2098 5235 retractari
2151 5163 2386 5236 valeat
2440 5166 2509 5236 in
2564 5173 2916 5259 posterum
2969 5164 3089 5237 vel
3130 5165 3416 5252 resolui„
3479 5168 3662 5240 sicut
3715 5189 3884 5240 su—

498 5268 850 5357 periorem
923 5269 1264 5338 actionem
1337 5276 1407 5339 et
1472 5267 2011 5341 iurisdictionem
2080 5288 2567 5362 personarum,
2654 5271 2749 5341 ita
2819 5277 2889 5340 et
2960 5272 3259 5340 omnium
3329 5270 3895 5365 priuilegiomm

498 5371 948 5464 omniumque
1004 5374 1489 5468 scripturarum
1537 5374 1728 5448 vires
1782 5382 2023 5446 contra
2075 5370 2210 5444 hoc
2263 5369 2719 5467 vndecunque
2791 5375 3257 5468 apparentium
3311 5377 3891 5472 exstinguimus,
