3950 5917
3456 450 3502 520 5

158 713 171 722 .
480 647 714 724 Ceteri
768 674 949 726 vero
1004 660 1298 749 septem,
1328 675 1333 680 ·
1369 675 1655 750 quorum
1709 656 1983 728 nomina
2042 662 2199 728 suut
2228 677 2252 723 τ
2293 651 2709 743 ·Liutamiro.
2765 651 3203 732 Strehemiio.
3257 652 3502 727 Neda-

156 753 422 844 aulo⁹
477 752 764 845 Tesiaa,
816 754 1147 847 1111188181,
1203 754 1511 831 6811811111
1560 757 1768 850 [Luc.
1822 767 1891 829 et
1943 757 2123 830 Fari.
2181 754 2567 847 Ceustizo).

476 881 636 975 Ego
684 883 1155 958 Benacursius
1208 908 1272 981 q.
1324 885 1533 957 Primi
1582 884 1895 958 Parentis
1951 884 2038 956 de
2090 883 2434 957 Florentia
2506 883 2847 980 Imperiali
2899 888 3304 957 auctoritate
3359 907 3500 957 no-

1 1064 2 1077 *
154 988 373 1057 tarius
429 994 507 1059 et
558 1008 742 1059 nunc
786 983 1191 1062 'Communis
1234 986 1666 1083 spalatensis
1720 989 2025 1074 sumtus,
2089 985 2223 1060 boc
2276 987 2661 1084 exemplum
2720 997 3053 1082 sumptum
3105 986 3190 1060 ab
3246 998 3498 1060 auten-

157 1091 295 1160 tico
370 1098 707 1161 montano
779 1112 1014 1163 coram
1083 1091 1698 1182 Reverendissimo
1751 1095 1820 1164 18
1876 1088 2146 1163 Christo
2201 1090 2403 1163 Patre
2475 1101 2543 1162 et
2614 1089 2760 1161 DD.
2814 1090 3174 1184 Dominico
3247 1090 3378 1163 Dei
3434 1101 3502 1164 et

158 1192 557 1286 apostolice
613 1191 817 1266 Sedis
870 1197 1088 1288 gratia
1144 1193 1545 1289 dignissimo
1599 1195 2146 1290 Aschiepiscopo
2186 1193 2598 1290 spalatensi,
2653 1216 2786 1265 una
2844 1216 2996 1265 cum
3045 1193 3500 1289 infrascriptis

157 1291 549 1368 Benedicto
604 1296 921 1385 Joannis.
973 1296 1322 1392 Stephano
1375 1296 1768 1376 Desiderati
1818 1308 1892 1376 et
1940 1297 2217 1372 Lucano
2265 1295 2691 1383 Primicerio⁹
2743 1296 3069 1382 NotariiS,
3142 1297 3504 1390 diligenter

160 1407 229 1468 et
263 1395 575 1470 fideliter
610 1399 1018 1484 auscultavi,
1075 1410 1144 1472 et
1195 1403 1348 1495 quia
1403 1410 1760 1496 utrumque
1814 1400 2241 1473 concordare
2294 1402 2554 1488 inveni,
2606 1410 2681 1470 ut
2716 1399 2938 1472 eidem
2991 1400 3311 1495 exemplo
3366 1400 3502 1473 ad-

160 1498 485 1572 hibeatur
549 1500 639 1573 de
705 1511 942 1575 cetero
994 1503 1195 1599 plena
1251 1504 1423 1576 fides
1480 1503 1566 1574 de
1620 1503 1781 1576 dicti
1833 1503 1915 1574 D.
1969 1503 2497 1598 Archiepiscopi
2567 1503 2842 1590 licentia
2897 1511 2968 1574 et
3018 1503 3336 1575 mandato
3390 1525 3500 1576 me

158 1607 224 1675 111
276 1613 539 1675 testem
600 1603 1000 1702 subscripsi,
1055 1627 1349 1700 meoque
1404 1616 1741 1679 consueto
1798 1610 1999 1701 signo
2051 1609 2318 1699 signaui
2371 1616 2441 1678 et
2492 1604 2835 1678 roboraui.

478 1731 639 1826 Ego
692 1732 1106 1807 Benedictus
1158 1735 1444 1808 Joaunis
1496 1734 1837 1831 imperiali
1873 1736 2274 1806 auctoritate
2327 1738 2633 1810 notarius
2687 1733 2822 1807 hoc
2869 1733 3256 1828 exemplum
3305 1756 3503 1807 sum—

158 1845 335 1930 ptum
396 1834 492 1906 ab
550 1840 898 1909 autentico
955 1845 1277 1910 montano
1334 1859 1569 1911 coram
1622 1837 1755 1909 R···
1816 1841 1885 1910 in
1939 1835 2208 1910 Christo
2262 1837 2464 1908 Patre
2520 1845 2590 1908 et
2639 1836 2786 1908 DD.
2834 1835 3196 1908 Dominico
3251 1836 3383 1908 Dei
3436 1847 3507 1909 et

158 1938 556 2033 apostolice
614 1939 818 2012 Sedis
874 1944 1092 2032 gratia
1147 1939 1552 2034 dignissimo
1605 1939 2155 2037 Archiepiscopo
2207 1939 2592 2034 Spalatensi
2645 1962 2778 2011 una
2832 1960 2983 2009 cum
3041 1943 3504 2036 suprascripto

165 2040 603 2116 Bonacursio
657 2052 728 2116 et
780 2041 1231 2139 infrascriptis
1283 2043 1631 2139 Stephano
1667 2043 2080 2118 Desiderato
2135 2052 2205 2115 et
2254 2043 2531 2115 Lucano
2570 2042 2965 2114 Primieerio
3002 2040 3303 2116 Notariis
3342 2042 3507 2115 dili-

140 2156 408 2237 -genter
460 2154 534 2217 et
574 2142 868 2219 fideliter
919 2145 1295 2219 auscultaui
1332 2157 1402 2220 et
1436 2150 1593 2242 quia
1628 2156 1986 2241 utrumque
2040 2144 2467 2220 concordare
2520 2148 2776 2233 inueni,
2811 2155 2882 2216 111
2918 2144 3142 2217 eidem
3187 2147 3506 2240 exemplo

1 2258 6 2291 ⁸
160 2246 577 2322 adhibeatur
649 2247 737 2320 de
792 2259 1030 2322 cetero
1096 2249 1296 2345 plena
1368 2248 1541 2325 fides
1608 2249 1695 2322 de
1770 2249 1931 2322 dicti
1999 2250 2084 2321 D.
2137 2247 2660 2345 Archiepiscopi
2730 2248 3005 2321 licentia
3065 2257 3137 2320 et
3186 2248 3507 2323 mandato

158 2371 261 2425 ιο
312 2353 391 2425 18
454 2361 713 2425 testem
767 2349 1171 2448 subscripsi,
1224 2374 1519 2447 meoque
1575 2361 1907 2427 consueto
1964 2355 2164 2447 signo
2212 2354 2478 2446 signaui
2533 2361 2603 2424 et
2654 2350 2995 2425 roboraui.

480 2477 646 2575 Ego
700 2479 1086 2576 Stephanus
1140 2479 1317 2554 filius
1371 2481 1708 2576 quondam
1779 2480 2171 2554 Desiderati
2226 2481 2313 2553 de
2363 2480 2748 2553 Franchino
2804 2480 2892 2552 de
2944 2479 3258 2554 Teruisio
3326 2477 3508 2575 publ.

154 2579 319 2679 Imp.
370 2585 795 2656 auctoritate
847 2587 1152 2657 notarius
1208 2595 1279 2657 et
1328 2607 1510 2657 nunc
1564 2588 1831 2679 egregii
1882 2587 2015 2657 viri
2067 2583 2151 2655 D.
2205 2581 2448 2656 Jacobi
2506 2582 2879 2656 Gradensis
2936 2580 3219 2656 Comitis
3271 2583 3508 2655 hono-

1 2776 2 2781 *
160 2685 395 2760 rabilis
470 2685 912 2782 Spalatensis
982 2686 1116 2760 hoc
1183 2688 1573 2783 exemplum
1648 2689 2175 2782 suprascriptum
2250 2686 2335 2758 ab
2392 2690 2733 2759 autentico
2806 2696 3129 2759 montano
3199 2686 3508 2781 predicto

0 2852 9 2891 ‚
160 2810 403 2862 coram
458 2788 600 2861 R*
633 2791 706 2861 iu
760 2787 1031 2862 Christo
1080 2789 1283 2863 Patre
1339 2801 1412 2863 et
1461 2790 1608 2863 DD.
1646 2791 2007 2863 Dominico
2061 2788 2610 2886 Archiepiscopo
2661 2789 3064 2881 dignissimo
3119 2787 3510 2884 Spalatensi

162 2913 293 2965 111111
352 2914 521 2964 cum
581 2891 970 2988 supradicto
1020 2892 1452 2966 Bonacursio
1508 2902 1578 2965 et
1630 2892 2006 2967 Benedicto
2061 2897 2346 2965 notariis
2401 2903 2472 2965 et
2522 2892 2957 2987 infrascripto
3011 2891 3290 2964 Lucano
3345 2891 3507 2964 Pri-

1 2996 4 3009 '
156 2999 459 3068 nicetio
535 2998 834 3084 notario,
908 2995 1270 3090 diligenter
1333 3006 1403 3069 et
1472 2996 1763 3069 fideliter
1831 2996 2208 3070 auscultaui
2281 3006 2351 3067 et
2420 2999 2573 3091 quia
2648 3006 3004 3090 utrumque
3078 2993 3506 3067 concordare

156 3099 398 3172 iuueni
454 3106 533 3170 ut
588 3097 813 3171 eidem
867 3099 1190 3194 exemplo
1246 3098 1646 3172 adhibeatur
1715 3099 1802 3171 de
1852 3109 2088 3173 cetero
2143 3100 2343 3195 plena
2401 3098 2573 3172 fides
2630 3098 2716 3171 de
2772 3098 2932 3171 dicti
2983 3095 3511 3196 Archiepiscopi

156 3199 577 3378 Ιίξξεὲεῃὶοῐ
627 3200 948 3275 mandato
1017 3223 1128 3274 me
1181 3205 1251 3274 18
1305 3211 1549 3276 testem
1623 3201 2025 3298 subscripsi,
2094 3223 2389 3297 meoque
2460 3212 2793 3275 consueto
2863 3205 3067 3296 signo
3123 3204 3391 3294 81388111
3443 3212 3515 3275 et

481 3431 645 3526 Ego
715 3431 1030 3508 Lucanus
1099 3433 1378 3507 Bertani
1463 3433 1785 3508 Ecclesie
1850 3432 2276 3530 spalatensis
2347 3432 2782 3506 Primicerius
2859 3432 3025 3528 Imp.
3099 3434 3506 3506 auctoritate

156 3534 497 3610 Notarius
554 3545 627 3608 et
676 3533 797 3607 R*
842 3540 915 3609 18
968 3533 1239 3610 Christo
1292 3537 1514 3610 Patris
1569 3548 1640 3610 et
1687 3537 1834 3610 DD.
1886 3538 2227 3610 Dominici
2278 3537 2420 3610 Dei.
2465 3547 2537 3608 et
2589 3537 2976 3631 apostolice
3028 3533 3231 3610 Sedis
3290 3538 3513 3629 gratia

162 3639 710 3735 Archiepiscopi
760 3638 1189 3735 spalatensis
1260 3641 1396 3713 hoc
1468 3663 1759 3735 presens
1822 3641 2207 3736 exemplum
2263 3661 2391 3735 per
2442 3662 2553 3711 me
2608 3639 2860 3712 dictum
2913 3637 3270 3712 Notarium
3321 3642 3510 3716 scri-

162 3752 377 3837 ptum,
436 3751 517 3815 ut
561 3744 631 3814 iu
666 3741 849 3814 dicto
905 3744 1260 3839 principali
1310 3754 1679 3818 montaneo
1733 3747 1991 3832 iuueni,
2044 3748 2134 3816 ita
2180 3744 2292 3815 hie
2327 3742 2619 3816 fideliter
2666 3752 2736 3815 et
2768 3765 2894 3838 per
2927 3742 3236 3816 ordinem
3270 3752 3512 3818 traus-

164 3849 421 3941 scripsi
458 3854 535 3918 et
574 3845 987 3941 exemplaui,
1024 3848 1114 3919 nil
1155 3846 1446 3936 addens
1493 3848 1611 3920 vel
1647 3849 1959 3920 minuens
2015 3846 2505 3936 fraudulenter
2561 3845 2739 3941 quod
2778 3868 3057 3919 sensum
3110 3855 3346 3935 mutet,
3398 3846 3514 3918 uel

0 3919 17 3979 Β
164 3954 391 4022 uariat
434 3948 891 4039 intellectum
934 3960 1166 4043 preter
1217 3948 1399 4023 forte
1433 3961 1778 4047 punctum
1832 3950 2124 4023 litteram
2178 3959 2292 4023 aut
2327 3949 2658 4046 syllabam
2707 3972 2834 4045 per
2884 3971 3218 4038 errorem
3273 3959 3346 4022 et
3376 3968 3513 4022 888

160 4075 321 4124 eun
357 4050 695 4148 predictis
726 4051 1193 4144 Bonacursio‚
1238 4053 1615 4128 Benedicto
1656 4064 1727 4126 et
1761 4053 2110 4149 Stephano
2146 4053 2472 4142 Notat-iis
2511 4075 2743 4126 coram
2781 4052 3087 4147 predicto
3123 4052 3208 4123 D.
3247 4051 3512 4124 Archi-

1 4200 6 4231 .
160 4159 549 4251 episcopo
605 4164 678 4226 et
725 4154 1159 4249 presentibus
1212 4156 1613 4230 venerando
1666 4160 1737 4230 in
1792 4153 2063 4230 Christo
2116 4157 2318 4230 Patre
2375 4158 2586 4229 fratre
2639 4155 2823 4229 Luca
2874 4156 3008 4228 Dei
3059 4157 3280 4247 gratia
3331 4153 3510 4250 Epi-

160 4279 393 4354 scopo
448 4257 771 4348 Farensi
822 4257 1035 4332 fratre
1085 4258 1365 4334 Matheo
1436 4260 1695 4334 ordinis
1749 4260 1821 4333 S.
1876 4259 2231 4333 Benedicti
2283 4258 2557 4334 Abbate
2607 4258 3007 4350 Monasterij
3065 4255 3138 4331 S.
3183 4255 3514 4353 Stephani

162 4361 609 4457 spalatensis
659 4361 1054 4454 Dioecesis,
1111 4372 1182 4436 et
1223 4363 1452 4438 Dessa
1500 4363 2014 4438 Archidiacono
2069 4362 2459 4460 spalatensi
2510 4362 2823 4438 testibus.
2880 4359 3172 4433 fideliter
3221 4370 3293 4433 et
3345 4359 3511 4454 dili-

158 4474 422 4559 388181·
473 4464 883 4557 auscultanti,
954 4475 1026 4540 et
1077 4468 1234 4561 quia
1286 4467 1716 4542 concordare
1783 4470 2017 4541 iuueni
2088 4490 2241 4542 cum
2287 4469 2442 4564 ipso
2496 4445 2875 4564 principali
2925 4464 3016 4538 de
3067 4463 3389 4538 mandato
3443 4473 3516 4538 et

162 4570 582 4642 amaritate
634 4570 853 4664 ipsius
904 4569 993 4642 D.
1026 4568 1606 4694 Archiepiscopi
1585 4594 1655 4645 m
1689 4569 2027 4666 publicam
2062 4569 2352 4646 formam
2404 4571 2672 4664 redegi,
2726 4571 3063 4663 signoque
3115 4589 3273 4644 meo
3330 4591 3514 4643 cou-

164 4681 373 4746 aeto
428 4675 705 4766 signaui
757 4681 831 4746 et
880 4671 971 4744 ad
1025 4676 1247 4748 maius
1298 4673 1508 4748 robur
1561 4678 1859 4748 0111818111
1925 4675 2385 4771 predictorum
2457 4671 2997 4767 supradictorum
3048 4671 3195 4746 DD.
3249 4672 3514 4746 Archi-

0 4822 9 4831 ·
162 4779 543 4871 episcopus
601 4784 673 4848 et
722 4775 1109 4871 Episcopus
1180 4798 1460 4854 suorum
1533 4780 1908 4872 sigillorum
1963 4787 2035 4851 et
2086 4776 2299 4851 abbas
2367 4777 2590 4869 sigillo
2646 4778 2751 4850 sui
2806 4787 3185 4851 conuentus
3240 4787 3310 4848 et
3360 4777 3513 4850 Ar-

166 4877 625 4955 chidinconus
677 4878 903 4954 dictus
952 4882 1160 4975 8131111
1213 4885 1321 4956 881
1375 4878 1661 4978 Capituli
1712 4885 2061 4956 iusserunt
2113 4883 2530 4976 appensione
2584 4882 2988 4956 communiti
3031 4880 3208 4956 boc
3219 4899 3512 4975 presens

168 4985 593 5080 mphm,
653 4981 785 5057 81111
839 5004 1019 5056 anno
1071 4981 2296 5060 Dni.ffl.cccxxxl11.1ndiotiono
2345 4986 2589 5078 prima,
2644 4983 2756 5057 die
2805 4984 3175 5080 penultimo
3249 4983 3514 5058 mensis

166 5083 351 5184 125.
398 5085 861 5164 Pontificatus
912 5083 1021 5158 δ”·
1070 5087 1292 5162 Patris
1346 5098 1417 5162 et
1466 5088 1614 5164 DD.
1667 5089 1957 5165 Joanuis
2018 5088 2250 5228 Papae
2299 5086 2516 5162 XXII.
2572 5110 2753 5163 anuo
2807 5086 3020 5162 XVII.
3059 5096 3154 5160 et
3199 5095 3514 5180 tenpore

168 5190 533 5287 111181118ιί
570 5191 677 5264 D.
734 5187 1262 5331 Arcbiepiscopi
1312 5189 1765 5334 Spalatensis.

1256 5389 1484 5466 Locus
1539 5392 1924 5486 sigillorum
1978 5391 2464 5500 pendentium.-
2523 5410 2561 5441 -⁴
2639 5433 2648 5440 -
