<?xml version="1.0" encoding="UTF-8"?>
<!DOCTYPE html PUBLIC "-//W3C//DTD XHTML 1.0 Transitional//EN"
    "http://www.w3.org/TR/xhtml1/DTD/xhtml1-transitional.dtd">
<html xmlns="http://www.w3.org/1999/xhtml" xml:lang="en" lang="en">
 <head>
  <title>
</title>
<meta http-equiv="Content-Type" content="text/html;charset=utf-8" />
  <meta name='ocr-system' content='tesseract 3.04.00' />
  <meta name='ocr-capabilities' content='ocr_page ocr_carea ocr_par ocr_line ocrx_word'/>
</head>
<body>
  <div class='ocr_page' id='page_1' title='image "./juraregnicroati00etcgoog/juraregnicroati00etcgoog_0137.png"; bbox 0 0 3950 5917; ppageno 0'>
   <div class='ocr_carea' id='block_1_1' title="bbox 3335 419 3484 499">
    <p class='ocr_par' dir='ltr' id='par_1_1' title="bbox 3335 419 3484 499">
     <span class='ocr_line' id='line_1_1' title="bbox 3335 419 3484 499; baseline 0.054 -8"><span class='ocrx_word' id='word_1_1' title='bbox 3335 419 3484 499; x_wconf 76' lang='lat'><strong>121</strong></span> 
     </span>
    </p>
   </div>
   <div class='ocr_carea' id='block_1_2' title="bbox 194 619 3497 1749">
    <p class='ocr_par' dir='ltr' id='par_1_2' title="bbox 194 619 3497 1749">
     <span class='ocr_line' id='line_1_2' title="bbox 194 619 3492 717; baseline -0 -20"><span class='ocrx_word' id='word_1_2' title='bbox 194 625 474 697; x_wconf 75' lang='lat' dir='ltr'><strong>devotae</strong></span> <span class='ocrx_word' id='word_1_3' title='bbox 524 620 867 698; x_wconf 79' lang='lat' dir='ltr'><strong>fidelitatis</strong></span> <span class='ocrx_word' id='word_1_4' title='bbox 917 631 1247 712; x_wconf 81' lang='lat' dir='ltr'><strong>armatus,</strong></span> <span class='ocrx_word' id='word_1_5' title='bbox 1280 621 1554 696; x_wconf 71' lang='lat' dir='ltr'><strong>&#39;volens</strong></span> <span class='ocrx_word' id='word_1_6' title='bbox 1588 623 1815 717; x_wconf 90' lang='lat' dir='ltr'><strong>potius</strong></span> <span class='ocrx_word' id='word_1_7' title='bbox 1868 630 2028 716; x_wconf 89' lang='lat' dir='ltr'><strong>post</strong></span> <span class='ocrx_word' id='word_1_8' title='bbox 2068 629 2359 693; x_wconf 86' lang='lat' dir='ltr'><strong>mortem</strong></span> <span class='ocrx_word' id='word_1_9' title='bbox 2407 620 2684 693; x_wconf 85' lang='lat' dir='ltr'><strong>vivere·</strong></span> <span class='ocrx_word' id='word_1_10' title='bbox 2709 641 2835 714; x_wconf 91' lang='lat' dir='ltr'><strong>per</strong></span> <span class='ocrx_word' id='word_1_11' title='bbox 2885 619 3116 693; x_wconf 80' lang='lat' dir='ltr'><strong>famae</strong></span> <span class='ocrx_word' id='word_1_12' title='bbox 3168 621 3492 715; x_wconf 80' lang='lat' dir='ltr'><strong>gloriam,</strong></span> 
     </span>
     <span class='ocr_line' id='line_1_3' title="bbox 198 720 3488 821; baseline -0.002 -22"><span class='ocrx_word' id='word_1_13' title='bbox 198 748 375 821; x_wconf 78' lang='lat' dir='ltr'><strong>quam</strong></span> <span class='ocrx_word' id='word_1_14' title='bbox 423 735 689 818; x_wconf 80' lang='lat' dir='ltr'><strong>tergum</strong></span> <span class='ocrx_word' id='word_1_15' title='bbox 739 725 1095 801; x_wconf 70' lang='lat' dir='ltr'><strong>hostilitati</strong></span> <span class='ocrx_word' id='word_1_16' title='bbox 1146 723 1536 799; x_wconf 88' lang='lat' dir='ltr'><strong>huiusmodi</strong></span> <span class='ocrx_word' id='word_1_17' title='bbox 1585 734 1894 815; x_wconf 86' lang='lat' dir='ltr'><strong>vertere,</strong></span> <span class='ocrx_word' id='word_1_18' title='bbox 1950 746 2032 798; x_wconf 88' lang='lat' dir='ltr'><strong>se</strong></span> <span class='ocrx_word' id='word_1_19' title='bbox 2087 721 2367 811; x_wconf 89' lang='lat' dir='ltr'><strong>obiecit,</strong></span> <span class='ocrx_word' id='word_1_20' title='bbox 2423 732 2494 796; x_wconf 89' lang='lat' dir='ltr'><strong>et</strong></span> <span class='ocrx_word' id='word_1_21' title='bbox 2543 720 2638 795; x_wconf 91' lang='lat' dir='ltr'><strong>ibi</strong></span> <span class='ocrx_word' id='word_1_22' title='bbox 2691 725 2884 796; x_wconf 91' lang='lat' dir='ltr'><strong>sonis</strong></span> <span class='ocrx_word' id='word_1_23' title='bbox 2936 720 3204 798; x_wconf 77' lang='lat' dir='ltr'><strong>bellicis</strong></span> <span class='ocrx_word' id='word_1_24' title='bbox 3256 729 3488 799; x_wconf 50' lang='lat' dir='ltr'><strong>utria-2</strong></span> 
     </span>
     <span class='ocr_line' id='line_1_4' title="bbox 198 824 3491 924; baseline -0 -22"><span class='ocrx_word' id='word_1_25' title='bbox 198 853 312 923; x_wconf 75' lang='lat' dir='ltr'><strong>que</strong></span> <span class='ocrx_word' id='word_1_26' title='bbox 358 826 693 902; x_wconf 76' lang='lat' dir='ltr'><strong>hostiliter</strong></span> <span class='ocrx_word' id='word_1_27' title='bbox 741 827 1075 924; x_wconf 86' lang='lat' dir='ltr'><strong>perflatis,</strong></span> <span class='ocrx_word' id='word_1_28' title='bbox 1128 827 1583 903; x_wconf 88' lang='lat' dir='ltr'><strong>acerbissime</strong></span> <span class='ocrx_word' id='word_1_29' title='bbox 1632 827 2037 923; x_wconf 79' lang='lat' dir='ltr'><strong>praeliavit3</strong></span> <span class='ocrx_word' id='word_1_30' title='bbox 2101 824 2283 922; x_wconf 80' lang='lat' dir='ltr'><strong>quod</strong></span> <span class='ocrx_word' id='word_1_31' title='bbox 2336 824 2611 921; x_wconf 82' lang='lat' dir='ltr'><strong>quidem</strong></span> <span class='ocrx_word' id='word_1_32' title='bbox 2661 826 2993 921; x_wconf 88' lang='lat' dir='ltr'><strong>praelium</strong></span> <span class='ocrx_word' id='word_1_33' title='bbox 3047 829 3253 900; x_wconf 89' lang='lat' dir='ltr'><strong>etiam</strong></span> <span class='ocrx_word' id='word_1_34' title='bbox 3307 828 3491 924; x_wconf 87' lang='lat' dir='ltr'><strong>apud</strong></span> 
     </span>
     <span class='ocr_line' id='line_1_5' title="bbox 201 927 3489 1028; baseline 0 -26"><span class='ocrx_word' id='word_1_35' title='bbox 201 931 526 1026; x_wconf 78' lang='lat' dir='ltr'><strong>Troyanos</strong></span> <span class='ocrx_word' id='word_1_36' title='bbox 595 929 1016 1006; x_wconf 85' lang='lat' dir='ltr'><strong>fortissimos</strong></span> <span class='ocrx_word' id='word_1_37' title='bbox 1085 934 1424 1028; x_wconf 88' lang='lat' dir='ltr'><strong>potuisset</strong></span> <span class='ocrx_word' id='word_1_38' title='bbox 1492 930 1983 1004; x_wconf 86' lang='lat' dir='ltr'><strong>decentissime</strong></span> <span class='ocrx_word' id='word_1_39' title='bbox 2055 929 2543 1003; x_wconf 88' lang='lat' dir='ltr'><strong>commendari.</strong></span> <span class='ocrx_word' id='word_1_40' title='bbox 2651 927 2796 1001; x_wconf 88' lang='lat' dir='ltr'><strong>Sed</strong></span> <span class='ocrx_word' id='word_1_41' title='bbox 2849 928 3009 1025; x_wconf 85' lang='lat' dir='ltr'><strong>quid</strong></span> <span class='ocrx_word' id='word_1_42' title='bbox 3058 929 3298 1025; x_wconf 77' lang='lat' dir='ltr'><strong>plura3</strong></span> <span class='ocrx_word' id='word_1_43' title='bbox 3367 932 3489 1004; x_wconf 87' lang='lat' dir='ltr'><strong>ille</strong></span> 
     </span>
     <span class='ocr_line' id='line_1_6' title="bbox 198 1030 3490 1131; baseline 0 -25"><span class='ocrx_word' id='word_1_44' title='bbox 198 1033 496 1129; x_wconf 73' lang='lat' dir='ltr'><strong>siquidem</strong></span> <span class='ocrx_word' id='word_1_45' title='bbox 548 1055 913 1130; x_wconf 89' lang='lat' dir='ltr'><strong>supremus</strong></span> <span class='ocrx_word' id='word_1_46' title='bbox 960 1034 1223 1131; x_wconf 85' lang='lat' dir='ltr'><strong>opifex,</strong></span> <span class='ocrx_word' id='word_1_47' title='bbox 1278 1038 1391 1131; x_wconf 77' lang='lat' dir='ltr'><strong>qni</strong></span> <span class='ocrx_word' id='word_1_48' title='bbox 1425 1031 1740 1107; x_wconf 86' lang='lat' dir='ltr'><strong>fidelibus</strong></span> <span class='ocrx_word' id='word_1_49' title='bbox 1793 1032 2109 1106; x_wconf 85' lang='lat' dir='ltr'><strong>dextram</strong></span> <span class='ocrx_word' id='word_1_50' title='bbox 2158 1030 2471 1128; x_wconf 88' lang='lat' dir='ltr'><strong>praebet,</strong></span> <span class='ocrx_word' id='word_1_51' title='bbox 2525 1041 2597 1104; x_wconf 91' lang='lat' dir='ltr'><strong>et</strong></span> <span class='ocrx_word' id='word_1_52' title='bbox 2628 1034 2825 1107; x_wconf 89' lang='lat' dir='ltr'><strong>iustis</strong></span> <span class='ocrx_word' id='word_1_53' title='bbox 2862 1032 3098 1105; x_wconf 81' lang='lat' dir='ltr'><strong>auxilii</strong></span> <span class='ocrx_word' id='word_1_54' title='bbox 3133 1036 3241 1107; x_wconf 88' lang='lat' dir='ltr'><strong>sui</strong></span> <span class='ocrx_word' id='word_1_55' title='bbox 3278 1055 3490 1107; x_wconf 89' lang='lat' dir='ltr'><strong>com-</strong></span> 
     </span>
     <span class='ocr_line' id='line_1_7' title="bbox 200 1134 3489 1234; baseline -0 -23"><span class='ocrx_word' id='word_1_56' title='bbox 200 1135 439 1211; x_wconf 77' lang='lat' dir='ltr'><strong>nodum</strong></span> <span class='ocrx_word' id='word_1_57' title='bbox 512 1137 760 1232; x_wconf 87' lang='lat' dir='ltr'><strong>procul</strong></span> <span class='ocrx_word' id='word_1_58' title='bbox 809 1159 1073 1234; x_wconf 89' lang='lat' dir='ltr'><strong>ponere</strong></span> <span class='ocrx_word' id='word_1_59' title='bbox 1120 1160 1263 1211; x_wconf 89' lang='lat' dir='ltr'><strong>non</strong></span> <span class='ocrx_word' id='word_1_60' title='bbox 1315 1140 1536 1226; x_wconf 90' lang='lat' dir='ltr'><strong>novit,</strong></span> <span class='ocrx_word' id='word_1_61' title='bbox 1615 1140 1978 1211; x_wconf 87' lang='lat' dir='ltr'><strong>victoriam</strong></span> <span class='ocrx_word' id='word_1_62' title='bbox 2056 1144 2436 1210; x_wconf 90' lang='lat' dir='ltr'><strong>memorato</strong></span> <span class='ocrx_word' id='word_1_63' title='bbox 2518 1134 2869 1232; x_wconf 87' lang='lat' dir='ltr'><strong>Stephano</strong></span> <span class='ocrx_word' id='word_1_64' title='bbox 2922 1135 3368 1232; x_wconf 78' lang='lat' dir='ltr'><strong>Wayvodae·</strong></span> <span class='ocrx_word' id='word_1_65' title='bbox 3397 1137 3489 1210; x_wconf 89' lang='lat' dir='ltr'><strong>ab</strong></span> 
     </span>
     <span class='ocr_line' id='line_1_8' title="bbox 200 1237 3497 1336; baseline 0 -23"><span class='ocrx_word' id='word_1_66' title='bbox 200 1238 467 1315; x_wconf 73' lang='lat' dir='ltr'><strong>hostibus</strong></span> <span class='ocrx_word' id='word_1_67' title='bbox 519 1239 986 1315; x_wconf 87' lang='lat' dir='ltr'><strong>desideratam</strong></span> <span class='ocrx_word' id='word_1_68' title='bbox 1038 1240 1251 1336; x_wconf 83' lang='lat' dir='ltr'><strong>digne</strong></span> <span class='ocrx_word' id='word_1_69' title='bbox 1301 1238 1610 1336; x_wconf 86' lang='lat' dir='ltr'><strong>praebuit</strong></span> <span class='ocrx_word' id='word_1_70' title='bbox 1680 1249 2088 1335; x_wconf 87' lang='lat' dir='ltr'><strong>reportare;</strong></span> <span class='ocrx_word' id='word_1_71' title='bbox 2164 1237 2283 1313; x_wconf 90' lang='lat' dir='ltr'><strong>ubi</strong></span> <span class='ocrx_word' id='word_1_72' title='bbox 2333 1237 2612 1335; x_wconf 78' lang='lat' dir='ltr'><strong>superbi</strong></span> <span class='ocrx_word' id='word_1_73' title='bbox 2687 1242 3061 1334; x_wconf 87' lang='lat' dir='ltr'><strong>perierunt,</strong></span> <span class='ocrx_word' id='word_1_74' title='bbox 3137 1239 3360 1315; x_wconf 82' lang='lat' dir='ltr'><strong>fortes</strong></span> <span class='ocrx_word' id='word_1_75' title='bbox 3415 1251 3497 1314; x_wconf 83' lang='lat' dir='ltr'><strong>et</strong></span> 
     </span>
     <span class='ocr_line' id='line_1_9' title="bbox 197 1341 3490 1438; baseline 0.001 -23"><span class='ocrx_word' id='word_1_76' title='bbox 197 1341 467 1417; x_wconf 75' lang='lat' dir='ltr'><strong>bellicosi</strong></span> <span class='ocrx_word' id='word_1_77' title='bbox 549 1354 986 1435; x_wconf 86' lang='lat' dir='ltr'><strong>corruerunt,</strong></span> <span class='ocrx_word' id='word_1_78' title='bbox 1058 1354 1130 1417; x_wconf 88' lang='lat' dir='ltr'><strong>et</strong></span> <span class='ocrx_word' id='word_1_79' title='bbox 1176 1343 1519 1435; x_wconf 86' lang='lat' dir='ltr'><strong>infideles,</strong></span> <span class='ocrx_word' id='word_1_80' title='bbox 1600 1366 1887 1438; x_wconf 83' lang='lat' dir='ltr'><strong>quorum</strong></span> <span class='ocrx_word' id='word_1_81' title='bbox 1965 1364 2107 1415; x_wconf 90' lang='lat' dir='ltr'><strong>non</strong></span> <span class='ocrx_word' id='word_1_82' title='bbox 2161 1352 2271 1416; x_wconf 90' lang='lat' dir='ltr'><strong>est</strong></span> <span class='ocrx_word' id='word_1_83' title='bbox 2320 1363 2672 1434; x_wconf 89' lang='lat' dir='ltr'><strong>numerus,</strong></span> <span class='ocrx_word' id='word_1_84' title='bbox 2749 1342 3053 1436; x_wconf 81' lang='lat' dir='ltr'><strong>languidi</strong></span> <span class='ocrx_word' id='word_1_85' title='bbox 3128 1346 3490 1417; x_wconf 87' lang='lat' dir='ltr'><strong>iacuerunt</strong></span> 
     </span>
     <span class='ocr_line' id='line_1_10' title="bbox 198 1443 3490 1542; baseline 0.002 -23"><span class='ocrx_word' id='word_1_86' title='bbox 198 1445 425 1519; x_wconf 82' lang='lat' dir='ltr'><strong>lethalis</strong></span> <span class='ocrx_word' id='word_1_87' title='bbox 518 1446 892 1539; x_wconf 84' lang='lat' dir='ltr'><strong>gehennae</strong></span> <span class='ocrx_word' id='word_1_88' title='bbox 1005 1456 1362 1540; x_wconf 76' lang='lat' dir='ltr'><strong>gustantes</strong></span> <span class='ocrx_word' id='word_1_89' title='bbox 1449 1456 1683 1542; x_wconf 89' lang='lat' dir='ltr'><strong>potum</strong></span> <span class='ocrx_word' id='word_1_90' title='bbox 1760 1443 2305 1520; x_wconf 81' lang='lat' dir='ltr'><strong>marcescibilem</strong></span> <span class='ocrx_word' id='word_1_91' title='bbox 2384 1448 2846 1541; x_wconf 88' lang='lat' dir='ltr'><strong>perempniter</strong></span> <span class='ocrx_word' id='word_1_92' title='bbox 2930 1455 3000 1518; x_wconf 89' lang='lat' dir='ltr'><strong>et</strong></span> <span class='ocrx_word' id='word_1_93' title='bbox 3066 1448 3138 1518; x_wconf 90' lang='lat' dir='ltr'><strong>in</strong></span> <span class='ocrx_word' id='word_1_94' title='bbox 3208 1469 3490 1525; x_wconf 60' lang='lat' dir='ltr'><strong>aevum,</strong></span> 
     </span>
     <span class='ocr_line' id='line_1_11' title="bbox 196 1546 3492 1646; baseline 0.002 -25"><span class='ocrx_word' id='word_1_95' title='bbox 196 1546 261 1621; x_wconf 87' lang='lat' dir='ltr'><strong>Iu</strong></span> <span class='ocrx_word' id='word_1_96' title='bbox 302 1570 423 1644; x_wconf 85' lang='lat' dir='ltr'><strong>quo</strong></span> <span class='ocrx_word' id='word_1_97' title='bbox 473 1549 754 1645; x_wconf 79' lang='lat' dir='ltr'><strong>quidem</strong></span> <span class='ocrx_word' id='word_1_98' title='bbox 822 1553 1084 1644; x_wconf 84' lang='lat' dir='ltr'><strong>ingenti</strong></span> <span class='ocrx_word' id='word_1_99' title='bbox 1151 1551 1413 1646; x_wconf 90' lang='lat' dir='ltr'><strong>praelio</strong></span> <span class='ocrx_word' id='word_1_100' title='bbox 1479 1549 1830 1644; x_wconf 85' lang='lat' dir='ltr'><strong>praefatus</strong></span> <span class='ocrx_word' id='word_1_101' title='bbox 1893 1548 2282 1645; x_wconf 80' lang='lat' dir='ltr'><strong>Stephanus</strong></span> <span class='ocrx_word' id='word_1_102' title='bbox 2334 1547 2711 1644; x_wconf 78' lang='lat' dir='ltr'><strong>Wayvoda</strong></span> <span class='ocrx_word' id='word_1_103' title='bbox 2778 1549 3058 1623; x_wconf 91' lang='lat' dir='ltr'><strong>leonino</strong></span> <span class='ocrx_word' id='word_1_104' title='bbox 3131 1552 3492 1627; x_wconf 81' lang='lat' dir='ltr'><strong>accinctus</strong></span> 
     </span>
     <span class='ocr_line' id='line_1_12' title="bbox 194 1649 3489 1749; baseline 0.001 -26"><span class='ocrx_word' id='word_1_105' title='bbox 194 1649 435 1741; x_wconf 85' lang='lat' dir='ltr'><strong>robore,</strong></span> <span class='ocrx_word' id='word_1_106' title='bbox 483 1675 695 1748; x_wconf 78' lang='lat' dir='ltr'><strong>quam</strong></span> <span class='ocrx_word' id='word_1_107' title='bbox 747 1653 978 1749; x_wconf 89' lang='lat' dir='ltr'><strong>plures</strong></span> <span class='ocrx_word' id='word_1_108' title='bbox 1012 1652 1404 1747; x_wconf 82' lang='lat' dir='ltr'><strong>Magnates,</strong></span> <span class='ocrx_word' id='word_1_109' title='bbox 1454 1651 1768 1727; x_wconf 88' lang='lat' dir='ltr'><strong>Barones</strong></span> <span class='ocrx_word' id='word_1_110' title='bbox 1805 1662 1877 1734; x_wconf 85' lang='lat' dir='ltr'><strong>et</strong></span> <span class='ocrx_word' id='word_1_111' title='bbox 1906 1655 2216 1749; x_wconf 85' lang='lat' dir='ltr'><strong>potiores</strong></span> <span class='ocrx_word' id='word_1_112' title='bbox 2269 1652 2517 1726; x_wconf 87' lang='lat' dir='ltr'><strong>milites</strong></span> <span class='ocrx_word' id='word_1_113' title='bbox 2569 1654 2780 1746; x_wconf 88' lang='lat' dir='ltr'><strong>partis</strong></span> <span class='ocrx_word' id='word_1_114' title='bbox 2834 1650 3178 1726; x_wconf 90' lang='lat' dir='ltr'><strong>adversae</strong></span> <span class='ocrx_word' id='word_1_115' title='bbox 3228 1655 3489 1725; x_wconf 78' lang='lat' dir='ltr'><strong>trium-</strong></span> 
     </span>
    </p>
   </div>
   <div class='ocr_carea' id='block_1_3' title="bbox 84 1752 3489 1852">
    <p class='ocr_par' dir='ltr' id='par_1_3' title="bbox 84 1752 3489 1852">
     <span class='ocr_line' id='line_1_13' title="bbox 84 1752 3489 1852; baseline 0.001 -26"><span class='ocrx_word' id='word_1_116' title='bbox 84 1788 85 1807; x_wconf 47' lang='lat'>¹</span> <span class='ocrx_word' id='word_1_117' title='bbox 198 1752 440 1848; x_wconf 73' lang='lat' dir='ltr'><strong>pbaliter</strong></span> <span class='ocrx_word' id='word_1_118' title='bbox 491 1759 899 1851; x_wconf 75' lang='lat' dir='ltr'><strong>captivavit,</strong></span> <span class='ocrx_word' id='word_1_119' title='bbox 951 1767 1217 1852; x_wconf 84' lang='lat' dir='ltr'><strong>partem</strong></span> <span class='ocrx_word' id='word_1_120' title='bbox 1270 1755 1640 1831; x_wconf 87' lang='lat' dir='ltr'><strong>adversam</strong></span> <span class='ocrx_word' id='word_1_121' title='bbox 1691 1760 1963 1852; x_wconf 87' lang='lat' dir='ltr'><strong>penitus</strong></span> <span class='ocrx_word' id='word_1_122' title='bbox 2013 1753 2444 1830; x_wconf 88' lang='lat' dir='ltr'><strong>debellando.</strong></span> <span class='ocrx_word' id='word_1_123' title='bbox 2533 1753 2801 1828; x_wconf 87' lang='lat' dir='ltr'><strong>Deinde</strong></span> <span class='ocrx_word' id='word_1_124' title='bbox 2855 1754 3039 1828; x_wconf 90' lang='lat' dir='ltr'><strong>idem</strong></span> <span class='ocrx_word' id='word_1_125' title='bbox 3091 1753 3489 1851; x_wconf 84' lang='lat' dir='ltr'><strong>Stephanus</strong></span> 
     </span>
    </p>
   </div>
   <div class='ocr_carea' id='block_1_4' title="bbox 195 1855 3485 2575">
    <p class='ocr_par' dir='ltr' id='par_1_4' title="bbox 195 1855 3485 2575">
     <span class='ocr_line' id='line_1_14' title="bbox 196 1855 3484 1954; baseline 0.004 -29"><span class='ocrx_word' id='word_1_126' title='bbox 196 1855 522 1953; x_wconf 70' lang='lat' dir='ltr'><strong>Wayvoda</strong></span> <span class='ocrx_word' id='word_1_127' title='bbox 578 1860 837 1933; x_wconf 89' lang='lat' dir='ltr'><strong>solitae</strong></span> <span class='ocrx_word' id='word_1_128' title='bbox 887 1859 1231 1934; x_wconf 78' lang='lat' dir='ltr'><strong>fidelitatis</strong></span> <span class='ocrx_word' id='word_1_129' title='bbox 1283 1863 1609 1935; x_wconf 88' lang='lat' dir='ltr'><strong>insistens</strong></span> <span class='ocrx_word' id='word_1_130' title='bbox 1660 1857 1952 1949; x_wconf 89' lang='lat' dir='ltr'><strong>fervori,</strong></span> <span class='ocrx_word' id='word_1_131' title='bbox 2008 1880 2210 1954; x_wconf 83' lang='lat' dir='ltr'><strong>quam</strong></span> <span class='ocrx_word' id='word_1_132' title='bbox 2262 1858 2494 1953; x_wconf 90' lang='lat' dir='ltr'><strong>plures</strong></span> <span class='ocrx_word' id='word_1_133' title='bbox 2547 1856 3010 1932; x_wconf 87' lang='lat' dir='ltr'><strong>validissimas</strong></span> <span class='ocrx_word' id='word_1_134' title='bbox 3063 1861 3276 1953; x_wconf 87' lang='lat' dir='ltr'><strong>ipsius</strong></span> <span class='ocrx_word' id='word_1_135' title='bbox 3328 1857 3484 1937; x_wconf 66' lang='grc' dir='ltr'>[ιι-τ</span> 
     </span>
     <span class='ocr_line' id='line_1_15' title="bbox 196 1958 3482 2058; baseline 0.001 -25"><span class='ocrx_word' id='word_1_136' title='bbox 196 1958 384 2043; x_wconf 73' lang='lat' dir='ltr'><strong>devici</strong></span> <span class='ocrx_word' id='word_1_137' title='bbox 431 1962 919 2056; x_wconf 82' lang='lat' dir='ltr'><strong>expeditiones</strong></span> <span class='ocrx_word' id='word_1_138' title='bbox 1000 1962 1361 2037; x_wconf 87' lang='lat' dir='ltr'><strong>multifarie</strong></span> <span class='ocrx_word' id='word_1_139' title='bbox 1439 1964 1802 2058; x_wconf 80' lang='lat' dir='ltr'><strong>multisque</strong></span> <span class='ocrx_word' id='word_1_140' title='bbox 1882 1961 2106 2037; x_wconf 89' lang='lat' dir='ltr'><strong>modis</strong></span> <span class='ocrx_word' id='word_1_141' title='bbox 2159 1959 2554 2052; x_wconf 88' lang='lat' dir='ltr'><strong>debellavit,</strong></span> <span class='ocrx_word' id='word_1_142' title='bbox 2635 1971 2706 2034; x_wconf 93' lang='lat' dir='ltr'><strong>et</strong></span> <span class='ocrx_word' id='word_1_143' title='bbox 2759 1964 3074 2034; x_wconf 88' lang='lat' dir='ltr'><strong>civitates</strong></span> <span class='ocrx_word' id='word_1_144' title='bbox 3154 1962 3482 2055; x_wconf 84' lang='lat' dir='ltr'><strong>plurimas</strong></span> 
     </span>
     <span class='ocr_line' id='line_1_16' title="bbox 198 2063 3485 2162; baseline -0 -23"><span class='ocrx_word' id='word_1_145' title='bbox 198 2069 595 2159; x_wconf 74' lang='lat' dir='ltr'><strong>expugnavit,</strong></span> <span class='ocrx_word' id='word_1_146' title='bbox 654 2088 742 2137; x_wconf 91' lang='lat' dir='ltr'><strong>ac</strong></span> <span class='ocrx_word' id='word_1_147' title='bbox 792 2069 1035 2160; x_wconf 85' lang='lat' dir='ltr'><strong>gravia</strong></span> <span class='ocrx_word' id='word_1_148' title='bbox 1093 2078 1163 2138; x_wconf 86' lang='lat' dir='ltr'><strong>et</strong></span> <span class='ocrx_word' id='word_1_149' title='bbox 1214 2065 1554 2139; x_wconf 89' lang='lat' dir='ltr'><strong>horrenda</strong></span> <span class='ocrx_word' id='word_1_150' title='bbox 1608 2087 2060 2162; x_wconf 90' lang='lat' dir='ltr'><strong>personarum</strong></span> <span class='ocrx_word' id='word_1_151' title='bbox 2131 2066 2432 2161; x_wconf 88' lang='lat' dir='ltr'><strong>pericula</strong></span> <span class='ocrx_word' id='word_1_152' title='bbox 2501 2063 2730 2138; x_wconf 91' lang='lat' dir='ltr'><strong>eidem</strong></span> <span class='ocrx_word' id='word_1_153' title='bbox 2779 2063 3133 2138; x_wconf 90' lang='lat' dir='ltr'><strong>Ludovico</strong></span> <span class='ocrx_word' id='word_1_154' title='bbox 3205 2063 3485 2139; x_wconf 62' lang='lat' dir='ltr'><strong>adhae-÷</strong></span> 
     </span>
     <span class='ocr_line' id='line_1_17' title="bbox 196 2166 3481 2264; baseline 0.001 -25"><span class='ocrx_word' id='word_1_155' title='bbox 196 2166 451 2241; x_wconf 71' lang='lat' dir='ltr'><strong>rentibus</strong></span> <span class='ocrx_word' id='word_1_156' title='bbox 520 2171 892 2262; x_wconf 83' lang='lat' dir='ltr'><strong>irrogavit,</strong></span> <span class='ocrx_word' id='word_1_157' title='bbox 963 2181 1035 2241; x_wconf 86' lang='lat' dir='ltr'><strong>ut</strong></span> <span class='ocrx_word' id='word_1_158' title='bbox 1086 2179 1274 2242; x_wconf 83' lang='lat' dir='ltr'><strong>certa</strong></span> <span class='ocrx_word' id='word_1_159' title='bbox 1345 2170 1589 2242; x_wconf 86' lang='lat' dir='ltr'><strong>relatio</strong></span> <span class='ocrx_word' id='word_1_160' title='bbox 1641 2166 1843 2244; x_wconf 89' lang='lat' dir='ltr'><strong>nobis</strong></span> <span class='ocrx_word' id='word_1_161' title='bbox 1895 2167 2074 2242; x_wconf 89' lang='lat' dir='ltr'><strong>haec</strong></span> <span class='ocrx_word' id='word_1_162' title='bbox 2127 2171 2354 2241; x_wconf 90' lang='lat' dir='ltr'><strong>omnia</strong></span> <span class='ocrx_word' id='word_1_163' title='bbox 2407 2167 2775 2263; x_wconf 81' lang='lat' dir='ltr'><strong>patefecit3</strong></span> <span class='ocrx_word' id='word_1_164' title='bbox 2857 2169 3093 2262; x_wconf 87' lang='lat' dir='ltr'><strong>sicque</strong></span> <span class='ocrx_word' id='word_1_165' title='bbox 3164 2171 3481 2264; x_wconf 86' lang='lat' dir='ltr'><strong>potiores</strong></span> 
     </span>
     <span class='ocr_line' id='line_1_18' title="bbox 195 2269 3481 2368; baseline 0 -25"><span class='ocrx_word' id='word_1_166' title='bbox 195 2277 250 2342; x_wconf 87' lang='lat' dir='ltr'><strong>et</strong></span> <span class='ocrx_word' id='word_1_167' title='bbox 272 2269 629 2346; x_wconf 75' lang='lat' dir='ltr'><strong>nobiliores</strong></span> <span class='ocrx_word' id='word_1_168' title='bbox 688 2275 903 2368; x_wconf 85' lang='lat' dir='ltr'><strong>ipsius</strong></span> <span class='ocrx_word' id='word_1_169' title='bbox 955 2276 1158 2367; x_wconf 83' lang='lat' dir='ltr'><strong>regni</strong></span> <span class='ocrx_word' id='word_1_170' title='bbox 1198 2276 1416 2347; x_wconf 86' lang='lat' dir='ltr'><strong>nostri</strong></span> <span class='ocrx_word' id='word_1_171' title='bbox 1450 2271 1730 2347; x_wconf 88' lang='lat' dir='ltr'><strong>Siciliae</strong></span> <span class='ocrx_word' id='word_1_172' title='bbox 1782 2281 2144 2366; x_wconf 85' lang='lat' dir='ltr'><strong>magnates</strong></span> <span class='ocrx_word' id='word_1_173' title='bbox 2198 2281 2268 2345; x_wconf 90' lang='lat' dir='ltr'><strong>et</strong></span> <span class='ocrx_word' id='word_1_174' title='bbox 2320 2272 2569 2346; x_wconf 88' lang='lat' dir='ltr'><strong>milites</strong></span> <span class='ocrx_word' id='word_1_175' title='bbox 2624 2270 2713 2343; x_wconf 91' lang='lat' dir='ltr'><strong>ad</strong></span> <span class='ocrx_word' id='word_1_176' title='bbox 2766 2269 2927 2343; x_wconf 87' lang='lat' dir='ltr'><strong>fidei</strong></span> <span class='ocrx_word' id='word_1_177' title='bbox 2977 2278 3259 2345; x_wconf 90' lang='lat' dir='ltr'><strong>nostrae</strong></span> <span class='ocrx_word' id='word_1_178' title='bbox 3314 2271 3481 2345; x_wconf 79' lang='lat' dir='ltr'><strong>cul-</strong></span> 
     </span>
     <span class='ocr_line' id='line_1_19' title="bbox 196 2372 3483 2473; baseline 0.001 -28"><span class='ocrx_word' id='word_1_179' title='bbox 196 2380 303 2444; x_wconf 77' lang='lat' dir='ltr'><strong>tm</strong></span> <span class='ocrx_word' id='word_1_180' title='bbox 347 2373 648 2465; x_wconf 78' lang='lat' dir='ltr'><strong>adduxit,</strong></span> <span class='ocrx_word' id='word_1_181' title='bbox 705 2385 778 2448; x_wconf 83' lang='lat' dir='ltr'><strong>et</strong></span> <span class='ocrx_word' id='word_1_182' title='bbox 826 2380 1083 2451; x_wconf 86' lang='lat' dir='ltr'><strong>nostris</strong></span> <span class='ocrx_word' id='word_1_183' title='bbox 1136 2378 1438 2453; x_wconf 84' lang='lat' dir='ltr'><strong>servitiis</strong></span> <span class='ocrx_word' id='word_1_184' title='bbox 1483 2377 1880 2473; x_wconf 83' lang='lat' dir='ltr'><strong>applicavit.</strong></span> <span class='ocrx_word' id='word_1_185' title='bbox 1967 2374 2035 2447; x_wconf 94' lang='lat' dir='ltr'>N</span> <span class='ocrx_word' id='word_1_186' title='bbox 2037 2397 2118 2449; x_wconf 90' lang='lat' dir='ltr'><strong>os</strong></span> <span class='ocrx_word' id='word_1_187' title='bbox 2171 2376 2377 2470; x_wconf 82' lang='lat' dir='ltr'><strong>igitur.</strong></span> <span class='ocrx_word' id='word_1_188' title='bbox 2428 2373 2861 2449; x_wconf 87' lang='lat' dir='ltr'><strong>attendentes</strong></span> <span class='ocrx_word' id='word_1_189' title='bbox 2912 2372 3247 2471; x_wconf 86' lang='lat' dir='ltr'><strong>praedicti</strong></span> <span class='ocrx_word' id='word_1_190' title='bbox 3299 2373 3483 2447; x_wconf 79' lang='lat' dir='ltr'><strong>Ste-</strong></span> 
     </span>
     <span class='ocr_line' id='line_1_20' title="bbox 202 2472 3476 2575; baseline 0.001 -27"><span class='ocrx_word' id='word_1_191' title='bbox 202 2472 355 2570; x_wconf 71' lang='lat' dir='ltr'><strong>phani</strong></span> <span class='ocrx_word' id='word_1_192' title='bbox 397 2476 810 2572; x_wconf 86' lang='lat' dir='ltr'><strong>Wojvodae</strong></span> <span class='ocrx_word' id='word_1_193' title='bbox 860 2479 1246 2555; x_wconf 89' lang='lat' dir='ltr'><strong>huiusmodi</strong></span> <span class='ocrx_word' id='word_1_194' title='bbox 1296 2478 1686 2569; x_wconf 87' lang='lat' dir='ltr'><strong>fidelitates,</strong></span> <span class='ocrx_word' id='word_1_195' title='bbox 1741 2489 1813 2553; x_wconf 90' lang='lat' dir='ltr'><strong>et</strong></span> <span class='ocrx_word' id='word_1_196' title='bbox 1845 2480 2201 2575; x_wconf 84' lang='lat' dir='ltr'><strong>praeclara</strong></span> <span class='ocrx_word' id='word_1_197' title='bbox 2258 2481 2696 2553; x_wconf 88' lang='lat' dir='ltr'><strong>servitiorum</strong></span> <span class='ocrx_word' id='word_1_198' title='bbox 2745 2477 2955 2550; x_wconf 91' lang='lat' dir='ltr'><strong>multa</strong></span> <span class='ocrx_word' id='word_1_199' title='bbox 3008 2476 3211 2551; x_wconf 89' lang='lat' dir='ltr'><strong>laude</strong></span> <span class='ocrx_word' id='word_1_200' title='bbox 3266 2478 3476 2571; x_wconf 83' lang='lat' dir='ltr'><strong>digna</strong></span> 
     </span>
    </p>
   </div>
   <div class='ocr_carea' id='block_1_5' title="bbox 84 2579 3476 2679">
    <p class='ocr_par' dir='ltr' id='par_1_5' title="bbox 84 2579 3476 2679">
     <span class='ocr_line' id='line_1_21' title="bbox 84 2579 3476 2679; baseline 0.001 -29"><span class='ocrx_word' id='word_1_201' title='bbox 84 2660 85 2673; x_wconf 9' lang='grc' dir='ltr'>χ</span> <span class='ocrx_word' id='word_1_202' title='bbox 200 2583 410 2669; x_wconf 66' lang='lat' dir='ltr'><strong>uerita,</strong></span> <span class='ocrx_word' id='word_1_203' title='bbox 484 2603 613 2677; x_wconf 89' lang='lat' dir='ltr'><strong>pro</strong></span> <span class='ocrx_word' id='word_1_204' title='bbox 677 2579 921 2676; x_wconf 86' lang='lat' dir='ltr'><strong>quibus</strong></span> <span class='ocrx_word' id='word_1_205' title='bbox 971 2584 1135 2657; x_wconf 89' lang='lat' dir='ltr'><strong>licet</strong></span> <span class='ocrx_word' id='word_1_206' title='bbox 1186 2583 1378 2679; x_wconf 89' lang='lat' dir='ltr'><strong>plura</strong></span> <span class='ocrx_word' id='word_1_207' title='bbox 1436 2592 1506 2656; x_wconf 91' lang='lat' dir='ltr'><strong>et</strong></span> <span class='ocrx_word' id='word_1_208' title='bbox 1558 2586 1817 2655; x_wconf 91' lang='lat' dir='ltr'><strong>maiora</strong></span> <span class='ocrx_word' id='word_1_209' title='bbox 1870 2592 2277 2671; x_wconf 88' lang='lat' dir='ltr'><strong>mereretur,</strong></span> <span class='ocrx_word' id='word_1_210' title='bbox 2329 2584 2401 2655; x_wconf 88' lang='lat' dir='ltr'><strong>in</strong></span> <span class='ocrx_word' id='word_1_211' title='bbox 2452 2582 2811 2677; x_wconf 80' lang='lat' dir='ltr'><strong>aliqualem</strong></span> <span class='ocrx_word' id='word_1_212' title='bbox 2883 2590 3111 2653; x_wconf 91' lang='lat' dir='ltr'><strong>tamen</strong></span> <span class='ocrx_word' id='word_1_213' title='bbox 3183 2602 3476 2654; x_wconf 82' lang='lat' dir='ltr'><strong>recom-</strong></span> 
     </span>
    </p>
   </div>
   <div class='ocr_carea' id='block_1_6' title="bbox 184 2682 3538 5471">
    <p class='ocr_par' dir='ltr' id='par_1_6' title="bbox 184 2682 3538 5471">
     <span class='ocr_line' id='line_1_22' title="bbox 200 2682 3476 2777; baseline 0.001 -22"><span class='ocrx_word' id='word_1_214' title='bbox 200 2686 617 2773; x_wconf 75' lang='lat' dir='ltr'><strong>pensationem</strong></span> <span class='ocrx_word' id='word_1_215' title='bbox 696 2682 1245 2760; x_wconf 85' lang='lat' dir='ltr'><strong>fidelissimorum</strong></span> <span class='ocrx_word' id='word_1_216' title='bbox 1320 2689 1757 2761; x_wconf 88' lang='lat' dir='ltr'><strong>servitiorum</strong></span> <span class='ocrx_word' id='word_1_217' title='bbox 1828 2708 2135 2775; x_wconf 88' lang='lat' dir='ltr'><strong>suorum,</strong></span> <span class='ocrx_word' id='word_1_218' title='bbox 2212 2684 2299 2757; x_wconf 90' lang='lat' dir='ltr'><strong>de</strong></span> <span class='ocrx_word' id='word_1_219' title='bbox 2353 2695 2589 2758; x_wconf 88' lang='lat' dir='ltr'><strong>nostra</strong></span> <span class='ocrx_word' id='word_1_220' title='bbox 2661 2687 2855 2777; x_wconf 88' lang='lat' dir='ltr'><strong>regia</strong></span> <span class='ocrx_word' id='word_1_221' title='bbox 2918 2687 3346 2771; x_wconf 88' lang='lat' dir='ltr'><strong>auctoritate,</strong></span> <span class='ocrx_word' id='word_1_222' title='bbox 3402 2693 3476 2759; x_wconf 83' lang='lat' dir='ltr'><strong>et</strong></span> 
     </span>
     <span class='ocr_line' id='line_1_23' title="bbox 202 2779 3473 2883; baseline 0.001 -25"><span class='ocrx_word' id='word_1_223' title='bbox 202 2779 599 2881; x_wconf 67' lang='lat' dir='ltr'><strong>beneplacito,</strong></span> <span class='ocrx_word' id='word_1_224' title='bbox 662 2793 1099 2863; x_wconf 89' lang='lat' dir='ltr'><strong>conniuentia</strong></span> <span class='ocrx_word' id='word_1_225' title='bbox 1138 2800 1209 2862; x_wconf 89' lang='lat' dir='ltr'><strong>et</strong></span> <span class='ocrx_word' id='word_1_226' title='bbox 1244 2810 1593 2865; x_wconf 88' lang='lat' dir='ltr'><strong>consensu</strong></span> <span class='ocrx_word' id='word_1_227' title='bbox 1645 2791 2135 2863; x_wconf 88' lang='lat' dir='ltr'><strong>serenissimae</strong></span> <span class='ocrx_word' id='word_1_228' title='bbox 2167 2787 2656 2883; x_wconf 88' lang='lat' dir='ltr'><strong>Principissae,</strong></span> <span class='ocrx_word' id='word_1_229' title='bbox 2710 2787 3049 2861; x_wconf 88' lang='lat' dir='ltr'><strong>Dominae</strong></span> <span class='ocrx_word' id='word_1_230' title='bbox 3091 2785 3473 2878; x_wconf 83' lang='lat' dir='ltr'><strong>Elisabeth,</strong></span> 
     </span>
     <span class='ocr_line' id='line_1_24' title="bbox 206 2889 3538 2986; baseline 0.001 -24"><span class='ocrx_word' id='word_1_231' title='bbox 206 2890 423 2977; x_wconf 76' lang='lat' dir='ltr'><strong>reginae</strong></span> <span class='ocrx_word' id='word_1_232' title='bbox 498 2890 931 2985; x_wconf 83' lang='lat' dir='ltr'><strong>Hungariae,</strong></span> <span class='ocrx_word' id='word_1_233' title='bbox 1011 2893 1380 2968; x_wconf 86' lang='lat' dir='ltr'><strong>Genitricis</strong></span> <span class='ocrx_word' id='word_1_234' title='bbox 1457 2903 1739 2967; x_wconf 85' lang='lat' dir='ltr'><strong>nostrae</strong></span> <span class='ocrx_word' id='word_1_235' title='bbox 1819 2891 2296 2981; x_wconf 80' lang='lat' dir='ltr'><strong>charissimae,</strong></span> <span class='ocrx_word' id='word_1_236' title='bbox 2352 2900 2421 2963; x_wconf 91' lang='lat' dir='ltr'><strong>et</strong></span> <span class='ocrx_word' id='word_1_237' title='bbox 2471 2890 2747 2962; x_wconf 88' lang='lat' dir='ltr'><strong>Domini</strong></span> <span class='ocrx_word' id='word_1_238' title='bbox 2826 2889 3181 2986; x_wconf 89' lang='lat' dir='ltr'><strong>Stephani,</strong></span> <span class='ocrx_word' id='word_1_239' title='bbox 3261 2894 3538 2965; x_wconf 80' lang='lat' dir='ltr'><strong>totius·</strong></span> 
     </span>
     <span class='ocr_line' id='line_1_25' title="bbox 207 2986 3476 3087; baseline 0.003 -28"><span class='ocrx_word' id='word_1_240' title='bbox 207 2986 590 3086; x_wconf 78' lang='lat' dir='ltr'><strong>Sclaveniae,</strong></span> <span class='ocrx_word' id='word_1_241' title='bbox 663 2992 983 3068; x_wconf 76' lang='lat' dir='ltr'><strong>croatiae</strong></span> <span class='ocrx_word' id='word_1_242' title='bbox 1038 3006 1109 3069; x_wconf 90' lang='lat' dir='ltr'><strong>et</strong></span> <span class='ocrx_word' id='word_1_243' title='bbox 1158 2996 1541 3069; x_wconf 89' lang='lat' dir='ltr'><strong>Dalmatiae</strong></span> <span class='ocrx_word' id='word_1_244' title='bbox 1595 2995 1836 3087; x_wconf 90' lang='lat' dir='ltr'><strong>Ducis,</strong></span> <span class='ocrx_word' id='word_1_245' title='bbox 1890 2995 2121 3070; x_wconf 85' lang='lat' dir='ltr'><strong>fratris</strong></span> <span class='ocrx_word' id='word_1_246' title='bbox 2174 2998 2393 3069; x_wconf 91' lang='lat' dir='ltr'><strong>nostri</strong></span> <span class='ocrx_word' id='word_1_247' title='bbox 2446 2993 2846 3084; x_wconf 76' lang='lat' dir='ltr'><strong>dulcissimi,</strong></span> <span class='ocrx_word' id='word_1_248' title='bbox 2916 3005 2989 3068; x_wconf 90' lang='lat' dir='ltr'><strong>et</strong></span> <span class='ocrx_word' id='word_1_249' title='bbox 3040 2994 3128 3067; x_wconf 90' lang='lat' dir='ltr'><strong>de</strong></span> <span class='ocrx_word' id='word_1_250' title='bbox 3182 2994 3476 3073; x_wconf 85' lang='lat' dir='ltr'><strong>consilio</strong></span> 
     </span>
     <span class='ocr_line' id='line_1_26' title="bbox 208 3096 3476 3196; baseline 0.002 -27"><span class='ocrx_word' id='word_1_251' title='bbox 208 3102 257 3161; x_wconf 77' lang='lat' dir='ltr'><strong>et</strong></span> <span class='ocrx_word' id='word_1_252' title='bbox 277 3098 561 3171; x_wconf 77' lang='lat' dir='ltr'><strong>consulto</strong></span> <span class='ocrx_word' id='word_1_253' title='bbox 600 3097 1105 3189; x_wconf 84' lang='lat' dir='ltr'><strong>Praelatorum,</strong></span> <span class='ocrx_word' id='word_1_254' title='bbox 1159 3099 1641 3196; x_wconf 85' lang='lat' dir='ltr'><strong>Baronumque</strong></span> <span class='ocrx_word' id='word_1_255' title='bbox 1675 3108 2069 3173; x_wconf 90' lang='lat' dir='ltr'><strong>nostrorum</strong></span> <span class='ocrx_word' id='word_1_256' title='bbox 2103 3107 2564 3193; x_wconf 89' lang='lat' dir='ltr'><strong>praematuro,</strong></span> <span class='ocrx_word' id='word_1_257' title='bbox 2621 3107 2848 3172; x_wconf 88' lang='lat' dir='ltr'><strong>castra</strong></span> <span class='ocrx_word' id='word_1_258' title='bbox 2883 3107 3120 3173; x_wconf 85' lang='lat' dir='ltr'><strong>nostra</strong></span> <span class='ocrx_word' id='word_1_259' title='bbox 3160 3096 3476 3192; x_wconf 76' lang='lat' dir='ltr'><strong>Oztrogo</strong></span> 
     </span>
     <span class='ocr_line' id='line_1_27' title="bbox 208 3195 3482 3297; baseline 0.001 -26"><span class='ocrx_word' id='word_1_260' title='bbox 208 3204 253 3265; x_wconf 76' lang='lat' dir='ltr'><strong>ot</strong></span> <span class='ocrx_word' id='word_1_261' title='bbox 290 3195 712 3275; x_wconf 76' lang='lat' dir='ltr'><strong>Chiaktornia</strong></span> <span class='ocrx_word' id='word_1_262' title='bbox 763 3214 1017 3276; x_wconf 86' lang='lat' dir='ltr'><strong>vocata</strong></span> <span class='ocrx_word' id='word_1_263' title='bbox 1070 3255 1094 3293; x_wconf 92' lang='lat'><strong>,</strong></span> <span class='ocrx_word' id='word_1_264' title='bbox 1149 3206 1324 3277; x_wconf 89' lang='lat' dir='ltr'><strong>inter</strong></span> <span class='ocrx_word' id='word_1_265' title='bbox 1396 3202 1649 3278; x_wconf 87' lang='lat' dir='ltr'><strong>fluvios</strong></span> <span class='ocrx_word' id='word_1_266' title='bbox 1701 3201 1983 3275; x_wconf 89' lang='lat' dir='ltr'><strong>Dravae</strong></span> <span class='ocrx_word' id='word_1_267' title='bbox 2037 3212 2108 3274; x_wconf 89' lang='lat' dir='ltr'><strong>et</strong></span> <span class='ocrx_word' id='word_1_268' title='bbox 2155 3198 2352 3273; x_wconf 83' lang='lat' dir='ltr'><strong>Mura</strong></span> <span class='ocrx_word' id='word_1_269' title='bbox 2406 3203 2800 3289; x_wconf 82' lang='lat' dir='ltr'><strong>existentia,</strong></span> <span class='ocrx_word' id='word_1_270' title='bbox 2883 3223 3060 3296; x_wconf 79' lang='lat' dir='ltr'><strong>qnae</strong></span> <span class='ocrx_word' id='word_1_271' title='bbox 3130 3202 3292 3274; x_wconf 90' lang='lat' dir='ltr'><strong>olim</strong></span> <span class='ocrx_word' id='word_1_272' title='bbox 3345 3223 3482 3297; x_wconf 89' lang='lat' dir='ltr'><strong>per</strong></span> 
     </span>
     <span class='ocr_line' id='line_1_28' title="bbox 206 3295 3472 3400; baseline 0.001 -25"><span class='ocrx_word' id='word_1_273' title='bbox 206 3295 553 3379; x_wconf 80' lang='lat' dir='ltr'><strong>Teutonicos</strong></span> <span class='ocrx_word' id='word_1_274' title='bbox 608 3305 1008 3396; x_wconf 87' lang='lat' dir='ltr'><strong>Australes,</strong></span> <span class='ocrx_word' id='word_1_275' title='bbox 1066 3308 1490 3382; x_wconf 86' lang='lat' dir='ltr'><strong>serenissimi</strong></span> <span class='ocrx_word' id='word_1_276' title='bbox 1542 3306 1875 3400; x_wconf 90' lang='lat' dir='ltr'><strong>Principis</strong></span> <span class='ocrx_word' id='word_1_277' title='bbox 1927 3304 2205 3378; x_wconf 88' lang='lat' dir='ltr'><strong>Domini</strong></span> <span class='ocrx_word' id='word_1_278' title='bbox 2238 3302 2594 3399; x_wconf 85' lang='lat' dir='ltr'><strong>Stephani,</strong></span> <span class='ocrx_word' id='word_1_279' title='bbox 2650 3303 2992 3399; x_wconf 89' lang='lat' dir='ltr'><strong>quondam</strong></span> <span class='ocrx_word' id='word_1_280' title='bbox 3037 3307 3225 3395; x_wconf 81' lang='lat' dir='ltr'><strong>regis</strong></span> <span class='ocrx_word' id='word_1_281' title='bbox 3261 3304 3472 3379; x_wconf 86' lang='lat' dir='ltr'><strong>Hun-</strong></span> 
     </span>
     <span class='ocr_line' id='line_1_29' title="bbox 198 3407 3470 3503; baseline 0 -25"><span class='ocrx_word' id='word_1_282' title='bbox 198 3407 403 3497; x_wconf 75' lang='lat' dir='ltr'><strong>gutiae,</strong></span> <span class='ocrx_word' id='word_1_283' title='bbox 454 3411 613 3503; x_wconf 90' lang='lat' dir='ltr'><strong>piae</strong></span> <span class='ocrx_word' id='word_1_284' title='bbox 674 3413 1077 3498; x_wconf 88' lang='lat' dir='ltr'><strong>memoriae,</strong></span> <span class='ocrx_word' id='word_1_285' title='bbox 1150 3413 1265 3483; x_wconf 92' lang='lat' dir='ltr'><strong>avi</strong></span> <span class='ocrx_word' id='word_1_286' title='bbox 1312 3412 1531 3485; x_wconf 90' lang='lat' dir='ltr'><strong>nostri</strong></span> <span class='ocrx_word' id='word_1_287' title='bbox 1601 3408 2012 3498; x_wconf 86' lang='lat' dir='ltr'><strong>charissimi,</strong></span> <span class='ocrx_word' id='word_1_288' title='bbox 2081 3408 2543 3503; x_wconf 88' lang='lat' dir='ltr'><strong>potentialiter</strong></span> <span class='ocrx_word' id='word_1_289' title='bbox 2596 3418 2666 3479; x_wconf 86' lang='lat' dir='ltr'><strong>et</strong></span> <span class='ocrx_word' id='word_1_290' title='bbox 2733 3430 2861 3503; x_wconf 90' lang='lat' dir='ltr'><strong>per</strong></span> <span class='ocrx_word' id='word_1_291' title='bbox 2912 3410 3052 3481; x_wconf 90' lang='lat' dir='ltr'><strong>vim</strong></span> <span class='ocrx_word' id='word_1_292' title='bbox 3108 3416 3470 3501; x_wconf 89' lang='lat' dir='ltr'><strong>occupata,</strong></span> 
     </span>
     <span class='ocr_line' id='line_1_30' title="bbox 197 3509 3471 3609; baseline 0 -25"><span class='ocrx_word' id='word_1_293' title='bbox 197 3514 247 3574; x_wconf 75' lang='lat' dir='ltr'><strong>el</strong></span> <span class='ocrx_word' id='word_1_294' title='bbox 286 3529 475 3605; x_wconf 83' lang='lat' dir='ltr'><strong>usque</strong></span> <span class='ocrx_word' id='word_1_295' title='bbox 528 3511 618 3584; x_wconf 93' lang='lat' dir='ltr'><strong>ad</strong></span> <span class='ocrx_word' id='word_1_296' title='bbox 679 3512 1011 3607; x_wconf 86' lang='lat' dir='ltr'><strong>praedicti</strong></span> <span class='ocrx_word' id='word_1_297' title='bbox 1089 3511 1308 3586; x_wconf 88' lang='lat' dir='ltr'><strong>Patris</strong></span> <span class='ocrx_word' id='word_1_298' title='bbox 1391 3516 1606 3587; x_wconf 87' lang='lat' dir='ltr'><strong>nostri</strong></span> <span class='ocrx_word' id='word_1_299' title='bbox 1687 3511 2068 3609; x_wconf 86' lang='lat' dir='ltr'><strong>adeptionis</strong></span> <span class='ocrx_word' id='word_1_300' title='bbox 2139 3514 2244 3585; x_wconf 88' lang='lat' dir='ltr'><strong>sui</strong></span> <span class='ocrx_word' id='word_1_301' title='bbox 2295 3514 2496 3604; x_wconf 85' lang='lat' dir='ltr'><strong>regni</strong></span> <span class='ocrx_word' id='word_1_302' title='bbox 2574 3509 3108 3604; x_wconf 85' lang='lat' dir='ltr'><strong>gubernaculum</strong></span> <span class='ocrx_word' id='word_1_303' title='bbox 3190 3509 3471 3584; x_wconf 89' lang='lat' dir='ltr'><strong>detenta</strong></span> 
     </span>
     <span class='ocr_line' id='line_1_31' title="bbox 194 3603 3470 3711; baseline 0.002 -29"><span class='ocrx_word' id='word_1_304' title='bbox 194 3603 431 3705; x_wconf 71' lang='lat' dir='ltr'><strong>suanm,</strong></span> <span class='ocrx_word' id='word_1_305' title='bbox 483 3624 555 3687; x_wconf 89' lang='lat' dir='ltr'><strong>et</strong></span> <span class='ocrx_word' id='word_1_306' title='bbox 608 3615 887 3688; x_wconf 88' lang='lat' dir='ltr'><strong>demum</strong></span> <span class='ocrx_word' id='word_1_307' title='bbox 937 3620 1093 3711; x_wconf 88' lang='lat' dir='ltr'><strong>ipso</strong></span> <span class='ocrx_word' id='word_1_308' title='bbox 1147 3626 1342 3711; x_wconf 89' lang='lat' dir='ltr'><strong>patre</strong></span> <span class='ocrx_word' id='word_1_309' title='bbox 1414 3625 1654 3691; x_wconf 88' lang='lat' dir='ltr'><strong>nostro</strong></span> <span class='ocrx_word' id='word_1_310' title='bbox 1733 3614 2066 3710; x_wconf 82' lang='lat' dir='ltr'><strong>praedicti</strong></span> <span class='ocrx_word' id='word_1_311' title='bbox 2115 3616 2223 3689; x_wconf 89' lang='lat' dir='ltr'><strong>sui</strong></span> <span class='ocrx_word' id='word_1_312' title='bbox 2275 3616 2474 3709; x_wconf 87' lang='lat' dir='ltr'><strong>regni</strong></span> <span class='ocrx_word' id='word_1_313' title='bbox 2553 3614 2759 3710; x_wconf 90' lang='lat' dir='ltr'><strong>pleno</strong></span> <span class='ocrx_word' id='word_1_314' title='bbox 2839 3612 3137 3687; x_wconf 85' lang='lat' dir='ltr'><strong>feliciter</strong></span> <span class='ocrx_word' id='word_1_315' title='bbox 3215 3612 3470 3710; x_wconf 88' lang='lat' dir='ltr'><strong>adepto&#39;</strong></span> 
     </span>
     <span class='ocr_line' id='line_1_32' title="bbox 194 3710 3468 3813; baseline 0.001 -25"><span class='ocrx_word' id='word_1_316' title='bbox 194 3710 632 3810; x_wconf 73' lang='lat' dir='ltr'><strong>gubernaculo,</strong></span> <span class='ocrx_word' id='word_1_317' title='bbox 690 3722 1003 3813; x_wconf 86' lang='lat' dir='ltr'><strong>quamvis</strong></span> <span class='ocrx_word' id='word_1_318' title='bbox 1056 3718 1237 3793; x_wconf 87' lang='lat' dir='ltr'><strong>idem</strong></span> <span class='ocrx_word' id='word_1_319' title='bbox 1290 3719 1498 3793; x_wconf 90' lang='lat' dir='ltr'><strong>Pater</strong></span> <span class='ocrx_word' id='word_1_320' title='bbox 1547 3728 1788 3793; x_wconf 88' lang='lat' dir='ltr'><strong>noster</strong></span> <span class='ocrx_word' id='word_1_321' title='bbox 1842 3719 2312 3810; x_wconf 88' lang='lat' dir='ltr'><strong>charissimus,</strong></span> <span class='ocrx_word' id='word_1_322' title='bbox 2383 3720 2574 3791; x_wconf 86' lang='lat' dir='ltr'><strong>iuxta</strong></span> <span class='ocrx_word' id='word_1_323' title='bbox 2642 3716 3023 3793; x_wconf 83' lang='lat' dir='ltr'><strong>Maiestatis</strong></span> <span class='ocrx_word' id='word_1_324' title='bbox 3096 3741 3266 3793; x_wconf 89' lang='lat' dir='ltr'><strong>suae</strong></span> <span class='ocrx_word' id='word_1_325' title='bbox 3320 3739 3468 3792; x_wconf 90' lang='lat' dir='ltr'><strong>vo-</strong></span> 
     </span>
     <span class='ocr_line' id='line_1_33' title="bbox 192 3811 3468 3918; baseline 0.001 -30"><span class='ocrx_word' id='word_1_326' title='bbox 192 3811 455 3893; x_wconf 76' lang='lat' dir='ltr'><strong>lutatem</strong></span> <span class='ocrx_word' id='word_1_327' title='bbox 533 3830 731 3895; x_wconf 90' lang='lat' dir='ltr'><strong>moto</strong></span> <span class='ocrx_word' id='word_1_328' title='bbox 815 3826 1128 3895; x_wconf 84' lang='lat' dir='ltr'><strong>exercitu</strong></span> <span class='ocrx_word' id='word_1_329' title='bbox 1207 3844 1335 3896; x_wconf 91' lang='lat' dir='ltr'><strong>suo</strong></span> <span class='ocrx_word' id='word_1_330' title='bbox 1415 3822 1842 3898; x_wconf 87' lang='lat' dir='ltr'><strong>validissimo</strong></span> <span class='ocrx_word' id='word_1_331' title='bbox 1868 3874 1893 3914; x_wconf 93' lang='lat'><strong>,</strong></span> <span class='ocrx_word' id='word_1_332' title='bbox 1971 3826 2320 3918; x_wconf 83' lang='lat' dir='ltr'><strong>potentiae</strong></span> <span class='ocrx_word' id='word_1_333' title='bbox 2383 3844 2553 3895; x_wconf 89' lang='lat' dir='ltr'><strong>suae</strong></span> <span class='ocrx_word' id='word_1_334' title='bbox 2628 3819 2890 3896; x_wconf 87' lang='lat' dir='ltr'><strong>viribus</strong></span> <span class='ocrx_word' id='word_1_335' title='bbox 2912 3874 2935 3914; x_wconf 88' lang='lat'><strong>,</strong></span> <span class='ocrx_word' id='word_1_336' title='bbox 3017 3826 3161 3897; x_wconf 87' lang='lat' dir='ltr'><strong>suis</strong></span> <span class='ocrx_word' id='word_1_337' title='bbox 3232 3823 3468 3893; x_wconf 85' lang='lat' dir='ltr'><strong>mani-</strong></span> 
     </span>
     <span class='ocr_line' id='line_1_34' title="bbox 186 3912 3474 4022; baseline 0.001 -32"><span class='ocrx_word' id='word_1_338' title='bbox 186 3912 283 3992; x_wconf 64' lang='lat' dir='ltr'><strong>bus</strong></span> <span class='ocrx_word' id='word_1_339' title='bbox 326 3923 559 3998; x_wconf 86' lang='lat' dir='ltr'><strong>eadem</strong></span> <span class='ocrx_word' id='word_1_340' title='bbox 635 3927 976 4021; x_wconf 86' lang='lat' dir='ltr'><strong>potuisset</strong></span> <span class='ocrx_word' id='word_1_341' title='bbox 1043 3927 1430 4022; x_wconf 89' lang='lat' dir='ltr'><strong>applicare;</strong></span> <span class='ocrx_word' id='word_1_342' title='bbox 1501 3949 1590 3999; x_wconf 88' lang='lat' dir='ltr'><strong>ne</strong></span> <span class='ocrx_word' id='word_1_343' title='bbox 1642 3938 1872 4000; x_wconf 88' lang='lat' dir='ltr'><strong>tamen</strong></span> <span class='ocrx_word' id='word_1_344' title='bbox 1936 3928 2117 3997; x_wconf 90' lang='lat' dir='ltr'><strong>inter</strong></span> <span class='ocrx_word' id='word_1_345' title='bbox 2167 3923 2563 4017; x_wconf 86' lang='lat' dir='ltr'><strong>Hungariae</strong></span> <span class='ocrx_word' id='word_1_346' title='bbox 2616 3934 2687 3996; x_wconf 89' lang='lat' dir='ltr'><strong>et</strong></span> <span class='ocrx_word' id='word_1_347' title='bbox 2737 3926 3063 3998; x_wconf 90' lang='lat' dir='ltr'><strong>Austriae</strong></span> <span class='ocrx_word' id='word_1_348' title='bbox 3120 3922 3474 3996; x_wconf 84' lang='lat' dir='ltr'><strong>Christia-</strong></span> 
     </span>
     <span class='ocr_line' id='line_1_35' title="bbox 188 4023 3468 4125; baseline 0 -27"><span class='ocrx_word' id='word_1_349' title='bbox 188 4023 414 4099; x_wconf 69' lang='lat' dir='ltr'><strong>tissima</strong></span> <span class='ocrx_word' id='word_1_350' title='bbox 481 4051 707 4123; x_wconf 83' lang='lat' dir='ltr'><strong>regna</strong></span> <span class='ocrx_word' id='word_1_351' title='bbox 784 4027 1133 4102; x_wconf 89' lang='lat' dir='ltr'><strong>indicibile</strong></span> <span class='ocrx_word' id='word_1_352' title='bbox 1212 4033 1408 4104; x_wconf 87' lang='lat' dir='ltr'><strong>necis</strong></span> <span class='ocrx_word' id='word_1_353' title='bbox 1479 4030 1853 4125; x_wconf 88' lang='lat' dir='ltr'><strong>periculum</strong></span> <span class='ocrx_word' id='word_1_354' title='bbox 1925 4037 1997 4100; x_wconf 91' lang='lat' dir='ltr'><strong>et</strong></span> <span class='ocrx_word' id='word_1_355' title='bbox 2067 4029 2420 4120; x_wconf 83' lang='lat' dir='ltr'><strong>sanguinis</strong></span> <span class='ocrx_word' id='word_1_356' title='bbox 2500 4036 2819 4122; x_wconf 88' lang='lat' dir='ltr'><strong>tanquam</strong></span> <span class='ocrx_word' id='word_1_357' title='bbox 2885 4025 3179 4102; x_wconf 89' lang='lat' dir='ltr'><strong>fluvialis</strong></span> <span class='ocrx_word' id='word_1_358' title='bbox 3249 4030 3468 4099; x_wconf 87' lang='lat' dir='ltr'><strong>inun-</strong></span> 
     </span>
     <span class='ocr_line' id='line_1_36' title="bbox 188 4122 3466 4229; baseline 0.002 -32"><span class='ocrx_word' id='word_1_359' title='bbox 188 4122 329 4199; x_wconf 76' lang='lat' dir='ltr'><strong>datio</strong></span> <span class='ocrx_word' id='word_1_360' title='bbox 374 4133 675 4222; x_wconf 80' lang='lat' dir='ltr'><strong>oriatur3</strong></span> <span class='ocrx_word' id='word_1_361' title='bbox 745 4154 873 4228; x_wconf 90' lang='lat' dir='ltr'><strong>per</strong></span> <span class='ocrx_word' id='word_1_362' title='bbox 930 4135 1153 4229; x_wconf 89' lang='lat' dir='ltr'><strong>ipsum</strong></span> <span class='ocrx_word' id='word_1_363' title='bbox 1226 4132 1697 4208; x_wconf 87' lang='lat' dir='ltr'><strong>charissimum</strong></span> <span class='ocrx_word' id='word_1_364' title='bbox 1767 4140 2033 4228; x_wconf 90' lang='lat' dir='ltr'><strong>patrem</strong></span> <span class='ocrx_word' id='word_1_365' title='bbox 2103 4138 2415 4203; x_wconf 86' lang='lat' dir='ltr'><strong>nostrum</strong></span> <span class='ocrx_word' id='word_1_366' title='bbox 2461 4129 2704 4204; x_wconf 88' lang='lat' dir='ltr'><strong>solutis</strong></span> <span class='ocrx_word' id='word_1_367' title='bbox 2776 4138 3091 4226; x_wconf 86' lang='lat' dir='ltr'><strong>quattuor</strong></span> <span class='ocrx_word' id='word_1_368' title='bbox 3168 4126 3466 4203; x_wconf 85' lang='lat' dir='ltr'><strong>millibus</strong></span> 
     </span>
     <span class='ocr_line' id='line_1_37' title="bbox 188 4231 3456 4333; baseline 0.001 -33"><span class='ocrx_word' id='word_1_369' title='bbox 188 4247 509 4309; x_wconf 64' lang='lat' dir='ltr'><strong>marcarum</strong></span> <span class='ocrx_word' id='word_1_370' title='bbox 566 4233 688 4308; x_wconf 83' lang='lat' dir='ltr'><strong>fini</strong></span> <span class='ocrx_word' id='word_1_371' title='bbox 743 4240 1011 4330; x_wconf 87' lang='lat' dir='ltr'><strong>argenti</strong></span> <span class='ocrx_word' id='word_1_372' title='bbox 1061 4239 1371 4332; x_wconf 89' lang='lat' dir='ltr'><strong>pecuniis</strong></span> <span class='ocrx_word' id='word_1_373' title='bbox 1425 4240 1822 4333; x_wconf 87' lang='lat' dir='ltr'><strong>quantitate,</strong></span> <span class='ocrx_word' id='word_1_374' title='bbox 1877 4233 1965 4306; x_wconf 90' lang='lat' dir='ltr'><strong>ad</strong></span> <span class='ocrx_word' id='word_1_375' title='bbox 2002 4245 2242 4307; x_wconf 89' lang='lat' dir='ltr'><strong>manus</strong></span> <span class='ocrx_word' id='word_1_376' title='bbox 2296 4235 2511 4328; x_wconf 89' lang='lat' dir='ltr'><strong>ipsius</strong></span> <span class='ocrx_word' id='word_1_377' title='bbox 2562 4233 2785 4307; x_wconf 90' lang='lat' dir='ltr'><strong>Patris</strong></span> <span class='ocrx_word' id='word_1_378' title='bbox 2829 4234 3047 4306; x_wconf 89' lang='lat' dir='ltr'><strong>nostri</strong></span> <span class='ocrx_word' id='word_1_379' title='bbox 3101 4231 3456 4324; x_wconf 89' lang='lat' dir='ltr'><strong>devoluta,</strong></span> 
     </span>
     <span class='ocr_line' id='line_1_38' title="bbox 188 4333 3460 4436; baseline 0 -27"><span class='ocrx_word' id='word_1_380' title='bbox 188 4351 253 4403; x_wconf 68' lang='lat' dir='ltr'><strong>ne</strong></span> <span class='ocrx_word' id='word_1_381' title='bbox 291 4356 400 4429; x_wconf 84' lang='lat' dir='ltr'><strong>per</strong></span> <span class='ocrx_word' id='word_1_382' title='bbox 447 4360 581 4412; x_wconf 88' lang='lat' dir='ltr'><strong>nos</strong></span> <span class='ocrx_word' id='word_1_383' title='bbox 636 4337 972 4414; x_wconf 90' lang='lat' dir='ltr'><strong>hactenus</strong></span> <span class='ocrx_word' id='word_1_384' title='bbox 1017 4338 1246 4413; x_wconf 88' lang='lat' dir='ltr'><strong>habita</strong></span> <span class='ocrx_word' id='word_1_385' title='bbox 1300 4362 1385 4411; x_wconf 92' lang='lat' dir='ltr'><strong>ac</strong></span> <span class='ocrx_word' id='word_1_386' title='bbox 1436 4361 1770 4436; x_wconf 90' lang='lat' dir='ltr'><strong>possessa</strong></span> <span class='ocrx_word' id='word_1_387' title='bbox 1833 4336 2130 4425; x_wconf 82' lang='lat' dir='ltr'><strong>fuerant,</strong></span> <span class='ocrx_word' id='word_1_388' title='bbox 2211 4336 2298 4409; x_wconf 91' lang='lat' dir='ltr'><strong>de</strong></span> <span class='ocrx_word' id='word_1_389' title='bbox 2351 4338 2607 4409; x_wconf 90' lang='lat' dir='ltr'><strong>nostris</strong></span> <span class='ocrx_word' id='word_1_390' title='bbox 2686 4335 3034 4430; x_wconf 85' lang='lat' dir='ltr'><strong>regalibus</strong></span> <span class='ocrx_word' id='word_1_391' title='bbox 3117 4333 3460 4428; x_wconf 85' lang='lat' dir='ltr'><strong>manibus,</strong></span> 
     </span>
     <span class='ocr_line' id='line_1_39' title="bbox 188 4438 3462 4538; baseline 0.001 -27"><span class='ocrx_word' id='word_1_392' title='bbox 188 4442 468 4533; x_wconf 70' lang='lat' dir='ltr'><strong>tunquam</strong></span> <span class='ocrx_word' id='word_1_393' title='bbox 519 4445 798 4538; x_wconf 91' lang='lat' dir='ltr'><strong>propria</strong></span> <span class='ocrx_word' id='word_1_394' title='bbox 842 4452 1109 4535; x_wconf 84' lang='lat' dir='ltr'><strong>nostra,</strong></span> <span class='ocrx_word' id='word_1_395' title='bbox 1164 4465 1315 4516; x_wconf 89' lang='lat' dir='ltr'><strong>cnm</strong></span> <span class='ocrx_word' id='word_1_396' title='bbox 1355 4441 1667 4518; x_wconf 88' lang='lat' dir='ltr'><strong>omnibus</strong></span> <span class='ocrx_word' id='word_1_397' title='bbox 1722 4464 1960 4515; x_wconf 91' lang='lat' dir='ltr'><strong>eorum</strong></span> <span class='ocrx_word' id='word_1_398' title='bbox 2016 4438 2435 4530; x_wconf 75' lang='lat' dir='ltr'><strong>utilitatibus,</strong></span> <span class='ocrx_word' id='word_1_399' title='bbox 2487 4438 2815 4514; x_wconf 88' lang='lat' dir='ltr'><strong>videlicet</strong></span> <span class='ocrx_word' id='word_1_400' title='bbox 2867 4439 3047 4513; x_wconf 91' lang='lat' dir='ltr'><strong>villis</strong></span> <span class='ocrx_word' id='word_1_401' title='bbox 3102 4440 3462 4535; x_wconf 88' lang='lat' dir='ltr'><strong>populosis</strong></span> 
     </span>
     <span class='ocr_line' id='line_1_40' title="bbox 187 4541 3450 4642; baseline 0.003 -34"><span class='ocrx_word' id='word_1_402' title='bbox 187 4544 237 4608; x_wconf 77' lang='lat' dir='ltr'><strong>et</strong></span> <span class='ocrx_word' id='word_1_403' title='bbox 275 4541 574 4638; x_wconf 87' lang='lat' dir='ltr'><strong>desertis,</strong></span> <span class='ocrx_word' id='word_1_404' title='bbox 646 4543 989 4621; x_wconf 87' lang='lat' dir='ltr'><strong>Ecclesiis</strong></span> <span class='ocrx_word' id='word_1_405' title='bbox 1042 4556 1113 4619; x_wconf 89' lang='lat' dir='ltr'><strong>et</strong></span> <span class='ocrx_word' id='word_1_406' title='bbox 1167 4547 1448 4642; x_wconf 90' lang='lat' dir='ltr'><strong>capellis</strong></span> <span class='ocrx_word' id='word_1_407' title='bbox 1500 4550 1572 4621; x_wconf 88' lang='lat' dir='ltr'><strong>in</strong></span> <span class='ocrx_word' id='word_1_408' title='bbox 1626 4544 1891 4621; x_wconf 89' lang='lat' dir='ltr'><strong>eisdem</strong></span> <span class='ocrx_word' id='word_1_409' title='bbox 1962 4542 2207 4618; x_wconf 88' lang='lat' dir='ltr'><strong>habitis</strong></span> <span class='ocrx_word' id='word_1_410' title='bbox 2264 4554 2334 4617; x_wconf 88' lang='lat' dir='ltr'><strong>et</strong></span> <span class='ocrx_word' id='word_1_411' title='bbox 2388 4546 2826 4631; x_wconf 87' lang='lat' dir='ltr'><strong>constructis,</strong></span> <span class='ocrx_word' id='word_1_412' title='bbox 2898 4545 3152 4633; x_wconf 87' lang='lat' dir='ltr'><strong>vineis,</strong></span> <span class='ocrx_word' id='word_1_413' title='bbox 3226 4542 3450 4633; x_wconf 86' lang='lat' dir='ltr'><strong>silvis,</strong></span> 
     </span>
     <span class='ocr_line' id='line_1_41' title="bbox 186 4643 3466 4746; baseline 0.002 -29"><span class='ocrx_word' id='word_1_414' title='bbox 186 4646 545 4740; x_wconf 68' lang='lat' dir='ltr'><strong>moribus,</strong></span> <span class='ocrx_word' id='word_1_415' title='bbox 602 4649 887 4740; x_wconf 86' lang='lat' dir='ltr'><strong>rubetis,</strong></span> <span class='ocrx_word' id='word_1_416' title='bbox 939 4649 1193 4741; x_wconf 89' lang='lat' dir='ltr'><strong>fluviis,</strong></span> <span class='ocrx_word' id='word_1_417' title='bbox 1245 4653 1553 4744; x_wconf 88' lang='lat' dir='ltr'><strong>piscinis,</strong></span> <span class='ocrx_word' id='word_1_418' title='bbox 1622 4652 2016 4746; x_wconf 88' lang='lat' dir='ltr'><strong>piscaturis,</strong></span> <span class='ocrx_word' id='word_1_419' title='bbox 2072 4650 2272 4723; x_wconf 89' lang='lat' dir='ltr'><strong>terris</strong></span> <span class='ocrx_word' id='word_1_420' title='bbox 2328 4643 2723 4738; x_wconf 87' lang='lat' dir='ltr'><strong>arabilibus,</strong></span> <span class='ocrx_word' id='word_1_421' title='bbox 2793 4645 3040 4720; x_wconf 86' lang='lat' dir='ltr'><strong>fimatis</strong></span> <span class='ocrx_word' id='word_1_422' title='bbox 3112 4655 3184 4720; x_wconf 89' lang='lat' dir='ltr'><strong>et</strong></span> <span class='ocrx_word' id='word_1_423' title='bbox 3255 4669 3466 4723; x_wconf 87' lang='lat' dir='ltr'><strong>cam-</strong></span> 
     </span>
     <span class='ocr_line' id='line_1_42' title="bbox 184 4747 3470 4843; baseline 0.001 -22"><span class='ocrx_word' id='word_1_424' title='bbox 184 4748 503 4843; x_wconf 72' lang='lat' dir='ltr'><strong>penu-ibus,</strong></span> <span class='ocrx_word' id='word_1_425' title='bbox 577 4752 1013 4842; x_wconf 86' lang='lat' dir='ltr'><strong>molendinis,</strong></span> <span class='ocrx_word' id='word_1_426' title='bbox 1068 4751 1364 4827; x_wconf 84' lang='lat' dir='ltr'><strong>habititis</strong></span> <span class='ocrx_word' id='word_1_427' title='bbox 1418 4763 1490 4826; x_wconf 92' lang='lat' dir='ltr'><strong>et</strong></span> <span class='ocrx_word' id='word_1_428' title='bbox 1541 4752 1875 4827; x_wconf 88' lang='lat' dir='ltr'><strong>habendis</strong></span> <span class='ocrx_word' id='word_1_429' title='bbox 1928 4750 2221 4843; x_wconf 86' lang='lat' dir='ltr'><strong>tributis,</strong></span> <span class='ocrx_word' id='word_1_430' title='bbox 2299 4747 2701 4840; x_wconf 87' lang='lat' dir='ltr'><strong>redditibus,</strong></span> <span class='ocrx_word' id='word_1_431' title='bbox 2782 4749 3068 4841; x_wconf 86' lang='lat' dir='ltr'><strong>iuribus,</strong></span> <span class='ocrx_word' id='word_1_432' title='bbox 3124 4749 3470 4825; x_wconf 78' lang='lat' dir='ltr'><strong>fructibus</strong></span> 
     </span>
     <span class='ocr_line' id='line_1_43' title="bbox 190 4852 3466 4953; baseline 0.002 -31"><span class='ocrx_word' id='word_1_433' title='bbox 190 4858 241 4917; x_wconf 77' lang='lat' dir='ltr'><strong>et</strong></span> <span class='ocrx_word' id='word_1_434' title='bbox 275 4852 511 4944; x_wconf 79' lang='lat' dir='ltr'><strong>usibus,</strong></span> <span class='ocrx_word' id='word_1_435' title='bbox 590 4859 661 4929; x_wconf 92' lang='lat' dir='ltr'><strong>in</strong></span> <span class='ocrx_word' id='word_1_436' title='bbox 730 4855 1095 4952; x_wconf 84' lang='lat' dir='ltr'><strong>superficie</strong></span> <span class='ocrx_word' id='word_1_437' title='bbox 1175 4860 1699 4953; x_wconf 90' lang='lat' dir='ltr'><strong>possessionum</strong></span> <span class='ocrx_word' id='word_1_438' title='bbox 1770 4866 1841 4930; x_wconf 91' lang='lat' dir='ltr'><strong>et</strong></span> <span class='ocrx_word' id='word_1_439' title='bbox 1902 4856 2217 4931; x_wconf 90' lang='lat' dir='ltr'><strong>villarum</strong></span> <span class='ocrx_word' id='word_1_440' title='bbox 2273 4854 2360 4928; x_wconf 89' lang='lat' dir='ltr'><strong>ad</strong></span> <span class='ocrx_word' id='word_1_441' title='bbox 2415 4853 2594 4927; x_wconf 91' lang='lat' dir='ltr'><strong>dicta</strong></span> <span class='ocrx_word' id='word_1_442' title='bbox 2676 4865 2902 4929; x_wconf 88' lang='lat' dir='ltr'><strong>castra</strong></span> <span class='ocrx_word' id='word_1_443' title='bbox 2983 4858 3466 4952; x_wconf 86' lang='lat' dir='ltr'><strong>pertinentium</strong></span> 
     </span>
     <span class='ocr_line' id='line_1_44' title="bbox 190 4954 3454 5056; baseline 0.001 -32"><span class='ocrx_word' id='word_1_444' title='bbox 190 4954 583 5031; x_wconf 78' lang='lat' dir='ltr'><strong>existentibus</strong></span> <span class='ocrx_word' id='word_1_445' title='bbox 653 4962 1023 5051; x_wconf 90' lang='lat' dir='ltr'><strong>universis,</strong></span> <span class='ocrx_word' id='word_1_446' title='bbox 1094 4969 1294 5056; x_wconf 87' lang='lat' dir='ltr'><strong>prout</strong></span> <span class='ocrx_word' id='word_1_447' title='bbox 1344 4965 1494 5056; x_wconf 91' lang='lat' dir='ltr'><strong>ipsa</strong></span> <span class='ocrx_word' id='word_1_448' title='bbox 1550 4959 1683 5034; x_wconf 92' lang='lat' dir='ltr'><strong>duo</strong></span> <span class='ocrx_word' id='word_1_449' title='bbox 1738 4958 1947 5033; x_wconf 89' lang='lat' dir='ltr'><strong>fluvia</strong></span> <span class='ocrx_word' id='word_1_450' title='bbox 2000 4959 2236 5033; x_wconf 89' lang='lat' dir='ltr'><strong>Drava</strong></span> <span class='ocrx_word' id='word_1_451' title='bbox 2291 4969 2362 5029; x_wconf 88' lang='lat' dir='ltr'><strong>et</strong></span> <span class='ocrx_word' id='word_1_452' title='bbox 2409 4956 2607 5030; x_wconf 84' lang='lat' dir='ltr'><strong>Mura</strong></span> <span class='ocrx_word' id='word_1_453' title='bbox 2683 4959 3104 5032; x_wconf 90' lang='lat' dir='ltr'><strong>circumdant</strong></span> <span class='ocrx_word' id='word_1_454' title='bbox 3169 4967 3240 5030; x_wconf 91' lang='lat' dir='ltr'><strong>et</strong></span> <span class='ocrx_word' id='word_1_455' title='bbox 3292 4977 3454 5028; x_wconf 87' lang='lat' dir='ltr'><strong>am-</strong></span> 
     </span>
     <span class='ocr_line' id='line_1_45' title="bbox 190 5048 3467 5161; baseline 0 -28"><span class='ocrx_word' id='word_1_456' title='bbox 190 5048 351 5149; x_wconf 71' lang='lat' dir='ltr'><strong>hiant,</strong></span> <span class='ocrx_word' id='word_1_457' title='bbox 400 5063 591 5136; x_wconf 86' lang='lat' dir='ltr'><strong>salva</strong></span> <span class='ocrx_word' id='word_1_458' title='bbox 648 5063 1077 5137; x_wconf 88' lang='lat' dir='ltr'><strong>solummodo</strong></span> <span class='ocrx_word' id='word_1_459' title='bbox 1132 5068 1586 5161; x_wconf 84' lang='lat' dir='ltr'><strong>possessione</strong></span> <span class='ocrx_word' id='word_1_460' title='bbox 1656 5064 1971 5153; x_wconf 84' lang='lat' dir='ltr'><strong>Joannis,</strong></span> <span class='ocrx_word' id='word_1_461' title='bbox 2045 5062 2205 5134; x_wconf 88' lang='lat' dir='ltr'><strong>dicti</strong></span> <span class='ocrx_word' id='word_1_462' title='bbox 2278 5060 2492 5153; x_wconf 90' lang='lat' dir='ltr'><strong>Chuz,</strong></span> <span class='ocrx_word' id='word_1_463' title='bbox 2565 5060 2816 5136; x_wconf 90' lang='lat' dir='ltr'><strong>ibidem</strong></span> <span class='ocrx_word' id='word_1_464' title='bbox 2884 5067 3104 5158; x_wconf 90' lang='lat' dir='ltr'><strong>ipsum</strong></span> <span class='ocrx_word' id='word_1_465' title='bbox 3176 5061 3467 5133; x_wconf 86' lang='lat' dir='ltr'><strong>contin-</strong></span> 
     </span>
     <span class='ocr_line' id='line_1_46' title="bbox 192 5159 3465 5264; baseline 0.001 -32"><span class='ocrx_word' id='word_1_466' title='bbox 192 5164 333 5244; x_wconf 66' lang='lat' dir='ltr'><strong>:enti</strong></span> <span class='ocrx_word' id='word_1_467' title='bbox 377 5177 794 5258; x_wconf 87' lang='lat' dir='ltr'><strong>remanente,</strong></span> <span class='ocrx_word' id='word_1_468' title='bbox 864 5166 1221 5263; x_wconf 89' lang='lat' dir='ltr'><strong>praedicto</strong></span> <span class='ocrx_word' id='word_1_469' title='bbox 1273 5165 1622 5264; x_wconf 88' lang='lat' dir='ltr'><strong>Stephano</strong></span> <span class='ocrx_word' id='word_1_470' title='bbox 1674 5165 2104 5259; x_wconf 89' lang='lat' dir='ltr'><strong>Wojvodae,</strong></span> <span class='ocrx_word' id='word_1_471' title='bbox 2179 5175 2249 5238; x_wconf 89' lang='lat' dir='ltr'><strong>et</strong></span> <span class='ocrx_word' id='word_1_472' title='bbox 2297 5188 2423 5261; x_wconf 93' lang='lat' dir='ltr'><strong>per</strong></span> <span class='ocrx_word' id='word_1_473' title='bbox 2478 5189 2633 5238; x_wconf 87' lang='lat' dir='ltr'><strong>eum</strong></span> <span class='ocrx_word' id='word_1_474' title='bbox 2684 5166 3052 5262; x_wconf 80' lang='lat' dir='ltr'><strong>Dyonisio,</strong></span> <span class='ocrx_word' id='word_1_475' title='bbox 3121 5159 3465 5256; x_wconf 80' lang='lat' dir='ltr'><strong>Magistro</strong></span> 
     </span>
     <span class='ocr_line' id='line_1_47' title="bbox 194 5258 3458 5365; baseline 0 -28"><span class='ocrx_word' id='word_1_476' title='bbox 194 5258 540 5353; x_wconf 61' lang='lat' dir='ltr'><strong>Ausonum</strong></span> <span class='ocrx_word' id='word_1_477' title='bbox 573 5280 987 5362; x_wconf 84' lang='lat' dir='ltr'><strong>nostrorum,</strong></span> <span class='ocrx_word' id='word_1_478' title='bbox 1046 5269 1365 5361; x_wconf 89' lang='lat' dir='ltr'><strong>Nicolao,</strong></span> <span class='ocrx_word' id='word_1_479' title='bbox 1418 5270 1770 5362; x_wconf 88' lang='lat' dir='ltr'><strong>Emerico,</strong></span> <span class='ocrx_word' id='word_1_480' title='bbox 1825 5268 2175 5365; x_wconf 85' lang='lat' dir='ltr'><strong>Stephano</strong></span> <span class='ocrx_word' id='word_1_481' title='bbox 2209 5280 2279 5341; x_wconf 87' lang='lat' dir='ltr'><strong>et</strong></span> <span class='ocrx_word' id='word_1_482' title='bbox 2311 5268 2631 5345; x_wconf 89' lang='lat' dir='ltr'><strong>Ladislao</strong></span> <span class='ocrx_word' id='word_1_483' title='bbox 2685 5269 2840 5342; x_wconf 88' lang='lat' dir='ltr'><strong>filiis</strong></span> <span class='ocrx_word' id='word_1_484' title='bbox 2879 5270 3049 5357; x_wconf 89' lang='lat' dir='ltr'><strong>suis,</strong></span> <span class='ocrx_word' id='word_1_485' title='bbox 3107 5275 3458 5340; x_wconf 87' lang='lat' dir='ltr'><strong>eteorum</strong></span> 
     </span>
     <span class='ocr_line' id='line_1_48' title="bbox 186 5356 3468 5471; baseline 0.002 -32"><span class='ocrx_word' id='word_1_486' title='bbox 186 5356 525 5461; x_wconf 64' lang='lat' dir='ltr'><strong>haedibus,</strong></span> <span class='ocrx_word' id='word_1_487' title='bbox 577 5371 1040 5471; x_wconf 84' lang='lat' dir='ltr'><strong>heredumque</strong></span> <span class='ocrx_word' id='word_1_488' title='bbox 1097 5395 1378 5451; x_wconf 85' lang='lat' dir='ltr'><strong>suorum</strong></span> <span class='ocrx_word' id='word_1_489' title='bbox 1434 5372 1961 5452; x_wconf 87' lang='lat' dir='ltr'><strong>successoribus</strong></span> <span class='ocrx_word' id='word_1_490' title='bbox 2012 5396 2099 5446; x_wconf 92' lang='lat' dir='ltr'><strong>ac</strong></span> <span class='ocrx_word' id='word_1_491' title='bbox 2149 5371 2659 5471; x_wconf 77' lang='lat' dir='ltr'><strong>posteritatibus</strong></span> <span class='ocrx_word' id='word_1_492' title='bbox 2724 5376 3028 5469; x_wconf 90' lang='lat' dir='ltr'><strong>ipsorum</strong></span> <span class='ocrx_word' id='word_1_493' title='bbox 3083 5374 3468 5465; x_wconf 76' lang='lat' dir='ltr'><strong>universis,</strong></span> 
     </span>
    </p>
   </div>
   <div class='ocr_carea' id='block_1_7' title="bbox 351 5473 2985 5609">
    <p class='ocr_par' dir='ltr' id='par_1_7' title="bbox 351 5473 2985 5609">
     <span class='ocr_line' id='line_1_49' title="bbox 351 5473 2985 5609; baseline -0.009 -37"><span class='ocrx_word' id='word_1_494' title='bbox 351 5502 489 5571; x_wconf 78' lang='lat' dir='ltr'><strong>(rm</strong></span> <span class='ocrx_word' id='word_1_495' title='bbox 518 5506 560 5564; x_wconf 85' lang='lat'><strong>1.</strong></span> <span class='ocrx_word' id='word_1_496' title='bbox 602 5504 773 5609; x_wconf 72' lang='lat' dir='ltr'><strong>rnvn.</strong></span> <span class='ocrx_word' id='word_1_497' title='bbox 809 5518 862 5564; x_wconf 72' lang='grc' dir='ltr'><strong>οι</strong></span> <span class='ocrx_word' id='word_1_498' title='bbox 893 5508 1113 5580; x_wconf 69' lang='lat' dir='ltr'><strong>mm)</strong></span> <span class='ocrx_word' id='word_1_499' title='bbox 2885 5473 2985 5548; x_wconf 81' lang='lat'><strong>16</strong></span> 
     </span>
    </p>
   </div>
  </div>
 </body>
</html>
