3950 5917
491 385 652 462 242

489 600 682 688 retis,
737 607 814 671 vt
866 607 1006 669 tuto
1063 609 1131 667 et
1185 598 1398 670 libere
1451 600 1518 669 in
1574 596 1867 668 medium
1921 598 2137 668 vestri
2191 599 2448 682 veniat„
2506 606 2575 668 et
2626 619 2705 670 se
2762 617 2993 669 coram
3048 593 3249 669 vobis
3303 606 3371 668 et
3401 596 3578 669 Banu
3626 622 3750 671 no-

491 710 634 776 stro
689 701 777 773 de
827 699 961 790 his,
1040 724 1172 797 que
1228 711 1463 773 contra
1517 704 1735 796 ipsum
1791 698 2193 787 obiciuntur„
2268 708 2647 796 expurgetg,
2717 699 3133 794 prouidentia
3205 708 3450 788 tamen,
3515 724 3597 774 ne
3644 703 3752 772 sub

493 803 917 878 confidencia
999 804 1379 877 huiusmodi
1461 807 1843 877 securitatis
1922 807 2072 898 ipse
2154 801 2495 898 Georgius
2575 803 2841 897 aliquos
2913 826 3004 875 ex
3075 805 3325 876 uostris
3394 803 3753 897 Regnicolis

494 907 818 992 offendat..
873 910 991 982 vel
1041 908 1313 1004 aliquod
1367 907 1761 982 scandalum
1814 906 2042 980 faciat.
2130 906 2302 979 Nam
2358 905 2416 980 si
2469 906 2604 978 hoc
2655 905 2944 996 faceret,
2999 916 3252 980 extunc
3303 908 3597 979 nolumus
3644 908 3756 979 sibi

492 1011 674 1086 hauc
724 1011 948 1085 datam
1003 1015 1437 1085 securitatem
1493 1016 1560 1084 in
1616 1012 1841 1106 aliquo
1898 1010 2276 1102 suffragari.
2382 1010 2823 1084 Presentibus
2895 1009 3214 1106 perlectis
3269 1009 3600 1083 exhibenti
3648 1034 3760 1082 re-
3893 1063 3894 1070 κ

494 1118 759 1191 stitutis.
865 1116 1111 1188 Datum
1162 1115 1354 1188 Bude
1406 1114 1579 1190 feria
1637 1114 1938 1188 secunda
1995 1116 2306 1210 proxima
2378 1124 2532 1210 post
2604 1114 2852 1187 festum
2924 1112 3105 1188 beati
3174 1114 3381 1189 Blasii
3448 1112 3758 1210 Martyris.
3893 1167 3894 1174 κ

493 1221 697 1293 Anno
753 1220 1022 1293 Domini
1076 1218 1440 1293 Millesimo
1496 1215 2166 1316 quadringentesimo
2218 1215 2674 1312 nonagesimo
2728 1235 2933 1291 nono.

1596 1448 1913 1530 (Sipillum
1959 1449 2220 1529 Reyium
2275 1455 2702 1529 appr-esum.)

497 1662 639 1734 orig.
673 1664 835 1722 emh.
870 1667 923 1715 in
957 1664 1186 1716 Archivo
1222 1664 1390 1733 Regni
1425 1661 1681 1717 Cro-tiae.
1720 1663 1853 1716 Priv.
1891 1661 1978 1715 Νι.
2015 1663 2103 1755 ⁸¹5

1916 2233 2401 2316 (mxlv,

814 2528 1021 2596 Anno
1082 2523 1314 2595 1499.
1367 2525 1557 2613 feria
1612 2523 1686 2593 ἀ.
1736 2530 1897 2616 post
1944 2524 2196 2612 sestam
2250 2523 2820 2593 Restat-rectionis
2869 2520 3170 2591 Domini.
3227 2520 3497 2592 Budas.

504 2789 1085 2870 vladislaus
1168 2786 1363 2866 Rex
1428 2788 1932 2864 slavonica
2031 2784 2467 2864 subsidia
2534 2797 2622 2864 et
2684 2790 3152 2889 pecunias
3217 2784 3778 2862 mardurina-

506 2930 652 3009 les
712 2952 899 3007 non
965 2951 1131 3029 pro
1195 2951 1368 3005 suo
1434 2931 1813 3030 privato
1879 2925 2395 3029 commodo,
2460 2925 2628 3003 sed
2691 2936 2866 3002 tam
2931 2948 3097 3027 pro
3159 2921 3497 3028 Regno
3559 2919 3782 2998 Hun-

507 3068 843 3172 gariae
927 3090 1194 3169 quam
1261 3040 2172 3168 etiam'SlavoniaQ
2271 3075 2360 3141 et
2422 3067 3021 3168 potissimum
3086 3086 3250 3167 pro
3318 3062 3784 3139 solutione

504 3204 979 3284 Banorum
1046 3216 1136 3281 et
1198 3229 1363 3308 pro
1429 3203 2139 3283 conservandis
2205 3201 2654 3280 finitimis
2722 3204 3077 3279 castris
3142 3203 3437 3278 istius
3501 3196 3786 3300 Regni

507 3325 514 3332 Δ
1130 3349 1537 3448 exigere
1602 3343 1865 3421 velle
1928 3369 2032 3446 se
2098 3344 2465 3421 litteris
2529 3339 2671 3417 his
2737 3339 3194 3418 declarat.

2366 3603 2739 3669 commissio
2781 3610 3053 3689 propria
3106 3608 3368 3669 Domini
3413 3608 3615 3686 stays-³.
3707 3639 3712 3644 ·

820 3805 1241 3878 wladislaus
1296 3803 1427 3877 Dei
1480 3803 1719 3897 gracia
1769 3800 1925 3874 Rex
1979 3801 2325 3894 Hungarie
2382 3811 2451 3871 et
2501 3801 2829 3872 Bohemie
2875 3805 2999 3871 dcc.
3082 3797 3367 3892 Egregii
3422 3809 3490 3872 et
3541 3794 3795 3870 Nobiles

509 3909 754 3984 fideles
804 3909 1006 3983 nobis
1061 3910 1307 3982 dilecti.
1415 3906 1527 3978 Ex
1577 3927 1914 4002 responso
1967 3915 2234 3994 vestre,
2289 3906 2469 4000 quod
2506 3902 2815 3976 fidelibus
2871 3907 3122 3976 nostris
3178 3902 3573 3974 Venerabili
3623 3899 3795 3970 Tho-

508 4037 624 4087 me
674 4014 1033 4109 Proposito
1087 4036 1172 4085 ac
1221 4012 1528 4107 Egregie
1581 4008 1871 4083 Nicolao
1925 4008 2167 4098 Zekel,
2239 4008 2610 4104 Capitaneo
2685 4009 3081 4079 Aulicorum
3165 4018 3579 4094 nostrorum„
3647 4022 3794 4096 quos

509 4117 617 4191 his
671 4115 912 4191 diebus
967 4115 1054 4190 ad
1100 4139 1233 4190 vos
1286 4119 1717 4204 miseramus,
1787 4113 2102 4202 dedistis„
2176 4113 2650 4186 intelleximus.
2762 4111 3065 4197 Qualiter
3135 4133 3264 4182 vos
3321 4134 3444 4206 pro
3521 4104 3798 4180 leuandis

510 4220 943 4317 presentibus
996 4217 1519 4294 necessitatibus
1589 4222 1868 4308 nostris,
1940 4241 2023 4288 ac
2077 4218 2282 4288 huius
2354 4227 2423 4288 et
2475 4217 2649 4288 illius
2719 4215 2942 4308 Regni
3014 4219 3251 4304 nostru
3325 4238 3451 4310 pro
3526 4210 3797 4285 subsidio

512 4328 756 4419 viginti
816 4327 1110 4422 quinque
1179 4324 1501 4397 denarios
1556 4333 1626 4396 et
1676 4325 2004 4418 pecunias
2076 4319 2602 4410 Mardurinales‚
2678 4343 2811 4415 que
2867 4344 2956 4391 ex
3013 4318 3238 4390 debito
3311 4320 3514 4392 nobis
3569 4317 3651 4389 de
3701 4315 3796 4384 illo

512 4428 761 4524 Regno
815 4433 1181 4526 prouenire
1233 4427 1507 4512 debent„
1579 4427 1775 4500 nohis
1831 4425 1997 4498 dare
2054 4435 2123 4496 et
2178 4425 2539 4497 extradere
2612 4424 2963 4496 obtulistis.
3074 4424 3269 4510 Quod
3320 4423 3517 4494 nohis
3563 4432 3799 4515 gratum

516 4536 801 4623 exstitit,
856 4544 928 4607 et
979 4531 1179 4607 vohis
1233 4531 1322 4605 oh
1377 4531 1443 4606 id
1495 4536 1769 4624 gracias
1824 4534 2026 4603 etiam
2080 4529 2488 4601 haberemus
2545 4531 2946 4622 singulares.
3031 4528 3285 4599 Verum
3333 4538 3564 4599 tamen
3608 4546 3801 4596 acce-

514 4640 761 4733 pimus,
834 4637 1016 4736 quod
1082 4639 1243 4710 licet
1313 4637 1446 4709 hoc
1498 4635 1704 4708 modo
1757 4636 2102 4731 predictos
2158 4635 2898 4730 quadragintaquinque
2954 4631 3273 4704 denarios
3347 4632 3546 4702 nobis
3619 4628 3802 4699 obtu-

512 4741 760 4833 leritis,
815 4752 1040 4815 tamen
1095 4741 1476 4815 huiusmodi
1548 4743 1875 4834 pecunias
1945 4760 2084 4811 non
2156 4739 2350 4810 simul
2407 4747 2477 4808 et
2546 4738 2784 4823 semel,
2861 4735 2982 4807 sed
3039 4739 3104 4807 in
3162 4736 3456 4807 diuersis
3531 4732 3805 4805 terminis

514 4845 885 4919 extradere
932 4847 1232 4935 velletis,
1286 4844 1492 4941 quod„
1548 4847 1703 4939 quia
1754 4842 2259 4917 incommodum
2314 4852 2383 4912 et
2436 4845 2748 4913 nociuum
2807 4840 3000 4913 nobis
3054 4839 3257 4910 foret.
3313 4862 3438 4934 per
3487 4839 3618 4909 hos
3685 4835 3805 4906 ho-

514 4953 738 5024 mines
787 4959 1101 5041 nostros,
1151 4953 1583 5048 presencium
1638 4948 1902 5020 scilicet
1952 4956 2380 5033 ostensuros,
2434 4967 2606 5040 quos
2661 4967 2813 5015 cum
2869 4955 3054 5015 certa
3113 4955 3182 5015 et
3224 4941 3614 5030 sufficienti‚
3668 4940 3806 5034 ple-

516 5075 744 5149 naque
795 5053 1317 5144 informacione‚
1372 5077 1456 5125 ac
1508 5051 1858 5126 voluntate
1911 5060 2142 5125 nostra
2184 5049 2269 5121 ad
2318 5071 2450 5123 vos
2502 5052 2834 5128 misimus„
2881 5049 3099 5121 lacius
3145 5060 3215 5119 et
3260 5051 3574 5142 apercius
3629 5041 3807 5114 vobis

520 5157 1054 5250 significauimus
1107 5168 1178 5230 et
1225 5160 1700 5231 intimauimus.
1807 5154 2036 5242 Quare
2087 5157 2493 5248 requirimus
2555 5151 2921 5224 fidelitates
2976 5161 3284 5241 vestras,
3354 5162 3425 5220 et
3479 5167 3806 5242 rogamus.

518 5262 993 5334 nichilominus
1020 5261 1284 5335 eisdem
1319 5265 1821 5350 committimus,
1858 5269 2191 5354 quatenus
2228 5260 2527 5353 acceptis
2563 5255 3019 5352 presentibus,
3054 5260 3242 5328 iuxta
3280 5254 3810 5327 declaraciouem

523 5364 813 5438 istorum
859 5364 1206 5438 hominum
1254 5374 1677 5456 nostrorum,
1730 5373 1937 5459 provt
1985 5360 2073 5436 ab
2123 5364 2232 5437 eis
2283 5361 2533 5435 clarius
2583 5360 3010 5454 intelligetis,
3061 5362 3233 5434 istas
3299 5360 3628 5454 pecunias
3690 5357 3810 5424 iam
