3950 5917
3289 448 3440 520 489

110 674 239 748 per
293 661 509 726 testes
564 651 858 726 idoneos
914 661 987 723 et
1037 654 1417 725 iuramenta
1471 647 1848 725 eorundem
1904 671 2119 722 cause
2171 652 2633 722 terminentur.
2689 649 3018 723 Preterea
3065 656 3449 750 quicunque

113 778 210 827 ex
290 758 457 851 ipsis
538 755 710 828 alias
780 777 861 829 se
915 753 1297 830 transferre
1377 754 1698 843 uoluerit,
1780 755 2009 828 curias
2086 762 2157 825 et
2217 751 2463 827 domos
2543 775 2629 824 ac
2707 754 2888 827 alias
2956 758 3447 850 possessiones

115 880 309 962 suas,
391 862 452 933 si
506 881 675 958 quas
728 857 1064 951 babuerit,
1143 856 1432 931 liberum
1501 854 1755 932 habeat
1829 855 2181 930 vendendi
2229 855 2606 948 arbitrium,
2676 866 2750 930 et
2820 879 2976 930 cum
3044 857 3248 934 bonis
3302 864 3446 936 suis

114 947 490 1034 recedendi
561 983 697 1057 quo
751 962 1069 1056 elegerit,
1150 958 1382 1035 debito
1459 969 1693 1035 tamen
1773 962 1967 1034 curie
2046 981 2174 1035 sue
2252 959 2628 1056 persoluto.
2737 958 2814 1033 Si
2868 964 3020 1057 quis
3075 964 3298 1035 eciam
3351 985 3446 1035 ex

116 1064 383 1137 eisdem
436 1064 815 1160 hospitibus
868 1068 1125 1140 nostris
1179 1062 1510 1137 heredum
1564 1063 1813 1139 solatio
1868 1062 2230 1137 destitutus
2283 1060 2683 1155 decederet,
2736 1060 2918 1137 bona
2958 1087 3082 1138 sua
3139 1076 3210 1138 et
3260 1086 3443 1162 pos-

110 1171 469 1242 sessiones
545 1172 927 1264 cuicunque
1004 1167 1302 1242 uoluerit
1375 1166 1655 1262 legaudi
1732 1177 1803 1239 et
1853 1165 2283 1262 relinquendi
2347 1165 2634 1240 liberam
2713 1165 2965 1241 habeat
3043 1172 3432 1265 opcion.em

114 1270 491 1344 Statuimus
563 1274 786 1342 eciam
855 1274 928 1344 in
992 1274 1146 1376 ipsa
1218 1270 1437 1346 libera
1504 1271 1669 1343 villa
1739 1279 1980 1343 nostra
2064 1269 2352 1340 liberum
2425 1269 2650 1342 forum
2723 1268 2984 1365 absque
3062 1274 3447 1346 exaccione

116 1374 407 1446 alicuius
463 1371 715 1462 tributi,
769 1373 883 1444 die
924 1363 1284 1445 dominico
1338 1370 1822 1445 celebrandum
1904 1370 1993 1443 ad
2046 1371 2230 1465 quod
2280 1370 2506 1443 forum
2561 1371 2673 1444 die
2727 1372 2991 1445 sabbati
3064 1375 3448 1470 quicunque

117 1476 466 1547 voluerint
546 1478 959 1550 conueniant
1011 1473 1255 1567 libere,
1333 1496 1551 1570 usqne
1628 1479 1801 1548 meri
1848 1477 1984 1548 iem
2039 1474 2176 1546 diei
2224 1473 2385 1546 lune
2439 1475 2500 1546 si
2552 1474 2929 1569 placuerint
2997 1483 3447 1572 permansuri.

120 1577 331 1652 Cuius
403 1578 675 1672 quidem
753 1577 888 1651 fori
959 1581 1462 1668 institucionem
1515 1581 1582 1650 in
1639 1578 2117 1651 detrimentum
2169 1598 2298 1648 seu
2351 1575 2872 1651 destitucionem
2952 1577 3087 1653 fori
3163 1581 3447 1654 fratrum

118 1692 513 1753 nostrorum
584 1679 874 1776 Capituli
926 1665 1416 1774 Zagrabiensis
1470 1683 1547 1752 ιιι
1596 1679 1891 1754 Casna
1949 1678 2325 1772 (cassina)
2399 1681 2761 1776 antiquitus
2813 1682 3229 1777 preordinati
3283 1707 3448 1758 esse

119 1784 462 1873 uolumus,
520 1805 675 1856 cum
710 1783 922 1856 iidem
978 1783 1229 1856 fratres
1275 1785 1519 1873 nostri,
1569 1781 1946 1856 reformato
1998 1793 2338 1878 tempore,
2391 1782 2781 1857 facultatem
2834 1784 3175 1860 habebunt
3223 1791 3443 1885 ipsum

114 1886 345 1958 forum
397 1885 849 1960 restaurandi.
955 1885 1107 1961 Nec
1156 1886 1228 1959 id
1279 1883 1860 2008 pretermiottimus3
1914 1884 2096 1979 quod
2150 1885 2439 1981 predicti
2489 1886 2798 1983 hospites
2852 1894 3070 1962 nostri
3123 1914 3162 1962 a
3217 1892 3444 1963 medio

118 1990 654 2084 quadragesime
704 2011 888 2064 nunc
938 2001 1261 2078 venturo,
1316 1988 1400 2061 ad
1458 1992 1618 2062 anni
1671 1992 2004 2092 spacium„
2057 1986 2260 2062 nobis
2314 1999 2386 2060 et
2419 1992 2797 2064 castellano
2849 2003 3088 2066 nostro
3145 1981 3231 2064 de
3268 2018 3442 2088 vgra

120 2093 376 2166 nullum
430 2115 716 2166 censum
769 2090 1093 2202 debitum,
1150 2092 1346 2165 dacia
1401 2092 1519 2166 vel
1573 2091 1899 2164 collectas
1958 2091 2124 2164 dare
2165 2101 2293 2164 aut
2325 2097 2618 2165 seruicia
2677 2094 3007 2168 exhibere
3058 2108 3445 2180 teneantur

112 2218 284 2293 ymo
349 2199 649 2291 exempti
704 2200 837 2269 sint
878 2188 976 2267 ab
1030 2196 1415 2268 huiusmodi
1454 2195 1733 2267 honere
1787 2198 2265 2281 seruiciornm,
2321 2197 2471 2270 siue
2524 2196 2794 2288 debito;
2862 2193 3219 2295 Com'pleto
3273 2223 3445 2273 uero

116 2321 302 2372 anno
356 2303 698 2372 annuatim
751 2303 822 2372 in
876 2297 1086 2396 trihus
1138 2295 1647 2389 festiuitatibus.‚
1726 2298 2052 2390 uidelicet
2105 2303 2171 2370 in
2229 2297 2415 2373 festo
2498 2303 2721 2372 sancti
2797 2299 3014 2396 Regis
3090 2302 3442 2398 Stephani,

113 2402 365 2474 natalis
421 2402 701 2490 domini,
756 2425 842 2474 ac
893 2405 1418 2478 resurrectionis
1444 2401 1827 2488 “eiusdem,
1906 2402 2302 2497 pascualem
2355 2402 2715 2496 pecudem„
2791 2407 3095 2499 singulas
3151 2407 3443 2499 galinas,

115 2506 207 2578 de
263 2506 551 2597 singulis
608 2505 1103 2594 mansionibus,
1156 2515 1228 2578 et
1278 2506 1619 2600 singulos,
1661 2502 1834 2580 dues
1905 2527 2149 2600 panes,
2227 2527 2362 2577 nec
2429 2528 2570 2577 non
2642 2517 2792 2581 tres·
2840 2515 3232 2581 marcas-in
3288 2510 3445 2582 de-
3578 2499 3588 2508 ’

118 2612 419 2681 uariis
500 2607 1303 2702 Zagrabiensibus
1399 2608 1598 2681 nobis
1680 2608 1913 2681 oferre
1994 2617 2375 2681 teneantur.
2483 2606 2873 2683 Castellano
2954 2635 3121 2684 uero
3205 2609 3490 2704 nostr-,o‘

118 2713 432 2785 similiter
483 2714 551 2784 in
607 2715 773 2807 ipsis
827 2711 1043 2785 tribus
1096 2710 1572 2786 festiuitatibus
1650 2734 1857 2785 vnam
1913 2734 2144 2801 ouem.
2225 2713 2468 2803 viginti
2521 2714 2788 2804 galinas
2842 2725 2912 2787 et
2963 2720 3444 2811 quinquaginta

116 2833 336 2911 panes
419 2814 712 2887 offerent
790 2820 1110 2888 annatim.
1215 2814 1549 2889 Volumus
1605 2818 1854 2907 eciam,
1908 2815 2091 2910 quod
2146 2817 2205 2888 si
2262 2815 2458 2911 (qui)
2512 2820 2972 2889 seruiencium
3055 2830 3445 2894 nostrorum

114 2917 381 3008 fenum,
433 2916 748 3012 pabulum
806 2928 921 2992 aut
965 2919 1239 3014 aliquas'
1263 2940 1380 2991 res
1435 2920 1807 2992 eorundem
1863 2918 2180 2991 auferent
2232 2919 2600 3008 violenter„
2654 2924 2876 2993 maior
2933 2922 3092 2994 uille
3140 2927 3446 3046 ipsorum

119 3043 367 3117 equum
422 3020 731 3094 eiusdem
787 3021 1144 3094 auferendi
1212 3021 1463 3095 habeat
1534 3021 1953 3111 facultatem,
2009 3031 2079 3093 et
2131 3022 2530 3114 assignandi
2601 3024 2959 3120 dampnum
3017 3036 3087 3098 et
3136 3029 3448 3099 iniuriam

106 3128 445 3219 pacienti,
501 3112 726 3198 donec
778 3125 1001 3202 eidem
1057 3125 1345 3202 satisfiat
1397 3125 1483 3196 de
1537 3126 1762 3201 illatis.
1866 3124 2067 3246 Ipsos
2124 3128 2344 3197 eciam
2426 3125 2731 3222 hospites
2810 3139 3132 3202 nostros.
3169 3134 3448 3201 exemi-

118 3252 273 3302 mus
330 3238 401 3298 et
450 3227 709 3301 liberos
788 3251 953 3302 esse
1035 3231 1390 3300 annuimus
1463 3226 1548 3298 ab
1620 3230 1805 3299 omni
1858 3231 2119 3321 viagio,
2200 3250 2333 3300 nec
2388 3231 2706 3324 compelli
2785 3229 3080 3302 debeant
3133 3236 3198 3302 in
3254 3234 3448 3323 equis

116 3335 233 3404 uel
285 3333 556 3427 pedites
608 3330 1040 3425 Legaciones
1114 3353 1239 3405 seu
1306 3331 1569 3403 litteras
1641 3328 1917 3402 deferre
1972 3331 2060 3401 ad
2113 3352 2243 3404 nos
2313 3332 2430 3401 uel
2482 3333 2653 3404 alias
2707 3337 2959 3406 uostris
3024 3354 3148 3426 pro
3220 3335 3448 3404 causis

119 3434 633 3532 quibuscunque
714 3435 1048 3508 destinati.
1157 3434 1234 3505 ln
1287 3435 1480 3506 cuius
1550 3435 1655 3506 rei
1723 3436 2126 3505 memoriam
2177 3442 2250 3505 et
2300 3442 2695 3528 perpetuam
2781 3434 3211 3520 stabilitatem
3270 3458 3448 3530 pre-

120 3549 361 3611 sentes
442 3537 704 3611 eisdem
785 3539 1190 3612 contulimus
1268 3537 1529 3610 litteras
1607 3537 1812 3631 sigilli
1892 3535 2110 3610 nostri
2185 3540 2563 3632 patrocinio
2620 3541 3090 3611 communitas.
3147 3537 3444 3611 -Datum

121 3641 424 3718 Chasme
481 3644 588 3734 (in
640 3641 999 3726 dominica*
1033 3644 1526 3731 reminiscere‚,
1564 3663 1690 3735 per
1726 3663 1967 3712 manus
2019 3642 2328 3734 magistri
2381 3639 2719 3711 Dominici
2773 3641 3082 3728 lectoris,
3137 3664 3271 3713 nec
3306 3664 3446 3714 non

116 3742 609 3838 Zagrabieusis
661 3756 823 3818 tunc
856 3745 1346 3842 prothonotarij
1403 3748 1646 3833 nostri,
1700 3744 1907 3817 Anno
1961 3744 2219 3820 domini
2269 3742 2636 3817 Millesimo
2687 3744 3158 3818 ducentesimo
3214 3767 3445 3818 nona-

116 3853 393 3942 gesimo
475 3851 787 3942 octauo).
894 3848 1042 3921 Nos
1094 3852 1301 3942 igitur
1365 3870 1559 3920 more
1612 3850 1703 3942 pii
1755 3850 1993 3944 patris„
2074 3850 2407 3921 instancie
2463 3856 2534 3920 et
2582 3852 2995 3944 peticionum
3074 3849 3446 3922 eorundem

114 3953 460 4047 hospitum
516 3963 907 4025 nostrorum
958 3951 1259 4024 inclinati
1313 3960 1683 4024 censentes
1736 3954 1999 4024 racioni
2072 3973 2492 4026 consonum:
2579 3961 2887 4025 tenorem
2943 3952 3251 4026 eiusdem
3295 3956 3447 4048 pri-

116 4058 358 4149 uilegii
443 4054 806 4149 diligenter
882 4059 1260 4151 inspectum
1313 4058 1492 4129 iuste
1546 4065 1617 4127 et
1666 4054 2179 4128 racionabiliter
2254 4064 2638 4128 emanatum
2720 4060 3228 4152 conperientes,
3307 4077 3446 4127 nou

118 4160 476 4248 abrasum,
530 4181 664 4232 nec
719 4159 1196 4250 cancellatum,
1250 4181 1474 4254 neque
1530 4159 1814 4231 alicuius
1890 4159 2115 4231 littere
2196 4162 2378 4231 uicio
2458 4159 2935 4283 deformatum.
2994 4156 3446 4256 presentibus

114 4267 338 4336 inseri
392 4262 686 4335 fecimus
736 4273 806 4334 et
860 4262 1062 4357 sigilli
1116 4266 1332 4337 nostri
1387 4266 1706 4334 autentici
1785 4265 2155 4335 munimine
2207 4261 2540 4335 roborari.
2646 4263 2723 4334 ln
2780 4266 2971 4336 cuius
3026 4272 3263 4338 nostre
3316 4284 3448 4334 or-

119 4370 507 4442 dinacionis
564 4377 635 4438 et
685 4370 790 4439 rei
826 4367 1223 4439 memoriam
1278 4367 1739 4489 perpetualem
1795 4376 2155 4461 presentes
2211 4365 2474 4439 eisdem
2527 4364 2902 4461 hospitibus
2955 4370 3209 4441 nostris
3265 4387 3447 4438 con-

113 4471 398 4542 tulimus
454 4470 659 4563 sigilli
712 4473 929 4542 nostri
984 4472 1305 4542 autentici
1360 4472 1891 4566 (oppressione)
1949 4473 2416 4543 communitas.
2489 4469 2732 4540 Datum
2773 4480 2843 4542 et
2875 4481 3097 4541 actum
3153 4467 3449 4542 Chasme

123 4579 196 4645 in
254 4572 439 4645 festo
497 4576 718 4647 saneti
781 4571 1063 4667 Georgii
1116 4571 1435 4669 Martyris
1489 4596 1614 4671 per
1664 4596 1906 4648 manus
1959 4574 2237 4647 discreti
2291 4575 2422 4645 viri
2474 4575 2780 4667 magistri
2826 4570 3064 4665 cirini,
3123 4575 3452 4668 prepositi

118 4679 585 4768 chasmensi3‚
642 4679 1084 4773 protonotarii
1139 4679 1378 4752 nostri.
1434 4677 1640 4750 Anno
1697 4676 1951 4750 domini
2005 4676 2128 4747 M⁰=·
2170 4673 2394 4749 CCC=·
2440 4675 2769 4771 Septimo.

116 4879 387 4950 originale
440 4882 493 4930 ιιι
531 4894 849 4948 pergameno
904 4895 1020 4930 cum
1075 4880 1256 4948 Sigillo
1310 4895 1375 4931 ιι
1379 4880 1523 4945 uiso,
1577 4888 1632 4931 et
1682 4889 1793 4933 tran
1760 4897 1881 4932 ιιιιιο
1884 4889 2026 4948 mupt
2031 4896 2079 4930 m
2125 4879 2309 4932 Jacobi
2360 4878 2514 4947 Epiac
2519 4881 2605 4947 opi
2655 4877 2878 4947 Zagrabi
2881 4880 3038 4940 οιιοιιι,
3090 4894 3137 4929 a.
3198 4876 3333 4931 1348
3390 4878 3443 4928 ιι

435 4980 584 5033 pei-g.
619 4981 722 5018 uua
759 4981 876 5017 cum
912 4964 1275 5033 Tranasumpto
1312 4963 1535 5034 Capituli
1568 4964 1931 5034 Zagrabiensis
1967 4982 2016 5018 a.
2057 4966 2208 5020 1331.
2248 4962 2394 5017 HSC.
2432 4966 2860 5030 recentissimum,
2907 4971 3200 5018 men-tur
3235 4964 3289 5024 in
3329 4977 3447 5014 mea

439 5052 750 5105 collectione
785 5049 1133 5119 Diplomatnm
1169 5051 1512 5120 originalium.

328 5536 497 5603 (Pars-
513 5535 551 5588 l.
574 5536 763 5589 frivit.
797 5547 851 5588 et
882 5535 1105 5603 Liber-t.)
1237 5531 1245 5536 ’
1272 5553 1279 5568 ·
1456 5567 1459 5572 -
2929 5502 3030 5576 62
