3950 5917
1948 938 2448 1025 ccxlx.

1500 1199 1713 1276 Auno
1773 1197 2012 1272 1683.
2074 1199 2142 1270 7.
2193 1200 2490 1297 Δωριεῖ.
2547 1203 2907 1273 Ρωσαοιϊ.

532 1457 1109 1565 Leopoldus
1170 1457 1373 1539 Rex
1436 1457 1793 1538 Banum
1855 1457 1973 1539 de
2035 1459 2309 1539 modo
2390 1459 2632 1539 belli
2729 1470 3066 1540 contra
3128 1458 3512 1543 'furcas
3577 1474 3652 1544 et
3703 1489 3834 1545 re-

1262 1595 1600 1675 belles
1652 1593 2193 1702 Hungaros
2257 1595 2686 1702 gerendi
2750 1595 3137 1680 edocet.

537 1869 927 1967 Leopoldus
1023 1869 1271 1943 Diuina
1349 1867 1659 1943 Fauente
1741 1865 2118 2044 Clementia
2214 1866 2496 2043 Etllectns
2574 1868 3041 1943 Romanorum
3121 1869 3502 1966 Imperator
3595 1891 3840 1969 semper

2086 1993 2261 2066 ugus
2338 1994 2394 2045 s.

851 2175 1262 2275 Spectabilis
1333 2199 1419 2248 ac
1485 2172 1853 2269 Magnifice
1872 2227 1897 2266 ,
1965 2173 2192 2249 fidelis
2262 2173 2480 2249 Nobis
2552 2174 2822 2247 dilecte.
2927 2175 3371 2273 Percepimus
3440 2176 3841 2274 perbenigne

541 2287 772 2356 animo
836 2279 1190 2356 Caesareo
1241 2280 1607 2376 Regioque
1659 2301 1757 2352 ex
1805 2279 2049 2352 litteris
2105 2281 2238 2351 tuis
2287 2280 2787 2374 responsoriis,
2859 2278 2949 2353 de
3001 2278 3358 2374 vigesima
3409 2302 3602 2356 nona
3653 2303 3844 2379 prae-

535 2388 820 2482 terlapsi
871 2387 1131 2460 mensis
1179 2383 1337 2475 Julij
1393 2405 1487 2455 ex
1534 2379 1796 2456 Castris
1848 2380 1936 2454 ad
1990 2380 2235 2476 Ripam
2268 2382 2509 2472 Draui,
2559 2381 2644 2454 ad
2691 2381 2839 2456 Nos
2877 2381 3052 2456 datis
3104 2382 3344 2456 Zelum
3398 2394 3472 2458 et
3525 2394 3838 2458 constan-

538 2494 700 2562 tiam
755 2488 1276 2582 firmitatemque
1319 2485 1706 2559 deuotionis
1743 2495 1815 2557 et
1847 2483 2191 2558 fidelitatis
2227 2495 2386 2559 tuae
2422 2489 2783 2581 gentisque
2818 2495 3046 2559 tecum
3084 2483 3448 2562 Oroaticae
3503 2496 3846 2564 contesta-

540 2603 709 2684 tam,
768 2615 899 2689 per
945 2601 1046 2666 tot
1097 2601 1293 2664 actus
1368 2592 1502 2662 iam
1555 2591 1627 2662 in
1678 2587 2157 2684 praesentibus
2227 2610 2457 2662 rerum
2527 2591 2862 2684 urgentijs
2915 2600 2988 2664 et
3039 2590 3566 2684 calamitatibus,
3636 2600 3858 2665 contra¹

537 2695 1052 2770 inualescentes
1104 2693 1399 2767 bostium
1453 2701 1743 2767 conatus
1787 2703 1858 2765 et
1891 2695 2323 2783 innasiones,
2377 2692 2809 2789 eundemque
2864 2694 3145 2767 ulterius
3200 2695 3659 2770 contestando
3709 2695 3850 2767 lau-

542 2798 751 2873 dabili
799 2800 938 2871 hoc
988 2806 1104 2871 tuo
1157 2797 1476 2894 impulsu,
1529 2795 1617 2869 de
1675 2818 1809 2891 qno
1862 2795 1984 2871 tibi
2038 2819 2178 2870 non
2210 2806 2348 2869 tam
2392 2796 2481 2870 de
2517 2797 2746 2869 Patria
2798 2800 3194 2871 meritorum
3246 2800 3619 2891 cumulum,
3671 2817 3848 2893 quan

539 2901 722 3000 apud
771 2903 1244 3000 posteritatem
1295 2922 1618 2992 magnum
1688 2900 1956 2994 gloriae
2026 2899 2295 2996 pondus
2366 2922 2776 2997 comparere
2844 2922 3144 2976 necesse
3197 2911 3325 2978 est.
3430 2901 3586 2977 Nos
3640 2911 3856 2976 contra

541 3004 938 3079 laborantes
991 3005 1213 3079 modis
1267 3004 1582 3077 omnibus
1636 3002 1723 3077 ad
1769 3002 2302 3099 congregandas
2360 3006 2554 3079 vires
2608 3003 3055 3096 sufficientes,
3110 3026 3289 3099 quae
3343 3004 3689 3080 eiusmodi
3733 3026 3852 3103 po-

539 3111 799 3182 tentiae
851 3131 931 3183 se
985 3130 1337 3205 opponere
1390 3107 1690 3197 ualeant,
1746 3129 2106 3204 speramus
2159 3111 2334 3180 intra
2387 3129 2773 3205 perpaucos
2829 3107 2979 3182 dies
3033 3130 3221 3181 arma
3274 3119 3516 3183 nostra
3571 3120 3709 3184 tam
3751 3130 3857 3204 per

540 3215 857 3308 proprias
894 3235 1095 3307 quam
1133 3213 1506 3286 auxiliares
1558 3210 1718 3284 binc
1751 3210 1911 3285 inde
1950 3213 2372 3306 conquisitas
2427 3214 2665 3307 copias
2715 3214 2786 3284 in
2822 3220 3075 3285 tantum
3132 3222 3333 3284 aucta
3369 3223 3442 3287 et
3475 3216 3857 3301 instaurata,

538 3326 618 3388 ut
666 3337 806 3389 non
860 3315 1081 3390 solum
1128 3314 1574 3389 redimendae
1599 3314 1942 3406 Viennae,
1994 3314 2441 3388 Residentiae
2469 3314 2789 3405 Nostrae,
2844 3313 2931 3387 ab
2968 3314 3356 3404 obsidione,
3411 3339 3623 3412 quam
3676 3319 3858 3390 etiam

540 3419 996 3515 reprimendis
1065 3420 1221 3512 alijs
1290 3418 1587 3494 bostium
1655 3417 2144 3516 progressibus
2198 3440 2362 3493 sese
2414 3427 2523 3492 sat
2575 3417 2805 3493 valide
2876 3417 3185 3510 obijcere
3248 3417 3602 3494 valebunt.
3707 3419 3860 3492 Eam

541 3543 718 3616 ergo
770 3526 841 3597 in
892 3532 964 3597 te
1016 3519 1334 3596 fiduciam
1388 3523 1767 3596 clementer
1818 3520 2178 3612 habentes,
2228 3532 2301 3595 te
2352 3544 2495 3594 non
2538 3525 2788 3611 minus,
2844 3521 3026 3616 quod
3078 3532 3345 3596 tuarum
3398 3527 3694 3618 partium
3745 3530 3857 3607 est,

541 3636 617 3700 et
668 3625 845 3722 apud
897 3636 1176 3720 gentem
1226 3625 1347 3701 tibi
1400 3625 1864 3700 concreditam
1917 3624 2168 3717 ijsdem
2221 3626 2748 3717 inuigilaturum,
2821 3636 3087 3718 gratum
3140 3625 3357 3699 Nobis
3409 3626 3543 3700 fnit
3598 3650 3699 3703 ex
3743 3627 3859 3718 ijs-

544 3729 703 3803 dem
755 3732 901 3804 suis
949 3730 1193 3804 litteris
1244 3731 1657 3824 intelligere,
1711 3727 1894 3825 quod
1949 3727 2411 3802 desideratam
2464 3738 2536 3801 et
2578 3732 2855 3802 omnino
2910 3733 3380 3803 necessariam
3431 3729 3693 3805 bonam
3747 3751 3861 3801 co-

539 3833 1100 3929 respondentiam
1152 3856 1309 3906 cum
1356 3831 1787 3925 ,Consiliarijs
1835 3834 2093 3906 nostris
2145 3831 2406 3908 Intimis
2440 3833 2721 3906 Bellicis
2775 3831 3285 3908 Graecensibus
3339 3833 3686 3910 hactenus
3720 3855 3862 3909 ser-

542 3938 847 4024 uaueris,
902 3939 971 4008 in
1027 3936 1270 4009 eadem
1327 3946 1682 4009 seruatura
1737 3946 1806 4009 te
1861 3937 2162 4009 totaliter
2210 3935 2391 4010 bene
2446 3936 2866 4033 dispositum,
2897 3959 3379 4030 agnoscamus.
3487 3938 3696 4012 Hanc
3745 3939 3866 4030 ijs-

543 4041 702 4112 dem
754 4042 1010 4114 nostris
1065 4038 1493 4131 Consiliarijs
1547 4043 1752 4113 etiam
1802 4042 2164 4113 instantius
2234 4039 2821 4128 commendamus,
2891 4043 3111 4136 prouti
3167 4044 3370 4113 etiam
3426 4046 3695 4116 nostris
3731 4041 3866 4113 Du-

545 4143 743 4217 cibus
778 4154 850 4217 et
884 4141 1293 4216 officialibus
1344 4140 1611 4216 bellicis
1667 4142 1909 4216 eadem
1966 4143 2484 4231 demandamus,
2539 4143 2781 4239 quibus
2835 4142 2990 4222 dum
3045 4152 3347 4218 mentem
3398 4156 3650 4220 nostra
3705 4146 3869 4218 circa

545 4249 990 4343 operationes
1059 4249 1131 4320 in
1198 4245 1537 4320 hosticum
1618 4250 2056 4344 exponimus,
2130 4269 2272 4321 non
2340 4249 2562 4321 minus
2643 4247 2936 4321 eandem
2984 4248 3103 4320 tibi
3156 4247 3377 4322 hocce
3451 4260 3706 4324 nostro
3757 4269 3866 4320 re·

542 4355 802 4447 scripto
881 4372 1006 4448 pro
1088 4360 1318 4423 mutuo
1393 4372 1549 4423 cum
1626 4350 1895 4443 ijsdem
1943 4349 2127 4424 bona
2199 4351 2642 4446 intelligentia
2697 4361 2768 4450 et
2816 4373 3046 4425 rerum
3099 4351 3556 4449 dispositione
3643 4351 3867 4428 decla-

544 4476 706 4527 rare
759 4453 1123 4528 voluimus.
2499 4471 2503 4475 *
3577 4456 3586 4462 ’

859 4556 1448 4632 Desiderauerunt
1499 4556 1658 4629 dicti
1712 4556 2084 4650 consiliarij
2156 4560 2378 4631 nostri
2429 4567 2499 4630 et
2548 4558 2784 4630 Duces
2855 4561 3064 4648 scire,
3135 4560 3424 4654 qualiter
3475 4559 3872 4655 producen—

546 4662 709 4733 dum
763 4670 957 4735 esset
1007 4671 1250 4734 contra
1302 4661 1590 4736 hostiles
1645 4662 1955 4750 insultus,
2030 4665 2455 4757 potissimum
2527 4660 2641 4733 ubi
2694 4685 2734 4734 a
2786 4672 2980 4758 parte
3033 4662 3607 4759 Battbyanorum,
3684 4666 3790 4759 qui
3833 4681 3868 4730 a

548 4764 875 4839 fidelitate
928 4787 1052 4840 sua
1108 4765 1565 4855 deflexerunt,
1636 4768 1770 4836 iam
1826 4767 2029 4836 etiam
2082 4768 2384 4861 ipsorum
2458 4775 2651 4838 actus
2704 4768 2774 4837 in
2827 4765 3170 4853 incendia,
3242 4766 3769 4842 deuastationes
3814 4771 3870 4835 et

546 4869 1009 4964 expilationes
1062 4872 1427 4966 eruperint.
1530 4868 2041 4941 Demandamus
2093 4872 2349 4964 itaque,
2402 4877 2477 4941 ut
2528 4871 2930 4966 quantocius
3000 4872 3131 4965 ipsi
3203 4868 3450 4943 Comiti
3524 4867 3869 4968 Batlbyani

548 4976 832 5068 suisque
887 4974 1177 5047 asseclis
1226 4974 1611 5062 nunciatur,
1666 4976 1772 5046 sin
1830 4971 1918 5044 ad
1962 4972 2299 5045 eiusmodi
2353 4973 2529 5044 tales
2585 4977 3027 5047 enormitates
3080 4973 3252 5046 ultra
3307 4996 3470 5048 sese
3529 4979 3867 5072 proripere

549 5078 943 5165 tentanerit,
997 5097 1079 5150 se
1132 5098 1272 5149 non
1325 5078 1545 5150 minus
1597 5075 1780 5148 idem
1834 5086 2287 5172 experturos3
2342 5085 2413 5148 et
2463 5076 2640 5149 haec
2693 5076 2963 5173 quidem
3009 5079 3519 5173 praecavendis
3578 5079 3869 5152 locorum

551 5179 1167 5274 exustionibusque
1216 5178 1706 5278 interpellanda
1759 5178 2121 5271 duximus;
2169 5179 2246 5253 In
2299 5180 2565 5275 reliquo
2620 5190 2874 5270 autem,
2930 5203 3082 5254 cum
3124 5185 3293 5255 satis
3348 5204 3705 5280 superque
3754 5202 3874 5277 pa-

552 5283 691 5353 lam
747 5284 860 5368 sit,
920 5305 1062 5355 non
1110 5294 1250 5355 tam
1303 5283 1640 5359 eiusmodi
1709 5280 2052 5358 fidelitatis
2123 5305 2295 5358 suae
2363 5287 2803 5358 immemores
2873 5281 3268 5379 Hungaros,
3342 5308 3552 5381 quam
3624 5285 3874 5359 ancas

554 5383 750 5475 ipsos
803 5404 1203 5460 communes
1253 5384 1546 5463 Nostros
1593 5386 1834 5462 hostes
1888 5409 2081 5481 esse,
2151 5390 2256 5464 sic
2307 5409 2443 5464 nec
2490 5386 2950 5480 dubitandum,
3022 5391 3184 5486 quin
3254 5410 3395 5464 non
3445 5393 3605 5486 pari
3657 5387 3869 5464 studio
