3950 5917
3316 413 3490 513 m,

124 641 397 719 curabit
464 663 741 744 quoque
770 641 1124 737 Maiestas
1176 640 1347 732 Sua
1394 642 1615 739 qued
1684 644 1970 716 vivente
2014 641 2234 719 Sacra
2288 639 2638 717 Caesarea
2691 641 3052 741 Regiaque
3103 642 3477 736 Hajestate

128 748 435 821 Domino
505 753 745 822 nostro
801 743 1355 820 clementissimo
1406 748 1479 820 in
1531 743 1782 818 unllam
1861 744 2515 820 administrationem
2586 746 2814 842 Regni
2866 768 3031 821 sese
3080 750 3481 823 intromittet

125 849 394 946 absque
439 871 610 922 suae
644 846 1044 926 Caesareae
1066 847 1473 945 Regiaeque
1496 847 1881 952 Maiestatis
1918 870 2256 972 expressa
2302 871 2389 922 ac
2424 848 2749 946 specifica
2786 846 3081 945 benigna
3118 852 3475 927 voluntate

127 952 809 1051 Reguicolarumque
862 974 1181 1028 assensu.
1259 951 1493 1048 Atque
1544 941 1678 1024 bae
1729 960 1890 1026 sunt
1938 952 2400 1042 conditiones„
2453 974 2648 1075 quas·
2672 949 3006 1048 Maiestas
3059 954 3201 1027 Sua
3247 955 3471 1049 Regia

132 1065 298 1130 ante
352 1054 781 1129 Electionem
838 1077 1033 1130 suam
1088 1066 1480 1152 acceptare,
1552 1053 2182 1151 sufficientibusque
2251 1055 2493 1128 litteris
2546 1057 2691 1130 suis
2761 1059 3288 1132 assecuratoriis
3343 1057 3473 1131 sub

131 1158 359 1233 verbo
395 1158 623 1254 Regio
662 1158 1100 1249 confirmare,
1150 1169 1311 1255 post
1362 1157 1897 1233 Coronationem
1948 1179 2125 1232 vero
2179 1180 2372 1232 suam
2413 1167 2727 1256 tempore
2763 1163 3067 1257 suscepti
3116 1165 3472 1257 regiminis

128 1259 583 1359 generalibus
635 1261 936 1337 articulis
988 1264 1202 1338 inseri
1254 1271 1327 1334 et
1375 1260 1727 1358 publicare
1775 1255 2179 1355 dignabitur.
2231 1260 2297 1335 N
2299 1281 2380 1334 os
2417 1263 2646 1359 itaque
2698 1263 3045 1387 praedicta
3088 1268 3471 1340 universo·

127 1388 285 1440 rum
340 1363 651 1439 Statuum
704 1374 776 1438 et
819 1364 1146 1438 Ordinum
1196 1363 1441 1462 Inclyti
1478 1364 1707 1460 Regni
1750 1363 2148 1458 Huugariae
2200 1374 2271 1438 et
2318 1369 2607 1463 partium
2662 1370 2730 1439 ei
2783 1365 3237 1441 subiectarum
3292 1389 3471 1464 sup-

127 1467 519 1567 phoedone
575 1469 954 1544 elementer
1022 1465 1369 1557 admissa,
1455 1489 1587 1564 pro
1650 1466 1954 1563 benigna
2042 1469 2250 1542 animi
2320 1471 2538 1542 nostn
2604 1472 3093 1566 propensione,
3154 1474 3478 1594 ipfiqid

126 1573 543 1648 clementer.
550 1571 977 1666 gratificandi
1013 1572 1390 1661 voluntate,
1443 1575 1914 1667 praeinsertos
1965 1573 2337 1648 universos
2361 1572 2738 1663 articulos,
2788 1595 2873 1646 ac
2917 1576 3152 1654 omnia
3179 1584 3260 1650 et
3309 1579 3471 1650 siu-

128 1675 296 1771 gula
349 1677 421 1748 in
475 1678 579 1749 eis
636 1684 981 1766 contenta,
1051 1684 1227 1766 rata,
1299 1684 1496 1768 grata
1552 1684 1623 1748 et
1691 1684 1975 1772 accepta
2047 1671 2408 1764 babentes,
2481 1675 2745 1748 eisdem
2815 1676 3109 1772 Regium
3163 1689 3470 1751 nostrum

130 1799 554 1884 consensum
611 1777 1026 1860 benevolum
1044 1781 1335 1880 pariter
1388 1787 1459 1850 et
1510 1797 1872 1859 assensum
1945 1775 2381 1871 praebuimus
2436 1789 2507 1851 et
2560 1779 2714 1851 illos
2769 1804 2854 1852 ac
2906 1784 3196 1876 quaevis
3242 1784 3313 1853 in
3367 1785 3474 1855 eis

132 1873 461 1962 contenta
544 1871 1079 1979 acceptanimus
1162 1880 1723 1979 approbauimus..
1805 1877 2293 1954 ratificauimus
2365 1892 2437 1954 et
2490 1879 3062 1957 confirmauimus.
3157 1884 3476 1975 Promit-

134 1991 365 2068 tentes
420 1995 492 2057 et
544 1995 1030 2066 assecurantes
1085 1983 1319 2062 Status
1374 1994 1445 2057 et
1493 1981 1788 2058 Ordines
1842 1987 1909 2060 in
1965 1981 2186 2056 verbo
2231 1993 2482 2058 nostro
2526 1984 2785 2080 Regio
2859 1986 3040 2080 quod
3087 1985 3476 2083 praemissi

135 2093 367 2163 omnia
423 2098 560 2160 tam
614 2110 746 2164 nos
798 2091 930 2186 ipsi
963 2087 1345 2181 Regiminis
1390 2090 1608 2162 nostri
1660 2097 1974 2183 tempore
2021 2085 2566 2174 obseruabimus
2620 2111 2822 2185 quam
2861 2105 2986 2185 per
3019 2089 3214 2163 alios·
3231 2085 3477 2170 fideles'

134 2187 449 2265 subditos
519 2200 797 2274 nostros
868 2195 1333 2290 cuiuscunque
1385 2189 1619 2275 Status
1680 2199 1751 2263 et
1803 2188 2228 2265 Conditiouis
2282 2196 2606 2264 existant
2683 2189 3042 2275 obseruari
3110 2189 3477 2286 faciemus,

134 2299 229 2368 uti
266 2298 519 2389 vigore
553 2294 753 2368 buius
806 2296 1024 2369 nostri
1066 2295 1470 2391 Diplomatis
1524 2304 1991 2392 acceptamus
2046 2292 2526 2390 approbamus
2581 2294 3034 2384 ratificamus
3089 2298 3473 2370 conflrma-

132 2389 289 2474 mus
354 2408 560 2496 atque
612 2401 1081 2495 promittimus.
1185 2397 1264 2480 ln
1318 2400 1510 2470 cuius
1564 2395 1769 2471 iidem
1825 2408 1895 2469 et
1944 2398 2406 2470 testimonium
2459 2399 2717 2472 litteras
2773 2399 2897 2473 bas
2942 2422 3149 2473 manu
3200 2405 3480 2497 propris

134 2501 671 2598 subscripsimus
743 2513 814 2578 et
850 2499 1085 2597 'sigilli
1156 2504 1375 2576 nostri
1445 2504 1902 2597 impressione
1984 2504 2226 2574 muniri
2295 2502 2648 2594 jussimus.
2754 2501 2998 2578 Datum
3054 2506 3123 2576 in
3179 2503 3474 2594 civitate

138 2603 551 2686 Posoniensi
606 2603 719 2680 die
772 2606 1038 2686 decima
1094 2607 1321 2703 quinta
1376 2609 1634 2678 mensis
1689 2603 1872 2701 May.
1928 2605 2135 2677 Auno
2187 2603 2553 2679 Millesimo
2637 2610 3149 2682 sexcentesimo
3205 2590 3477 2683 decimo

138 2719 419 2784 octauo.
482 2708 1017 2806 Subscriptionis
1070 2731 1245 2783 vero
1294 2711 1523 2812 ⁴series
1577 2708 1754 2781 baec
1808 2717 1953 2786 est:
2035 2707 2529 2783 Ferdinandus.
2635 2708 2853 2782 Paulo
2901 2708 3190 2784 inferius
3258 2731 3475 2785 vero:

139 2813 251 2886 Vl.
320 2812 724 2890 Leonardus
807 2811 1076 2887 Gerius.
1183 2811 1331 2886 Nos
1413 2811 1642 2909 itaque
1720 2814 1907 2884 iuxta
1987 2812 2512 2908 postulationem
2595 2813 2968 2886 eorundem
3037 2814 3478 2890 dominorum

144 2914 456 2990 statuum
494 2927 563 2998 et
599 2916 929 2990 ordinum
953 2915 1180 3012 Regni
1215 2918 1681 3012 praeinsertas
1716 2916 1981 2989 litteras
2016 2915 2280 2989 Sacrae
2308 2915 2574 3011 Regiae
2608 2915 2990 3009 majestatis
3028 2917 3480 2996 assecutam-t

139 3025 282 3102 rias
335 3020 815 3118 praesentibus
866 3021 1111 3093 litteris
1162 3022 1419 3093 nostris
1474 3018 1562 3094 de
1592 3019 1818 3092 verbo
1864 3018 1951 3092 ad
1997 3018 2284 3093 verbum
2341 3022 2492 3093 sine
2528 3019 2968 3095 diminutione
3003 3031 3076 3095 et
3109 3032 3479 3118 augmento

142 3124 422 3222 aliquali
498 3123 779 3198 inscribi
851 3134 921 3197 et
989 3126 1204 3198 inseri
1282 3121 1622 3199 facientes
1697 3121 1822 3197 sub
1894 3120 2140 3219 Sigillo
2221 3129 2462 3197 nostro
2543 3122 2934 3198 authentico
3013 3122 3480 3200 extradandas

140 3226 466 3306 duximus
520 3237 591 3301 et
641 3226 1148 3310 concedendas.
1253 3226 1502 3310 Datum
1561 3223 1844 3302 Posouii
1897 3224 2011 3302 die
2058 3228 2403 3323 vigesima
2457 3228 2687 3326 quinta
2737 3223 3001 3306 Mensis
3051 3223 3218 3326 May
3270 3230 3482 3306 Auno

144 3319 421 3406 Domini
468 3325 838 3412 millesimo
892 3333 1410 3408 sexcentesimo
1466 3329 1736 3404 decimo
1790 3337 2061 3402 octauo.

302 3554 563 3631 Comes
616 3553 1094 3651 sigismundus
1147 3553 1467 3652 Forgacb
1521 3553 1613 3627 de
1664 3550 1923 3653 Gymes
1979 3574 2066 3628 m.
2119 3575 2185 3649 p.

1132 3784 1376 3862 (nom
1418 3779 1632 3864 seyme
1670 3782 2027 3847 eucnemon·
2067 3781 2499 3860 ramum.)

2333 3998 2693 4080 horion-
2745 3979 3013 4080 noia}
3059 4022 3154 4078 ι.
3191 4023 3271 4097 ‚p-

139 4258 415 4331 ongum
447 4260 503 4311 ιιι
541 4255 976 4328 amum-aqu
1007 4252 1268 4310 anan.
1315 4254 1453 4308 rav.
1482 4252 1553 4307 ιι.
1586 4253 1708 4310 w.
