3950 5917
3217 505 3221 514 ,
3272 412 3438 510 m

147 622 414 695 cionem
490 617 908 696 Prelatorum
961 626 1033 693 et
1082 618 1420 694 Bai-onum
1498 618 1723 717 Regni
1792 621 2009 694 nostri
2075 617 2164 694 de
2236 620 2522 715 singulis
2602 620 2840 715 viginti
2915 617 3439 715 Johagionihus‚

157 725 417 797 tociens
490 726 820 822 quociens
900 745 1074 822 opus
1155 722 1354 797 fieret
1402 732 1474 798 et
1525 745 1651 821 per
1693 741 1832 800 vos
1877 726 2333 821 requirentur,
2413 724 2501 798 ad
2556 723 3117 798 exercituandum
3188 723 3303 797 vel
3357 722 3448 797 ad

148 824 527 918 croadam,
579 837 695 901 aut
738 849 872 924 quo
908 829 1290 902 necessitas
1341 828 1742 926 postularet,
1795 828 2340 926 compelleretis3
2391 829 2504 926 qui
2556 829 2689 903 etsi
2739 826 2830 901 ad
2879 823 3445 902 exercituandum

151 941 221 1004 et
264 928 348 1004 ad
382 929 857 1055 resistendum·
890 932 1182 1012 inimicis
1233 932 1424 1036 iuxta
1474 953 1735 1008 morem
1789 942 1862 1005 et
1913 930 2474 1042 consuetudinem
2526 931 2709 1036 illius
2756 930 2980 1037 Regni
3032 932 3251 1005 nostri
3298 932 3445 1003 im-
3524 971 3527 982 ·

150 1037 315 1132 pigri
381 1019 655 1126 flerent,
724 1021 1055 1110 maiorem
1124 1043 1351 1109 tamen
1421 1027 1682 1134 partem
1751 1027 1938 1110 illius
1957 1011 2239 1160 'Regni
2253 1033 2468 1110 nostri
2523 1037 2696 1109 certi
2744 1027 3017 1108 Domini
3070 1034 3321 1108 Prelati
3373 1043 3447 1109 et

51 1215 52 1218 ι
144 1137 450 1234 Berones
508 1150 582 1213 et
629 1142 950 1263 pociores
999 1137 1340 1213 Nobilium
1388 1138 1849 1262 possiderent,
1919 1140 2070 1228 sine
2122 1161 2407 1236 quorum
2459 1139 2715 1213 anxilio
2783 1141 2916 1236 ipsi
2967 1137 3251 1240 Nobiles
3306 1160 3446 1260 pa-

51 1253 52 1258 ‘
151 1241 296 1315 rum
333 1223 553 1317 tutele
605 1245 755 1317 siue
806 1241 1230 1317 defensionis
1281 1242 1412 1338 ipsi
1461 1242 1708 1338 Regno
1762 1240 2000 1316 nostro
2049 1237 2285 1317 facere
2338 1250 2644 1339 possent.
2723 1240 2926 1316 Vnde
2979 1225 3449 1340 supplicarunt

51 1349 52 1378 ³
144 1344 482 1421 maiestati
537 1356 773 1422 nostre
807 1344 1012 1421 iidem
1049 1343 1363 1438 Nobiles5
1414 1354 1493 1419 vt
1527 1359 1956 1420 communem
1986 1345 2390 1421 huiusmodi
2423 1345 2651 1441 Regni
2700 1345 3186 1421 necessitatem
3239 1347 3445 1419 com-

142 1452 322 1524 mi
388 1451 732 1526 omnium
759 1451 1015 1524 auxilio
1084 1450 1484 1546 propulsari
1529 1448 1768 1523 facere
1805 1450 2293 1544 dignaremur.
2396 1449 2515 1523 Et
2536 1452 2689 1547 quia
2742 1471 2874 1523 nos
2910 1453 3117 1547 ipsos
3156 1449 3444 1544 Regm-

51 1617 54 1622 .
153 1554 331 1628 colas
393 1563 682 1628 nostros
747 1564 980 1650 preter
1047 1557 1388 1651 antiquam
1459 1524 2022 1629 cousuetudinem
2073 1577 2257 1629 nouo
2312 1563 2383 1629 et
2433 1556 2753 1628 inusitato
2827 1576 3090 1650 genere
3155 1557 3448 1628 exerci-

156 1659 475 1731 tuacionis
532 1656 860 1754 impedire
911 1658 1251 1752 uolumus,
1303 1657 1617 1731 volumus
1668 1668 2032 1756 propterea
2086 1668 2157 1733 et
2207 1656 2511 1731 fidelitati
2581 1667 2816 1733 vestre
2888 1659 3072 1732 serie
3142 1679 3447 1754 presen-

155 1762 318 1834 cium
368 1759 659 1835 firmiter
709 1761 1131 1853 mandamus,
1182 1771 1261 1836 vt
1309 1763 1500 1859 ipsos
1549 1761 1835 1836 Nobiles
1886 1763 2223 1836 inusitatis
2279 1760 2944 1843 exercituaciouibus
2998 1771 3194 1835 extra
3249 1761 3440 1834 limi-

156 1874 252 1938 tes
299 1872 371 1939 et
420 1868 759 1940 terminos
811 1866 990 1940 illius
1039 1865 1267 1964 Regni
1318 1869 1534 1939 nostri
1587 1888 1726 1939 non
1777 1865 2222 1962 compellatis.
2327 1865 2405 1939 In
2458 1874 2767 1940 extrema
2839 1876 3067 1939 tamen
3121 1869 3450 1939 necessi-

143 1977 282 2056 ‚tate
330 1979 400 2042 et
452 1969 765 2065 periculo
816 1968 1042 2066 Regni
1093 1971 1310 2044 nostri
1364 1970 1710 2060 οιιίιιιιιάο,
1764 1972 2048 2066 primum
2094 1969 2366 2043 Domini
2436 1968 2687 2042 Prelati
2740 1978 2811 2043 et
2860 1968 3172 2043 Berones
3224 1967 3450 2065 Regni

155 2075 380 2164 nostri,
448 2071 703 2146 ibidem
774 2072 954 2147 bona
1006 2082 1076 2147 et
1126 2077 1615 2170 possessiones
1683 2072 2042 2164 habentes,
2120 2073 2373 2147 auxilia
2443 2076 2745 2168 gentium
2814 2093 3032 2169 penes
3101 2095 3235 2147 vos
3310 2072 3447 2146 de-

155 2183 404 2272 putare,
455 2176 736 2252 tandem
788 2199 963 2252 vero
1015 2180 1429 2252 Vniuersitas
1465 2176 1994 2272 Regnicolarum
2046 2179 2348 2274 ipsorum
2399 2179 2588 2249 iuxta
2626 2176 3137 2251 ordinacionem
3194 2190 3448 2272 super-

157 2278 300 2354 inde
347 2278 612 2353 factam
661 2280 973 2356 homines
1020 2282 1323 2378 ipsorum
1377 2303 1494 2370 eo,
1549 2303 1683 2377 quo
1735 2281 2123 2354 necessitas
2174 2281 2644 2379 postulauerit,
2694 2290 3009 2376 preterea
3063 2301 3188 2376 pro
3224 2280 3452 2375 Regni

51 2375 52 2386 ’
160 2381 555 2460 defensione
635 2388 899 2459 mittere
979 2383 1246 2459 debeat.
1350 2384 1682 2458 Volumus
1757 2393 2101 2481 preterea,
2180 2395 2257 2458 vt
2326 2394 2609 2458 octauas
2679 2383 2840 2458 festi
2912 2385 3091 2458 beati
3167 2383 3452 2480 Georgii

159 2485 435 2564 blartiris
489 2491 810 2588 proxime
862 2486 1127 2563 affuturi
1177 2488 1446 2563 faciatis
1496 2491 1567 2561 in
1619 2488 1736 2561 illo
1781 2487 2028 2583 Regno
2082 2498 2319 2561 nostro
2374 2486 2743 2561 Sclauonie
2796 2486 3158 2574 celebrari,
3211 2499 3283 2562 et
3318 2511 3451 2584 que

161 2589 390 2665 ibidem
442 2591 854 2666 iudicialiter
904 2595 1258 2666 terminata
1311 2591 1584 2683 fuerint,
1638 2590 1897 2688 absque
1953 2593 2253 2666 cuiusuis
2318 2590 2559 2666 fauore
2614 2595 2868 2687 exequi
2920 2591 3212 2666 faciatis.
3263 2591 3452 2665 Pro-

163 2699 597 2790 rogaciouem
675 2706 901 2770 tamen
980 2695 1378 2791 Regnicolis
1454 2697 1710 2769 nostris
1779 2716 1996 2790 penes
2064 2693 2493 2770 Maiestatem
2566 2706 2871 2769 nostram
2951 2699 3329 2791 occupatiS,
3384 2706 3455 2768 et

168 2799 344 2872 simul
395 2799 699 2875 confinia
752 2800 1151 2895 Regnorum
1203 2810 1592 2874 nostrorum
1645 2809 1716 2872 et
1768 2795 2159 2872 Castrorum
2228 2798 2657 2873 finitimorum
2728 2799 3005 2873 tutelam
3059 2797 3451 2873 obseruan-

166 2901 347 3025 tibus„
398 2906 597 2977 iuxta
653 2902 941 2978 formam
994 2903 1256 2978 decreti
1306 2893 1576 2977 faciatis
1630 2900 2006 2978 obseruari.
2096 2903 2268 2991 Quia
2321 2925 2496 2977 vero
2549 2902 2820 2981 fidelem
2876 2913 3180 2977 nostrum
3216 2902 3454 2999 Egre-

163 3009 329 3099 gium
377 3006 790 3102 Magistrum
840 3007 1114 3083 Petrum
1170 3006 1256 3081 de
1304 3006 1683 3098 Gudowcz‚
1736 3005 2492 3103 Viceprotbonotarium
2546 3006 2723 3080 illius
2777 3007 2999 3102 Regni
3055 3006 3454 3094 ὃοίιιιιοιιίθ,

169 3132 276 3205 pro
307 3113 541 3187 veteri
593 3113 1084 3186 consuetudine
1138 3110 1447 3185 eiusdem
1500 3110 1725 3206 Regni
1775 3112 1994 3184 nostri
2047 3109 2132 3183 ab
2170 3133 2384 3184 onere
2431 3112 3010 3185 exercituacionis
3065 3123 3456 3208 exemptum

171 3209 364 3289 fuisse
416 3217 858 3312 accepimus:
911 3216 1069 3290 ideo
1123 3215 1467 3303 volumus,
1520 3225 1597 3288 vt
1649 3216 1710 3287 si
1761 3213 2190 3288 consvetudo
2261 3212 2644 3288 huiusmodi
2695 3216 2785 3286 ita
2842 3216 3164 3309 exigerit,
3235 3218 3457 3311 ipsum

174 3316 245 3390 ab
290 3316 679 3393 huiusmodi
731 3322 1287 3394 exercituacione
1341 3328 1730 3416 exemptum
1783 3327 1854 3392 et
1906 3326 2369 3414 supportatum
2431 3316 2689 3391 habere
2743 3316 3266 3414 relinquet-eque
3321 3317 3458 3392 de·-

173 3417 388 3498 beatis.
509 3421 732 3499 Secus
813 3445 950 3497 uon
1031 3421 1276 3496 facturi
1399 3419 1838 3497 Preseutibus
1916 3421 2239 3517 perlectis
2318 3418 2665 3496 exhibenti
2743 3423 3091 3496 restitutis.
3211 3421 3458 3494 Datum

173 3522 342 3600 Bude
392 3526 574 3602 feria
628 3528 840 3601 tercia
894 3523 1203 3623 proxima
1258 3536 1416 3600 ante
1467 3524 1717 3600 festum
1770 3523 1948 3598 beati
2005 3524 2322 3620 Gregorii
2371 3523 2579 3620 Pape.
2644 3524 2849 3600 Anno
2901 3525 3177 3599 Domini
3221 3522 3460 3598 Mille-

174 3630 329 3704 simo
397 3629 1075 3728 quadringentesimo
1144 3631 1595 3727 nonagesimo
1661 3639 1923 3726 quarto.
2000 3625 2398 3724 Regnorum
2469 3638 2856 3702 nostrorum
2925 3627 3274 3725 Hungarie
3329 3631 3459 3701 ατο.

169 3754 333 3808 anuo
385 3743 660 3831 quarto,
713 3734 1043 3810 Bohemie
1097 3754 1272 3809 vero
1325 3735 1665 3830 vigesimo
1719 3743 1983 3830 quarto.

1263 3962 1501 4041 (Locus
1540 3962 1752 4043 Siqo'ua'
1791 3961 1973 4043 Βορέα·
2016 3966 2362 4044 appr-essi)

172 4175 309 4250 (hig.
337 4181 501 4236 carth.
537 4182 590 4234 in
628 4180 854 4236 Archivo
889 4181 1057 4252 Regni
1092 4180 1350 4237 croatiae.
1403 4179 1539 4235 Priv.
1571 4177 1633 4233 E.
1669 4180 1755 4233 67.
