3950 5917
558 393 718 470 420

602 639 609 644 ·
871 601 1334 696 Septimo:
1460 596 1723 673 Salaria
1803 619 2013 694 porro
2090 596 2679 704 Administratoris
2759 608 2832 674 et
2883 599 3503 675 constituendorum
3577 605 3822 700 praevio

556 706 764 779 modo
839 704 1395 778 Comitatensium
1475 702 1879 776 officialium
1978 703 2201 776 taliter
2286 701 2585 798 benigue
2682 705 3190 782 ordinavimus..
3286 714 3359 778 ut
3425 704 3671 780 officii.
3704 706 3822 780 Su·

558 812 778 907 premi
851 809 1134 883 Comitis
1211 807 1739 882 Administrator
1807 803 2013 878 1000
2081 805 2178 897 0.,
2248 806 2725 882 vice-Comes
2797 806 2950 882 500
3002 808 3096 896 0.,
3173 806 3492 884 Notarius
3559 808 3706 881 300
3749 808 3825 901 fl„

558 911 921 1008 Generalis
1004 910 1268 987 Cassae
1344 911 1716 1009 Perceptor
1792 909 1946 984 300
1998 908 2093 1001 0.,
2172 909 2399 984 Judex
2473 910 2812 986 Nobilium
2867 912 3023 987 200
3073 910 3166 1002 0.,
3240 913 3518 987 Juratus
3585 912 3826 986 Asses-

556 1037 683 1093 σοι·
753 1017 904 1090 100
970 1014 1065 1107 0.,
1137 1016 1549 1089 Procurator
1625 1014 1896 1088 demum
1974 1014 2264 1089 Fiscalis
2337 1012 2487 1087 150
2554 1013 2621 1088 0.
2692 1014 3004 1090 habeant.
3106 1016 3501 1106 Praeterea,
3569 1026 3640 1089 ut
3704 1015 3829 1089 Co-

555 1125 829 1194 mitatus
909 1121 1191 1216 Equites
1271 1123 1476 1193 etiam
1548 1128 1618 1191 et
1684 1118 2039 1211 Hajdones
2115 1140 2239 1214 pro
2320 1122 2683 1192 exactione
2755 1117 3307 1211 Contributioni8‚
3384 1122 3830 1216 persecutione

556 1226 719 1298 item
772 1234 845 1298 et
895 1227 1385 1319 exstirpatione
1462 1221 1890 1295 Praedonem
1964 1222 2383 1317 aliorumque
2453 1221 2880 1297 Publicorum
2929 1222 3449 1296 Malefactorum
3488 1245 3834 1296 -necessa-

556 1331 731 1416 rios,
804 1351 959 1401 cum
1009 1326 1474 1424 superioribus
1529 1336 1599 1399 et
1650 1325 2057 1402 subalternis
2126 1325 2516 1400 Offcialibus
2589 1330 2758 1417 suis,
2825 1337 3027 1425 prout
3078 1337 3149 1400 et
3196 1327 3533 1401 Lictorem
3603 1336 3832 1419 teneat,

560 1432 1028 1529 Competentia
1098 1431 1345 1524 ijsdem
1414 1429 1679 1503 Salaria
1750 1440 1817 1503 et
1868 1431 2263 1525 respective
2324 1428 2717 1525 Stipendia,
2794 1434 3108 1527 proxime
3175 1453 3397 1527 aeque
3463 1429 3835 1523 regulando,

556 1540 811 1633 pariter
886 1546 1384 1632 percepturos3
1463 1537 1723 1607 interea
1778 1556 1949 1607 vero
2006 1543 2077 1605 et
2129 1532 2352 1606 donec
2429 1532 2677 1608 fundus
2755 1532 3466 1629 praespecificatorum
3545 1534 3834 1607 Salarie-
3903 1603 3904 1606 ,

556 1661 705 1712 rum
756 1642 825 1710 in
878 1649 1280 1736 praenotato
1331 1636 1662 1710 Comitatu
1719 1631 2019 1726 eruetur,
2090 1660 2184 1710 ex
2236 1637 2572 1710 Peculiari
2623 1642 2839 1732 gratia
2892 1637 3142 1711 Nostra
3199 1639 3462 1711 Salaria
3523 1636 3835 1731 ejusmodi

559 1742 645 1815 ab
701 1747 968 1816 aerario
1020 1742 1271 1817 Nostro
1326 1741 1546 1836 Regio
1628 1764 1844 1838 usque
1892 1742 2189 1814 ultimam
2241 1740 2643 1815 Decembris
2720 1741 2907 1814 Anni
2955 1741 3161 1815 futuri
3214 1740 3414 1815 1746
3471 1742 3672 1838 pendi
3718 1764 3836 1813 cu-

555 1845 876 1920 rabimus.
964 1847 1022 1918 E
1079 1856 1313 1919 contra
1385 1855 1609 1917 autem
1680 1868 1805 1942 pro
1874 1843 2390 1918 indemnisando
2472 1844 2768 1919 Aerario
2838 1844 3092 1919 Nostro
3163 1845 3344 1919 Salis
3415 1848 3482 1920 in
3554 1845 3836 1919 Sclavo-

556 1953 671 2023 nia
727 1960 798 2024 et
849 1951 1150 2048 syrmio,
1232 1958 1301 2024 et
1353 1948 1620 2046 quidem
1676 1953 1872 2022 unius
1929 1951 2235 2057 cpjusvis
2304 1948 2552 2022 ibidem
2632 1949 3047 2024 distrahendi
3118 1948 3503 2041 Centenarij
3575 1952 3835 2045 pretium

556 2057 628 2126 in
668 2054 765 2126 15
802 2077 918 2146 x.‚
974 2077 1012 2126 a
1070 2055 1137 2127 1.
1173 2053 1332 2126 Julii
1386 2057 1545 2126 anni
1590 2056 1925 2126 currentis
1976 2075 2195 2148 usque
2249 2051 2450 2125 finem
2503 2052 2909 2126 Decembris
2960 2052 3143 2126 Anni
3195 2053 3396 2125 1750
3449 2052 3834 2126 elevandum

560 2158 996 2233 resolvimus.
1100 2157 1483 2252 Diligenter
1550 2167 1776 2230 autem
1844 2155 2294 2251 invigilabant
2358 2155 2648 2252 praefati
2717 2156 3095 2230 Comitatus
3147 2155 3521 2247 officiales,
3591 2179 3677 2229 ne
3725 2155 3836 2228 Sal

558 2265 886 2355 marinus,
968 2284 1170 2357 quem
1249 2265 1544 2358 positive
1598 2264 1667 2333 in
1724 2259 2034 2334 omnibus
2112 2260 2305 2333 bisce
2358 2260 2569 2333 tribus
2625 2258 3067 2344 Comitatibus
3146 2260 3433 2333 inhiberi
3510 2261 3834 2349 volumus,

560 2388 648 2438 eo
702 2365 1057 2439 inducatur
1110 2375 1180 2438 et
1229 2365 1630 2453 invehatur3
1685 2363 2074 2457 Congruum
2127 2363 2414 2453 idcirco,
2486 2365 2641 2436 dum
2697 2373 2767 2438 et
2817 2364 3085 2461 quando
3137 2386 3255 2439 res
3309 2367 3550 2459 exigit,
3617 2385 3840 2436 reme-

560 2469 740 2542 dium
791 2480 863 2543 et
911 2473 1381 2567 provisionem
1433 2467 1712 2557 facturi,
1794 2466 2324 2563 Constitutisque
2393 2467 2645 2541 ibidem
2697 2462 2888 2560 Salis,
2933 2467 3347 2543 officialibus
3415 2471 3665 2543 nostris
3711 2489 3839 2540 ne·-

556 2578 938 2649 cessariam
995 2596 1082 2647 eo
1137 2573 1299 2666 fine,
1353 2571 1468 2646 ubi
1521 2593 1693 2670 opus
1745 2570 1974 2661 fuerit,
2028 2575 2488 2646 assistentiam
2541 2571 2929 2669 praebituri.

868 2729 1268 2801 Octavoz
1349 2727 1680 2815 Quoniam
1734 2750 1909 2802 vero
1959 2730 2030 2798 in
2084 2726 2329 2821 Regno
2363 2725 2616 2803 Nostro
2668 2726 3060 2821 Hungariae
3115 2750 3199 2800 ea
3253 2726 3738 2801 observaretur
3777 2727 3840 2802 in

554 2835 952 2930 praemissis
1033 2831 1416 2921 modulans.
1492 2831 1670 2927 quod
1746 2834 1967 2927 quivis
2023 2828 2394 2904 Comitatus
2473 2830 2823 2928 Supremis
2900 2829 3268 2906 Comitibus
3322 2841 3392 2904 et
3442 2827 3841 2903 officialibus

559 2938 703 3010 suis
757 2935 1044 3031 alijsque
1108 2934 1571 3010 Servitoribus
1626 2933 2196 3009 comitatensibus
2276 2933 2743 3030 Competentia
2797 2934 3060 3007 Salaria
3113 2958 3208 3009 ex
3259 2932 3474 3007 Cassa
3531 2956 3656 3008 sua
3699 2933 3841 3005 Do-

555 3042 841 3113 mestica
880 3041 1256 3136 persolvat,
1308 3040 1728 3128 Hinc,‘mox
1779 3038 1892 3111 ubi
1934 3042 2484 3135 praenominatus
2535 3037 2908 3113 Comitatus
2963 3038 3188 3112 debito
3225 3038 3430 3112 modo
3482 3037 3842 3133 Regulatus

558 3151 629 3215 et
677 3141 1077 3238 Magistratu
1133 3165 1259 3218 suo
1313 3147 1678 3217 instructus
1732 3143 1958 3233 fuerit,
2027 3141 2208 3216 idem
2261 3165 2427 3216 mox
2480 3165 2632 3215 earn
2688 3142 3161 3217 Provisionem
3231 3142 3464 3231 faciet,
3535 3150 3610 3214 ut
3657 3164 3696 3213 a
3745 3140 3842 3212 dic

557 3245 630 3320 1.
682 3246 1031 3341 Jannuarij
1086 3247 1270 3320 Anni
1326 3245 1527 3320 1747
1582 3254 1661 3320 et'
1705 3250 1808 3320 sic
1856 3247 2295 3343 imposterum
2349 3269 2622 3344 semper
2673 3270 2766 3319 ex
2823 3246 3037 3320 Cassa
3077 3269 3198 3320 sua
3247 3247 3646 3319 Domestica
3696 3246 3844 3316 uni·-

552 3371 765 3423 versa
820 3351 1111 3436 Salaria.
1164 3349 1511 3450 Stipendia
1567 3355 1728 3424 item
1783 3373 2062 3424 suorum
2114 3349 2392 3423 Militum
2448 3361 2519 3424 et
2562 3353 2730 3426 alias
2786 3353 3067 3447 quasvis
3121 3351 3565 3447 particulares
3620 3347 3844 3422 Comi·-

554 3463 734 3529 tatus
779 3453 1144 3552 Expensas
1197 3455 1589 3553 persolvat3
1642 3455 1932 3528 eandem
1986 3464 2212 3527 tamen
2268 3453 2554 3528 Cassam
2589 3454 3053 3528 Domesticam
3107 3477 3260 3526 cum
3305 3450 3844 3528 Contributionali

553 3556 992 3652 Magistratus
1045 3583 1384 3656 nunquam
1440 3562 1871 3633 commisceri
1924 3569 1994 3632 et
2047 3557 2369 3631 confundi
2421 3559 2747 3649 admittet,
2802 3558 2927 3632 sed
2983 3567 3338 3655 separatas
3391 3567 3461 3630 et
3514 3556 3844 3630 distinctas

556 3660 643 3733 ab
682 3672 965 3760 utraque
1004 3659 1221 3738 Cassa
1259 3686 1297 3736 a
1336 3663 1749 3760 Perceptore
1805 3685 1930 3737 suo
1968 3661 2299 3735 Rationes
2353 3666 2710 3757 quotannis
2764 3661 3383 3758 indispensabiliter
3432 3671 3844 3758 quantocyus

551 3768 816 3861 exigat,
872 3778 1158 3840 exactas
1211 3766 1525 3841 revideat
1578 3777 1644 3840 et
1699 3776 2046 3854 censurat,
2096 3776 2496 3840 censuratas
2548 3788 2723 3841 vero
2777 3770 3123 3862 utriusque
3177 3766 3449 3839 Ordinis
3503 3765 3844 3852 Rationes,

549 3879 708 3944 esto
764 3869 848 3943 ab
900 3874 1199 3945 invicem
1278 3881 1660 3967 separaum,
1740 3874 2131 3943 connexive
2209 3880 2438 3943 tamen
2491 3893 2572 3945 se
2636 3869 2993 3960 habentes.
3055 3873 3128 3943 in
3180 3873 3468 3964 geminis
3551 3867 3842 3954 Parthus,

548 3972 798 4067 Sigillo
837 3973 1210 4049 Comitatus
1247 3984 1318 4047 et
1356 3974 1855 4070 subscriptione
1888 3973 2494 4068 Magistratualium
2536 3974 3054 4066 authenticatas‚
3091 3973 3311 4068 Regio
3346 3973 3846 4047 Locumteuen-

546 4078 695 4150 tiali
747 4075 1051 4152 Consilio
1102 4079 1496 4173 Hungarico
1548 4079 1943 4168 Posonium,
2026 4079 2113 4151 de
2163 4076 2379 4151 Cassa
2433 4088 2656 4152 autem
2710 4078 3107 4152 Domestica
3163 4077 3536 4152 Comitatus
3593 4098 3846 4151 sonan-

546 4188 661 4254 tes
707 4185 1036 4271 rationes,
1089 4185 1157 4254 in
1196 4183 1397 4255 simili
1447 4182 1841 4277 Exemplari
1896 4185 2099 4254 etiam
2154 4180 2463 4255 fidelibus
2499 4181 2799 4255 Statibus
2837 4193 2909 4255 et
2942 4182 3303 4256 Ordinibus
3349 4182 3577 4276 Regni
3633 4178 3848 4255 Nostn'

546 4283 877 4359 Froatiae
932 4287 1220 4381 singulis
1274 4290 1469 4360 annis
1524 4284 1884 4359 submittet.
1992 4285 2360 4358 Praeterea

862 4439 928 4513 N
946 4464 1165 4516 ono:
1221 4441 1570 4538 Siquidem
1602 4440 1861 4536 Regias
1897 4441 2312 4516 Tricesimas
2366 4451 2636 4534 nostras
2689 4440 3018 4515 hactenus
3054 4444 3123 4514 in
3160 4440 3402 4514 finibus
3441 4440 3845 4514 Sclavoniae

540 4543 890 4620 adversus
943 4545 1358 4641 Huugariam
1413 4555 1483 4619 et
1535 4543 1873 4619 Croatiam
1946 4544 2235 4636 habitas,
2306 4544 2507 4631 facta,
2561 4545 2774 4618 semel
2836 4548 3389 4641 incorporatione
3458 4568 3586 4642 per
3641 4543 3844 4616 Com-

544 4651 907 4724 missarios
976 4648 1269 4725 Nostros
1338 4649 1628 4744 Regios,
1720 4648 1877 4722 inde
1929 4648 2073 4721 tolli
2127 4658 2198 4722 et
2249 4648 2336 4721 ad
2389 4644 2695 4722 Confinia
2774 4671 3023 4723 versus
3100 4650 3460 4722 Turcicum
3539 4645 3843 4745 ponenda

536 4753 931 4842 transferri,
992 4754 1277 4828 Telonia
1330 4757 1605 4826 veroin
1641 4752 1866 4826 medio
1920 4752 2170 4848 Syrmij
2220 4763 2291 4826 et
2334 4751 2751 4826 Sclavoniae
2800 4751 3184 4850 reperibilia
3240 4775 3572 4849 eousque,
3631 4752 3841 4825 donec

549 4879 679 4952 per
750 4856 1217 4952 Magistratum
1298 4856 1851 4945 Comitatensem,
1924 4856 2010 4929 ad
2082 4859 2507 4950 exigentiam
2571 4856 2829 4951 Legum
2910 4867 3194 4931 eatenus
3273 4861 3712 4945 sancitorum,
3778 4861 3841 4922 et

533 4962 905 5055 :signanter
969 4960 1427 5035 Articulorum
1500 4961 1618 5034 15.
1693 4959 1893 5034 1715
1949 4970 2020 5033 et
2068 4961 2298 5033 itidem
2355 4961 2472 5033 15.
2545 4958 2776 5052 1723,
2853 4984 2990 5033 nec
3040 4984 3176 5035 non
3231 4960 3352 5033 28.
3415 4959 3837 5033 Novissimac

549 5063 823 5155 Dictae,
892 5064 1401 5155 revidebuntur‚
1472 5074 1541 5138 et
1594 5088 1768 5161 quae
1821 5064 2121 5137 tollenda
2175 5074 2353 5156 sunt,
2408 5065 2749 5156 tollentur,
2822 5075 2891 5137 et
2943 5064 3341 5140 stabilienda
3411 5064 3842 5150 stabilientur,

549 5167 1072 5269 vectigaliaque
1124 5168 1498 5244 eorundem
1548 5168 2025 5259 limitabuutur‚
2077 5172 2146 5241 in
2192 5179 2369 5241 statu
2403 5191 2537 5265 quo
2575 5169 3013 5266 relinquenda
3058 5192 3221 5243 esse
3265 5167 3562 5263 benigne
3613 5165 3837 5240 resol-

544 5277 937 5348 vissemus:
992 5273 1158 5348 Ideo
1213 5272 1606 5370 saepefatus
1656 5271 2092 5367 Magistratus
2144 5276 2212 5344 in
2258 5277 2520 5366 gremio
2576 5277 2681 5345 sui
2735 5277 2938 5345 etiam
2990 5272 3367 5369 praefatam
3410 5273 3832 5346 Teloniormu

546 5379 977 5449 ‚revisionem
1052 5381 1454 5451 successive
1509 5388 1809 5451 assumet
1860 5386 1930 5449 et
1981 5387 2294 5471 peraget,
2371 5380 2838 5474 rationemque
2889 5377 3147 5451 idcirco
3198 5374 3506 5451 fidelibus
3553 5372 3841 5449 Statibus
