3950 5917
524 411 679 491 3²4

524 618 749 694 castri
800 617 1092 692 Kemlek
1140 618 1228 692 ab
1282 621 1440 694 olim
1493 631 1855 719 exemptos
1926 629 1999 693 et
2046 618 2398 693 libertates
2457 617 2676 693 fuisse
2727 622 3222 715 comperisset:
3297 618 3464 691 ideo
3515 618 3810 693 fidelitati

523 720 811 821 praefati
863 722 1156 796 Ladislai
1194 724 1405 799 Ducis
1449 724 1524 798 S.
1561 724 1791 798 Sabae
1843 723 2213 797 earundem
2264 723 2664 796 Litterarum
2718 745 2992 797 suarum
3047 727 3229 796 serie
3279 721 3559 797 firmiter
3608 746 3807 796 man-

522 828 795 901 dasset:
853 826 1201 913 Quatenus
1256 850 1297 901 a
1351 838 1510 901 tunc
1559 833 1629 901 in
1679 837 2030 924 posterum
2079 826 2428 924 praefatos
2473 826 2764 900 Nobiles
2799 836 3035 899 contra
3086 830 3544 924 praescriptas
3578 848 3804 901 eorum

519 931 899 1005 Libertates
970 939 1044 1003 et
1089 931 1256 1004 Jura
1322 931 1411 1004 ad
1463 932 1870 1006 solutionem
1938 930 2322 1006 huiusmodi
2390 927 2734 1005 Ceusuum
2805 952 2931 1004 seu
2999 939 3310 1003 taxarum
3381 939 3651 1003 arctare
3701 932 3810 1003 vel

522 1033 942 1130 compellere
994 1034 1111 1108 vel
1182 1056 1309 1110 eos
1379 1046 1742 1132 propterea
1809 1039 1878 1108 iu
1948 1038 2265 1132 personis
2330 1032 2672 1130 rebusque
2742 1043 2812 1106 et
2878 1033 3089 1108 Bonis
3158 1055 3397 1106 eorum
3465 1033 3806 1129 quibusvis

522 1138 880 1234 impedire,
934 1139 1327 1226 molestare,
1381 1160 1504 1212 seu
1559 1142 1806 1236 quovis
1857 1138 2064 1212 modo
2136 1137 2571 1212 damnificare
2623 1159 2956 1234 nusquam
3009 1148 3079 1210 et
3129 1159 3550 1233 nequaquam
3604 1160 3810 1233 prae-

519 1252 847 1330 sumeret,
900 1263 1034 1314 nec
1087 1253 1278 1316 esset
1329 1265 1538 1316 ausus
1590 1243 1795 1316 modo
1866 1242 2157 1338 aliquali.
2261 1240 2583 1337 Alioquin
2655 1244 3024 1314 comiserat
3074 1252 3144 1314 et
3196 1240 3563 1315 earundem
3639 1246 3810 1315 serie

520 1350 818 1421 strictius
889 1348 1160 1420 comisit
1227 1344 1537 1420 fidelibus
1591 1350 1734 1422 suis
1786 1347 1996 1419 Bonis
2047 1346 2164 1420 vel
2214 1345 2390 1418 Vice
2441 1345 2648 1430 Banis
2715 1349 3114 1441 praescripti
3162 1344 3388 1440 Regni
3448 1348 3552 1419 sui
3607 1344 3808 1417 Scla-

517 1453 798 1540 voniae‚
879 1458 1039 1521 tunc
1117 1453 1497 1522 constitutis
1568 1460 1639 1524 et
1704 1454 1774 1523 in
1843 1449 2138 1524 futurum
2217 1448 2728 1537 sonstituendis,
2798 1459 2872 1520 ut
2936 1452 3069 1545 ipsi
3119 1458 3478 1523 annotatos
3529 1448 3808 1522 Nobiles

517 1575 735 1652 penes
787 1552 1172 1643 hujusmodi
1221 1551 1575 1628 libertates
1613 1576 1850 1627 eorum
1897 1563 2135 1626 contra
2186 1556 2404 1649 ipsum
2460 1553 2721 1625 Ducem
2762 1555 2964 1638 tueri.
3015 1562 3383 1648 protegere
3438 1562 3507 1626 et
3559 1553 3810 1625 defen-

519 1659 688 1732 dere
774 1680 858 1729 ac
935 1656 1340 1730 indemniter
1406 1667 1848 1731 manutenere
1901 1656 2281 1744 deberent3
2383 1655 2813 1728 Authoritate
2868 1679 2991 1730 sua
3043 1659 3212 1752 ipsis
3282 1661 3351 1729 in
3423 1657 3555 1728 hac
3627 1667 3810 1752 parte

518 1760 833 1834 attributa
886 1771 957 1833 et
1000 1763 1258 1851 justitia
1312 1761 1673 1833 mediante.
1743 1761 1937 1834 Haec
1989 1771 2212 1832 autem
2256 1760 2594 1834 voluisset
2635 1763 2838 1832 etiam
2890 1781 3013 1855 per
3050 1759 3315 1833 futuros
3366 1781 3811 1854 possessores

516 1864 826 1939 eiusdem
883 1862 1104 1936 Castri
1155 1862 1445 1936 Kemlek
1508 1864 1787 1938 firmiter
1854 1865 2236 1938 observari.
2340 1863 2567 1936 Tertia
2624 1885 2797 1935 vero
2860 1863 3255 1952 earundem,
3307 1874 3464 1959 puta
3537 1863 3812 1936 antefati

517 1968 813 2042 condam
864 1967 1075 2040 Ulrici
1155 1966 1369 2041 Ciliae
1422 1967 1703 2041 Comitis
1776 1978 1847 2041 et
1896 1967 2123 2062 Regni
2195 1967 2611 2040 Sclavoniae
2662 1967 2832 2038 Beni
2884 1966 3163 2056 Littera,
3234 1966 3360 2039 sub
3414 1967 3815 2063 appendenti

517 2072 760 2167 Sigillo
838 2072 1172 2158 eiusdem.
1251 2070 1450 2146 Crisii
1531 2081 1735 2144 sexto
1788 2072 1901 2144 die
1954 2071 2090 2144 diei
2159 2070 2379 2145 feriae
2463 2069 2811 2144 secundae
2863 2073 3237 2166 proximae
3288 2080 3446 2166 post
3514 2070 3815 2144 Octavus

515 2175 679 2249 festi
746 2174 925 2247 beati
997 2173 1349 2248 Michaelis
1419 2174 1842 2268 Archangeli
1916 2178 1988 2247 in
2056 2174 2264 2247 Anno
2336 2174 2607 2246 Domini
2691 2173 2889 2246 1449
2963 2174 3186 2262 edita„
3266 2174 3531 2248 habens
3598 2178 3671 2247 in
3740 2196 3816 2248 se

517 2277 961 2377 approbativa
1013 2288 1323 2351 tenorem
1378 2279 1795 2372 quarundam
1844 2277 2250 2351 Litterarum
2321 2277 2767 2350 Dominorum
2810 2277 3301 2365 Praelatorum.
3355 2279 3697 2350 Baronum
3748 2287 3820 2347 et

515 2384 886 2456 Procerum
937 2381 1163 2475 Regni
1205 2381 1596 2476 Hungariae
1644 2387 2145 2470 universorum,
2201 2381 2508 2453 similiter
2556 2381 3103 2478 privilegialium‚
3156 2381 3268 2454 hic
3336 2380 3568 2454 Budae
3615 2384 3814 2454 tertio

512 2487 629 2560 die
679 2485 899 2566 feriae
970 2484 1317 2558 secundae
1376 2489 1734 2580 proximae
1801 2496 1958 2582 post
2024 2485 2273 2558 festum
2346 2484 2540 2558 Beati
2609 2484 2791 2557 Petri
2854 2495 2925 2557 et
2974 2485 3166 2558 Pauli
3215 2485 3702 2580 Apostolorum
3745 2486 3812 2554 in

518 2590 1075 2685 Congregatione
1136 2589 1402 2661 scilicet
1469 2588 1777 2683 generali
1846 2612 2082 2662 eorum
2164 2592 2628 2677 existentium,
2683 2592 2750 2661 in
2821 2587 3001 2662 dicto
3054 2589 3259 2662 Anno
3294 2590 3566 2662 Domini
3622 2587 3814 2661 1449

517 2703 856 2784 emanata,
917 2695 1096 2765 inter
1145 2702 1422 2766 caetera
1475 2690 1941 2786 specificabat.=
2057 2691 2256 2779 Quod
2307 2693 2469 2765 licet
2519 2691 2689 2764 alias
2742 2693 3079 2788 quondam
3133 2693 3463 2767 Dominus
3513 2690 3816 2765 Benedi-

516 2808 673 2872 ctus
721 2795 1105 2892 Episcopus
1157 2794 1523 2869 Ecclesiae
1578 2795 2062 2890 Zagrabiensis
2126 2795 2475 2893 praefatos
2528 2795 2811 2869 Nobiles
2866 2798 3035 2870 alias
3089 2795 3497 2870 Castrenses
3552 2796 3643 2869 ad
3695 2817 3816 2869 so-

515 2903 842 2974 lutionem
891 2900 1303 2973 decimarum
1368 2900 1783 2997 compellere
1837 2910 1907 2972 et
1957 2901 2385 2995 adstringere
2436 2901 2756 2989 voluerit,
2808 2899 3068 2972 Tamen
3137 2905 3290 2995 quia
3343 2900 3546 2974 iidem
3601 2899 3820 2973 Nobi-

509 3004 621 3078 les
670 3024 796 3100 per
836 3002 1213 3101 praefatum
1266 3002 1605 3098 quondam
1648 3001 2155 3098 sigismundum
2199 3003 2464 3098 Regem
2515 3025 2560 3076 a
2611 3007 3031 3100 praescripto
3085 3003 3578 3077 conditionario
3641 3025 3821 3075 nexu

514 3117 588 3180 et
630 3109 805 3200 jugo
876 3109 1221 3180 servitutis
1284 3107 1487 3179 modo
1541 3118 1947 3204 praenarato
2002 3111 2300 3203 exempti
2354 3118 2425 3180 et
2474 3106 2764 3180 libertati
2834 3111 3263 3195 extitissent3
3367 3106 3552 3180 Idem
3626 3111 3822 3180 etiam

514 3209 855 3307 quondam
908 3210 1239 3283 Dominus
1293 3207 1768 3304 sigismundus
1820 3210 1980 3285 Rex
2048 3211 2332 3284 eosdem
2383 3210 2667 3284 Nobiles
2712 3221 2781 3283 et
2827 3234 3063 3284 eorum
3113 3221 3431 3307 posteros
3516 3209 3822 3284 omnibus

515 3314 894 3411 privilegiis
914 3367 937 3405 ,
1009 3317 1245 3406 gratiis
1317 3324 1391 3385 et
1459 3313 2006 3410 exemptionibus
2075 3325 2147 3389 et
2212 3313 2630 3389 libertatibus
2684 3315 2772 3388 ad
2839 3319 3072 3389 instar·
3106 3325 3534 3389 caeterorum
3607 3314 3826 3406 Regni

517 3419 936 3492 Selavoniae
1005 3417 1345 3490 Nobilium
1415 3421 1763 3514 perpetuis
1835 3416 2252 3515 temporibus
2321 3418 2453 3490 frui
2521 3429 2594 3491 et
2657 3418 2963 3512 gaudere
3014 3422 3320 3513 gratiose
3371 3421 3822 3515 permisisset,

516 3522 685 3595 {deo
764 3525 988 3611 sicuti,
1044 3523 1305 3596 caeteri
1356 3524 1509 3596 veri
1559 3520 1842 3597 Nobiles
1903 3523 2302 3617 Regnorum
2364 3521 2756 3616 Hungariae
2810 3533 2878 3594 et
2948 3523 3364 3595 Sclavoniae
3399 3545 3646 3596 eorum
3700 3544 3829 3593 an-

516 3629 701 3723 tiqua
756 3625 1064 3700 libertate
1116 3647 1157 3698 a
1210 3625 1409 3699 Divis
1460 3624 1768 3718 Regibus
1817 3625 2211 3719 Hungariae
2270 3627 2374 3699 eis
2425 3630 2729 3721 gratiose
2782 3647 3149 3713 concessa,
3202 3650 3242 3698 a
3297 3627 3642 3699 solutione
3698 3624 3826 3698 de-

516 3734 844 3803 cimarum
897 3731 1199 3826 exempti
1254 3737 1324 3800 et
1375 3733 1745 3825 supportati
1796 3727 2127 3802 fuissent:
2182 3732 2286 3801 sic
2344 3738 2415 3802 et
2464 3733 2595 3825 ipsi
2645 3728 2929 3803 Nobiles
2983 3731 3164 3804 alias
3208 3728 3624 3803 castrenses
3680 3731 3829 3800 ma-

515 3836 688 3906 ioris
758 3833 1050 3907 Kemlek
1103 3831 1189 3905 ab
1245 3835 1427 3905 omni
1482 3833 1822 3905 solutione
1891 3833 2324 3906 Decimarum
2392 3833 2888 3929 praedictarum
2965 3837 3097 3931 ipsi
3144 3833 3481 3930 quondam
3534 3835 3829 3906 Domino

512 3934 892 4011 Benedicto
959 3935 1311 4033 Episcopo
1378 3933 1745 4010 Ecclesiae
1818 3934 2303 4028 Zagrabiensis
2356 3946 2428 4009 et
2479 3941 2621 4010 suis
2692 3937 3213 4011 successoribus
3288 3939 3531 4028 lienda
3621 3937 3832 4009 liber-

510 4043 737 4115 tasset
787 4050 856 4113 et
924 4048 1386 4114 exonerasset
1438 4049 1509 4112 et
1577 4041 1822 4114 eadem
1888 4040 2226 4131 libertate
2296 4061 2428 4136 qua
2480 4046 2632 4115 veri
2703 4041 2984 4114 Nobiles
3052 4042 3379 4114 dictorum
3432 4042 3835 4134 Regnorum

514 4145 907 4269 Hungariae
962 4154 1031 4216 et
1084 4144 1501 4216 Sclavoniae
1553 4143 1686 4216 frui
1740 4154 1811 4217 et
1860 4145 2166 4239 gaudere
2220 4148 2536 4217 consveti
2587 4144 2902 4234 fuissent,
2955 4148 3086 4242 ipsi
3135 4144 3417 4219 Nobiles
3470 4155 3544 4218 et
3597 4165 3833 4218 eorum

514 4252 841 4322 universa
892 4251 1269 4343 posteritas
1319 4249 1416 4319 uti
1467 4256 1539 4320 et
1589 4246 1723 4320 frui
1774 4247 2056 4337 debere
2124 4270 2258 4321 nec
2307 4270 2599 4344 unquam
2653 4249 2741 4322 ad
2794 4250 3202 4322 solutionem
3262 4253 3834 4345 praescriptarum

513 4352 933 4425 decimarum
988 4351 1216 4447 quoad
1267 4371 1604 4448 personas
1642 4361 1713 4425 et
1764 4350 2007 4426 Curias
2042 4374 2126 4424 ac
2167 4352 2427 4424 Domos
2479 4355 2780 4448 ipsorum
2833 4356 3165 4448 proprias
3221 4353 3512 4451 demptis
3564 4351 3836 4427 Jobba-

512 4455 857 4552 gyonibus
934 4458 1264 4552 ipsorum,
1366 4476 1494 4549 per
1571 4453 1952 4551 praefatum
2034 4455 2412 4550 quondam
2461 4456 2821 4529 Dominum
2873 4456 3339 4529 Benedictum
3420 4456 3832 4552 Episcopum

514 4562 804 4656 eiusque
883 4581 1334 4634 successores
1417 4558 1645 4632 dictae
1734 4557 2099 4633 Ecclesiae
2170 4558 2653 4652 Zagrabiensis
2723 4560 3104 4656 Episcopos
3176 4561 3490 4655 compelli
3574 4572 3652 4632 et
3721 4583 3836 4629 ar-

513 4666 686 4736 ctari
736 4685 950 4761 posse
1003 4664 1118 4736 vel
1171 4662 1427 4735 debere
1473 4662 1896 4753 judicialiter
1949 4663 2396 4735 decrevisset.
2453 4663 2710 4749 Quibus
2748 4664 3090 4738 exhibitis.
3145 4663 3430 4759 praefati
3482 4663 3831 4736 Procura-

514 4776 705 4840 tores
759 4766 1087 4841 dictorum
1142 4765 1482 4840 Nobilium
1540 4765 1845 4839 Actores
1916 4766 2179 4839 eisdem
2231 4789 2356 4863 per
2408 4767 2553 4840 Nos
2617 4771 2686 4840 in
2740 4772 3135 4865 praemissis
3198 4770 3373 4861 juris
3426 4773 3832 4863 aequitaoen

510 4873 936 4968 postularunt
1004 4873 1347 4967 impertiri.
1455 4868 1613 4956 Quo
1687 4870 1919 4943 audito
1989 4870 2346 4944 Emericus
2428 4870 2517 4945 de
2568 4870 2832 4962 Recbe,
2910 4894 3033 4971 pro
3107 4881 3483 4945 memorato
3553 4872 3834 4945 Andrea

508 4974 688 5049 Both
740 4975 827 5049 de
880 4974 1141 5071 Bayna.
1196 4996 1351 5048 cum
1403 4973 1702 5070 praefati
1781 4975 2058 5048 Domini
2111 4978 2327 5048 nostri
2394 4974 2610 5069 Regis
2660 4974 2932 5050 Litteris
2998 4978 3480 5071 procuratoriis
3532 4986 3832 5048 nostram

510 5101 863 5174 exurgens
907 5083 976 5151 in
1013 5081 1498 5175 praesentiam.
1550 5080 1617 5151 in
1657 5077 1758 5151 Co
1782 5083 2108 5153 utrarium
2155 5082 2682 5174 praemissorum
2735 5079 2909 5153 Octo
2972 5079 3285 5168 Litteras,
3338 5101 3540 5152 unam
3577 5082 3834 5152 scilieet

511 5183 676 5256 dicti
728 5182 1065 5277 quondam
1118 5182 1391 5258 Domini
1462 5181 1717 5277 Sigism
1740 5183 1901 5256 undi
1974 5182 2190 5277 Regis
2258 5184 2752 5278 privilegialem
2821 5186 3074 5278 pariter
3126 5194 3197 5257 et
3269 5180 3832 5256 confirmatoriam

514 5295 591 5356 et
658 5285 858 5356 aliam
927 5286 1264 5379 quondam
1335 5286 1613 5360 Domini
1708 5286 2005 5360 Mathiae
2073 5285 2288 5380 Regis
2357 5290 2922 5383 praeceptorium,
2993 5291 3258 5360 tertiam
3314 5297 3482 5360 vero
3551 5284 3838 5382 Capituli

514 5384 883 5462 Ecclesiae
934 5387 1439 5482 Zagrabiensis.
1477 5389 1964 5483 fassionaleun
2018 5401 2324 5486 quartam
2377 5403 2601 5465 antem
2665 5392 3011 5488 'quondam
3079 5391 3374 5465 mathi-0
3425 5390 3520 5486 dej
3559 5389 3836 5464 Bosana
