3950 5917
471 421 624 506 ἴω

467 641 772 729 inuata,
825 642 897 712 ui
945 641 1262 735 recipere
1311 629 1850 714 consveuissent
1907 647 1981 713 et
2030 647 2478 738 extorquere,
2532 640 2604 712 in
2647 630 2954 737 ipsorum
3022 629 3189 714 iuris
3240 638 3506 735 grande
3572 639 3805 714 dero-³

465 759 746 838 gamoni,
823 743 1488 838 oppressionemque
1563 763 1706 816 non
1775 740 2139 815 modicam.
2240 740 2731 840 Supplicsutes
2808 741 3064 817 exinde
3142 741 3273 817 sibi
3341 763 3469 840 per
3526 764 3660 817 nos
3710 763 3801 817 ac

469 844 692 919 dictos
742 843 1058 919 Prolatos
1094 854 1166 918 et
1198 844 1511 918 Berones
1563 854 1844 918 nostros
1895 854 2158 919 certam
2207 843 2678 920 limitationem
2731 855 2803 919 et
2836 844 3354 943 dispositionem
3406 844 3560 919 fieri
3610 867 3801 919 oon-

467 945 853 1021 decentem.
956 947 1097 1043 Ipsi
1154 951 1384 1043 itaque
1437 946 1688 1021 Prolati
1740 945 1814 1021 e't
1862 947 2176 1022 Berones
2254 951 2500 1039 sesni,
2580 949 2781 1023 simul
2850 971 3009 1022 cnm
3060 948 3258 1022 dictis
3327 953 3529 1043 regni
3578 952 3801 1022 nostri

464 1049 831 1141 nobilibus,
883 1049 1113 1123 babiio
1167 1050 1536 1148 superinde
1589 1048 2039 1124 deliberatiuo
2093 1052 2385 1124 consilio
2437 1061 2511 1125 et
2559 1061 2873 1138 ιηοιαῐιι,
2925 1052 3153 1125 taliter
3203 1051 3544 1125 duxeruut
3594 1050 3803 1124 oidi-

466 1154 792 1245 nsndum‚
845 1164 920 1226 et
959 1153 1367 1226 'ordinarunt
1434 1157 1736 1227 vnanimi
1805 1154 2181 1244 uoluntate,
2252 1164 2330 1227 vt
2382 1154 2561 1227 dictu
2618 1153 2923 1251 Gspitula
2978 1164 3049 1228 et
3098 1153 3347 1251 prefati
3399 1151 3800 1227 Conueutns

464 1256 554 1328 de
589 1258 878 1351 singulis
913 1257 1153 1330 litteris
1191 1260 1634 1349 enooston‘is,
1682 1258 2252 1351 proclamator-iis..
2307 1260 2680 1330 statutoriis
2718 1268 2787 1331 et
2822 1255 3394 1348 reambnlatoriis,
3444 1260 3514 1330 iu
3551 1255 3803 1354 quibus

468 1360 734 1434 scilicet
797 1358 1248 1433 contradictio
1312 1369 1549 1432 secuta
1601 1359 1834 1449 fuerit,
1885 1363 2049 1433 item
2103 1361 2576 1456 expeditur-iis,
2646 1359 3108 1457 prohibitor-iis
3161 1371 3234 1433 et
3280 1359 3801 1450 fassionaiibus,

463 1484 678 1558 super
726 1461 913 1536 facto
966 1463 1290 1537 uidelicet
1338 1465 1894 1560 possessionarie
1924 1467 2564 1559 «impignorationis,
2617 1473 2689 1536 et
2741 1463 3127 1537 huiusmodi
3194 1473 3510 1559 patenter
3557 1472 3801 1558 vtpuis

467 1565 895 1656 emansndis
965 1568 1277 1661 singulos
1329 1569 1569 1660 uiginti
1619 1577 1913 1662 quatuor
1964 1566 2287 1639 denudes
2341 1588 2594 1656 nonos
2656 1565 2746 1639 de
2798 1567 3218 1662 simplicibus
3273 1588 3442 1640 uero
3494 1568 3799 1661 inquisi-

464 1672 664 1742 toriis
714 1680 785 1742 et
836 1670 988 1743 aliis
1061 1669 1527 1743 consimilibus
1580 1670 1818 1745 clause
1870 1668 2114 1743 dandis
2169 1667 2479 1764 angulos
2531 1619 2893 1743 duodecim
2948 1669 3298 1759 denarios
3362 1668 3450 1741 de
3504 1670 3799 1763 priuile-

469 1771 763 1866 gialibus
844 1795 1116 1867 quoque
1181 1782 1255 1846 et
1315 1793 1525 1869 super
1587 1777 2042 1869 perpetuitate
2122 1775 2675 1867 possessiouaria
2756 1772 3250 1847 constituendis
3324 1782 3596 1845 centum
3661 1771 3801 1844 de-

467 1877 729 1965 uarios
783 1874 992 1949 bomo
1048 1885 1273 1948 autem
1326 1879 1542 1971 ipsius
1597 1873 1892 1974 Capituli
1937 1877 2053 1948 uel
2107 1873 2530 1965 Gonuentus
2586 1879 2700 1971 qui
2749 1877 2837 1949 ad
2881 1876 3235 1951 faciendas
3288 1878 3793 1970 inquisitiones,

465 1982 944 2068 euoestiones
999 1982 1405 2052 statutiones
1458 1989 1530 2053 et
1578 1978 2159 2052 reambulationes
2227 1982 2851 2102 possessionurias
2924 2001 3009 2051 ac
3062 1979 3150 2051 ad
3204 1979 3337 2051 alia
3389 1999 3799 2075 quecunque

467 2080 655 2154 facta
705 2081 1102 2179 peragenda
1155 2104 1282 2178 pro
1331 2085 1727 2155 testimonio
1783 2082 2073 2170 ducitur
2130 2084 2191 2154 si
2225 2086 2295 2154 iu
2332 2103 2513 2176 equo
2565 2086 2844 2178 proprio
2897 2085 3076 2171 ierit
3129 2091 3292 2155 tunc
3344 2103 3468 2203 pro
3507 2080 3798 2175 siugulis

465 2183 712 2258 diebus
791 2186 1101 2279 singulos
1176 2189 1418 2279 uiginti
1497 2195 1788 2280 quatuor
1865 2185 2217 2276 denarios
2288 2189 2349 2260 si
2402 2206 2575 2259 nero
2629 2190 2698 2260 in
2751 2205 2933 2280 equo
2986 2185 3191 2276 illius
3272 2187 3465 2258 cuius
3537 2182 3797 2256 factum

468 2291 859 2383 exequitur
932 2289 1175 2361 ductus
1236 2288 1467 2376 fuerit,
1537 2310 1664 2384 pro
1718 2288 2022 2383 quolibet
2073 2286 2187 2362 die
2241 2286 2605 2361 duodecim
2678 2288 3001 2363 denarios
3053 2297 3126 2360 et
3177 2307 3319 2361 non
3367 2288 3546 2361 vltra
3600 2288 3799 2358 reci-

467 2413 639 2487 pere
690 2393 967 2463 ualeant
1017 2401 1220 2485 atque
1271 2395 1576 2487 possint3
1639 2390 1985 2465 dicatores
2040 2395 2245 2464 etiam
2315 2391 2565 2488 prefati
2628 2392 2802 2464 lucri
2873 2389 3167 2465 Camere
3238 2400 3475 2465 nostre
3543 2389 3797 2462 dictam

468 2497 723 2589 pintum
772 2498 914 2567 uini
966 2517 1004 2565 a
1060 2495 1305 2568 uillicis
1355 2497 1662 2590 ipsorum
1730 2494 2059 2567 nobilium
2111 2497 2426 2591 recipere
2478 2517 2619 2568 non
2671 2504 3093 2590 presumant,
3163 2498 3296 2567 nisi
3362 2491 3797 2589 redemptio-

470 2619 630 2669 nem
684 2597 987 2671 dicatum
1037 2597 1502 2670 tantummodo
1551 2598 1798 2671 tollere
1848 2596 2163 2671 debeant.
2240 2595 2562 2671 Ceterum
2616 2601 2772 2692 quis
2825 2598 3132 2694 plerique
3182 2596 3673 2670 falsificatores
3727 2604 3795 2667 et

467 2700 797 2774 falsarum
874 2709 1302 2773 monetarum
1381 2721 1696 2790 cesores„
1773 2704 2352 2797 pecuniarumque
2430 2700 2801 2774 abrasores
2833 2698 2925 2774 'in
2977 2700 3270 2775 diuersis
3339 2701 3516 2773 locis
3584 2702 3798 2794 ipsius

471 2807 670 2898 regui
723 2806 941 2878 nostri
995 2806 1301 2877 existere
1353 2803 1817 2899 perhibentur,
1873 2826 1966 2876 ex
2003 2827 2139 2900 quo
2191 2815 2330 2877 tam
2381 2804 2583 2877 nobis
2638 2814 2709 2876 et
2750 2802 2925 2876 fisco
2979 2815 3219 2876 nostro
3270 2805 3470 2898 regio
3525 2805 3593 2874 in
3651 2823 3794 2874 no-

471 2912 634 2981 stris
687 2901 889 3002 qnam
941 2906 1138 2980 dictis
1190 2905 1506 2998 Prelatis‚
1574 2906 1985 2996 Berenikis,
2058 2906 2546 3003 Nobilibusque
2598 2917 2672 2979 et
2723 2911 3261 3004 possessionatis
3338 2907 3501 2979 dicti
3570 2903 3796 3000 Regni

474 3013 692 3083 nostri
748 3009 1131 3084 bominibus
1183 3013 1252 3081 in
1307 3031 1548 3082 eorum
1621 3009 2089 3105 mouentibus,
2161 3009 2742 3104 decimarumque,
2814 3010 3256 3083 collectarum
3311 3019 3383 3082 et
3422 3009 3797 3081 'dacionum

475 3111 927 3188 solutionibus
998 3116 1294 3185 maxima
1350 3112 1667 3208 dampna,
1739 3113 2191 3209 defectusque
2240 3135 2381 3186 non
2432 3112 2746 3187 modicos
2815 3112 3235 3187 creberrime
3305 3114 3659 3198 euenisse,
3726 3120 3801 3182 ct

477 3216 567 3289 de
601 3217 713 3289 die
763 3218 833 3289 in
887 3215 1068 3289 diem
1119 3219 1403 3290 euenire
1457 3216 1976 3311 dignoscuntur«
2075 3216 2243 3289 Ideo
2296 3213 2504 3290 iidem
2538 3215 2869 3290 Batones
2925 3235 3076 3289 cum
3133 3216 3333 3288 dictis
3384 3213 3799 3287 Proceribus

477 3329 880 3412 statuerunt,
932 3331 1013 3392 vt
1062 3320 1368 3415 predicta
1420 3319 1597 3394 falsa
1650 3330 1924 3393 moneta
1995 3323 2289 3414 pecunie
2360 3320 2609 3393 abraso
2662 3319 2839 3416 opud
2894 3337 3366 3416 quemcunque
3420 3316 3674 3406 habita,
3730 3325 3799 3388 et

476 3427 819 3510 existens,
879 3422 1056 3496 inu-a
1112 3422 1612 3518 quindecimum
1665 3424 1847 3496 diem
1897 3422 2061 3496 festi
2112 3422 2639 3522 Epiphanisrum
2690 3423 2967 3498 Domini
3005 3443 3200 3496 nunc
3248 3421 3606 3496 uenturum
3660 3430 3798 3516 pe-‘

477 3530 660 3601 nitus
712 3527 1110 3618 suffocetur,
1165 3527 1494 3621 depereat
1527 3536 1615 3599 et
1657 3525 2037 3616 aboleatur
2093 3547 2226 3599 neo
2279 3525 2613 3645 quispiam
2659 3524 3002 3600 hominum
3054 3530 3273 3622 ipsam
3330 3547 3568 3599 secum
3622 3537 3801 3619 por·-¹

473 3641 626 3704 tare
679 3641 752 3704 et
804 3649 956 3704 cum
1011 3653 1098 3704 ea
1149 3629 1446 3705 foi-isare
1519 3628 1786 3703 audeat.
1891 3628 1970 3704 Si
2022 3632 2171 3725 quis
2206 3636 2433 3702 u‘e'ro
2448 3631 2919 3724 cuiuscunque
2988 3639 3206 3704 status
3268 3638 3341 3701 et
3388 3628 3799 3701 conditionis

475 3735 748 3827 bomo·
786 3757 955 3810 ausu
1023 3740 1421 3826 temerario,
1501 3734 1885 3809 huiusmodi
1963 3732 2209 3809 falsam
2264 3743 2609 3808 monetam
2660 3727 3019 3829 pecuniam
3098 3735 3572 3805 circumcisam
3646 3738 3803 3825 post

475 3848 745 3937 tempus
798 3843 1208 3936 premissum
1263 3862 1498 3914 secum
1552 3849 1855 3934 portare„
1909 3849 2033 3911 sut
2072 3859 2228 3911 cum
2281 3842 2430 3935 ipsa
2485 3842 2869 3934 emptiones
2922 3846 2993 3910 et
3024 3835 3467 3910 forisationes
3522 3835 3797 3930 quassis

473 3942 718 4016 tacere
769 3947 1283 4040 presumpserit„
1348 3953 1418 4015 et
1469 3965 1635 4036 erga
1692 3946 2074 4039 quempiam
2136 3947 2205 4014 in
2258 3942 2770 4039 quibuscunque
2841 3941 3016 4014 locis
3071 3950 3140 4014 et
3191 3939 3365 4012 foris
3413 3934 3801 4011 huiusmodi

478 4050 771 4142 pecunie
823 4050 1102 4120 inuente
1153 4047 1431 4137 fuerint,
1484 4045 1641 4120 talis
1688 4047 1927 4143 procul
1982 4045 2186 4119 dubio
2236 4045 2690 4119 comburetur.
2778 4044 2869 4117 Et
2917 4044 3051 4117 bec
3101 4045 3416 4116 uolumus
3468 4061 3595 4137 per
3648 4039 3797 4112 fora

478 4160 553 4221 et
601 4150 756 4222 loca
811 4148 1108 4244 publica,
1176 4148 1399 4222 vbiuis
1452 4152 1520 4221 in
1575 4150 1756 4223 dicto
1809 4169 2032 4244 regno
2086 4160 2325 4224 nostro
2392 4150 2619 4244 palam
2686 4147 2926 4222 facere
2994 4148 3429 4243 proclamari
3496 4165 3799 4241 presen-

475 4262 725 4350 tesque
795 4252 1023 4348 sigillo
1074 4263 1315 4326 nostro
1369 4256 1638 4344 maiori
1716 4276 1852 4349 quo
1900 4264 1979 4326 vt
2029 4252 2190 4326 Rex
2240 4253 2590 4346 Hungarie
2660 4254 2934 4346 vtimur‚
3013 4250 3306 4325 fecimus
3380 4249 3795 4343 consignari.

479 4356 728 4429 Datum
782 4360 851 4429 in
903 4355 1090 4430 festo
1158 4356 1374 4429 Beate
1424 4355 1644 4430 Μαι-ιο
1693 4356 2013 4452 Virginis
2078 4355 2286 4429 Auno
2366 4355 2641 4428 Domini
2692 4353 3057 4429 millesimo
3110 4353 3796 4478 Quadringentesimo

475 4460 753 4534 decimo
808 4464 1126 4556 septimo
1179 4481 1548 4555 regnorum
1573 4471 1996 4533 ·nostrornm
2049 4458 2256 4533 Anno
2310 4457 2662 4552 Hungarie
2716 4469 2849 4531 etc.
2901 4458 3290 4552 Trigesimo
3344 4460 3589 4552 primo
3643 4454 3797 4527 Ro·-

477 4581 837 4637 msnorum
884 4585 1057 4638 uero
1111 4563 1439 4661 Septimo.
1545 4562 1864 4636 Tertie
1935 4583 2159 4635 uero
2232 4567 2538 4637 series
2610 4565 3034 4660 sequitur
3102 4565 3188 4634 in
3259 4559 3429 4634 bec
3477 4557 3795 4632 uerba:

480 4664 630 4741 Nos
712 4667 1234 4761 sigismundus„
1306 4668 1440 4740 Dei
1519 4672 1737 4762 gratia
1817 4661 2282 4739 Romanorum
2330 4666 2523 4738 Rex
2603 4687 2881 4763 semper
2936 4667 3356 4760 Augustus,
3439 4687 3524 4736 ac
3596 4664 3796 4736 Hun-

476 4773 676 4863 garie
730 4781 862 4843 etc.
911 4769 1124 4862 Rex‚‘
1166 4770 1501 4845 Memorio
1573 4770 2177 4843 commendamus:
2252 4769 2452 4857 Quod
2504 4768 2746 4842 fideles
2799 4772 3018 4843 nostri
3086 4769 3388 4842 Thomas
3440 4766 3798 4840 Litteratns

471 4874 571 4947 de
622 4871 1015 4948 Mindzentb
1068 4883 1141 4948 et
1191 4873 1577 4971 Stephanus
1632 4874 1852 4947 dictus
1909 4927 2219 4947 .......
2277 4873 2363 4946 ad
2417 4883 2719 4946 nostram
2790 4872 3137 4946 ueniendo
3188 4873 3606 4968 presentiam
3658 4892 3800 4942 ex·-

471 4977 839 5052 bibnerunt
918 4976 1115 5053 nobis
1197 4978 1557 5075 quamdam
1638 4975 1919 5075 Copiam
2000 4978 2195 5050 Bulle
2268 4998 2396 5052 sen
2447 4978 2672 5049 littere
2724 4973 2931 5050 Sedis
2984 4976 3416 5072 Apostoli-ce,
3493 4984 3799 5070 temporo

469 5083 910 5155 {Sanctissimi
963 5085 1032 5155 in
1088 5079 1358 5156 Christo
1411 5082 1632 5155 Patris
1688 5082 1941 5154 domini
1994 5081 2349 5155 Benedicti
2401 5079 2587 5175 Pupe
2642 5089 2985 5171 emanente,
3041 5099 3195 5151 cum
3246 5079 3541 5175 quadam
3597 5076 3796 5151 addi-

469 5189 667 5259 tione
722 5195 791 5256 et
845 5195 1079 5258 nostra
1144 5184 1716 5283 subinscriptione
1767 5189 1838 5258 in
1891 5187 2204 5278 margine
2276 5182 2583 5258 eiusdem
2652 5182 2862 5273 facts,
2937 5185 3298 5279 sigilloque
3370 5191 3608 5256 nostro
3660 5182 3799 5251 mi-

469 5293 630 5360 nori
684 5289 935 5361 abolito
993 5293 1504 5381 consignatam·
1544 5299 1859 5362 tenorum
1905 5286 2489 5383 subsequentium„
2545 5288 3003 5384 supplicantes
3056 5287 3257 5358 nobis
3310 5285 3543 5359 humili
3590 5305 3801 5381 prece

471 5412 568 5461 ac
599 5397 614 5406 ⁴
648 5391 899 5464 deuote
954 5444 1165 5463 .....
1220 5392 1528 5466 eiusdem
1607 5391 1824 5487 Gopie
1905 5414 2059 5464 cum
2139 5395 2289 5489 ipsa
2358 5389 2705 5465 additione
2780 5389 3200 5466 uerbotcnus
3269 5387 3661 5480 transcfibi,
3731 5393 3803 5458 ei
