3950 5917
491 433 648 508 486

493 651 565 711 et
615 641 960 711 transiens
1013 639 1203 709 viam
1267 634 1527 707 directe
1581 634 1794 707 tendit
1847 633 1930 707 ad
1987 633 2263 707 fluvium
2320 633 2784 732 Sylacoycha‚
2856 632 2971 707 ubi
3024 630 3149 708 sub
3204 631 3450 705 arbore
3493 636 3659 734 pyri
3691 643 3817 708 est

491 735 701 830 meta,
756 751 825 812 et
876 762 1003 835 per
1055 739 1347 811 eundem
1402 737 1680 811 fluvium
1732 735 1924 809 vadit
1978 736 2261 810 inferius
2314 747 2384 809 et
2436 738 2617 809 cadit
2668 744 2733 810 in
2791 735 3067 809 fluviuni
3125 735 3514 825 Vereuche
3568 745 3642 808 et
3694 757 3819 832 per

492 849 707 942 ipsam
762 840 1130 916 Vereuche
1213 840 1426 915 tendit
1504 839 1790 914 inferius
1846 852 1915 913 et
1969 844 2115 912 exit
2166 840 2254 913 de
2309 862 2480 936 aqua
2555 840 2639 911 ad
2712 838 3028 912 arborem
3087 840 3419 935 Gyrtyam
3461 840 3627 936 ,sub
3686 861 3818 936 qua

496 957 606 1021 est
656 956 865 1036 meta,
916 946 1076 1019 hinc
1129 945 1443 1041 procedit
1493 967 1617 1042 per
1669 967 1986 1068 magnam
2045 943 2317 1034 silvam,
2368 965 2495 1039 per
2529 942 2816 1018 arbores
2871 965 3079 1015 cruce
3134 947 3465 1036 signatas.
3519 951 3591 1014 et
3623 947 3821 1016 venit

493 1050 582 1123 ad
636 1049 885 1123 flumen
967 1048 1307 1145 quoddam
1384 1048 1719 1144 Kopynna
1788 1052 2092 1136 nomine„
2173 1058 2243 1119 et
2293 1045 2380 1120 ab
2434 1046 2679 1122 eodem
2761 1045 3036 1120 flumine
3112 1046 3484 1118 reflectitur
3560 1067 3820 1120 versus

495 1152 874 1232 meridiem
929 1163 1001 1225 et
1049 1152 1262 1225 tendit
1310 1150 1597 1225 inferius
1652 1150 1740 1223 ad
1776 1151 2110 1248 quandam
2164 1155 2379 1238 viam,
2411 1156 2498 1223 in
2554 1154 2747 1223 cuius
2800 1154 3081 1223 transitu
3138 1173 3230 1221 ex
3284 1160 3567 1245 utraque
3621 1159 3819 1245 parte

496 1279 672 1354 aque
730 1266 887 1330 sunt
941 1268 1149 1345 mete,
1223 1266 1293 1327 et
1343 1240 1535 1328 vadit
1610 1277 1738 1351 per
1791 1257 2062 1344 silvam„
2136 1265 2206 1326 et
2256 1258 2323 1328 in
2381 1259 2664 1328 transitu
2721 1255 2898 1327 silve
2954 1264 3061 1332 est
3111 1263 3290 1324 meta
3347 1263 3572 1326 terrea
3626 1259 3822 1326 iuxta

495 1365 707 1453 viam,
759 1371 829 1431 et
864 1357 1110 1432 ibidem
1165 1363 1354 1431 iuxta
1410 1359 1700 1432 eandem
1756 1358 2002 1432 silvam
2056 1345 2123 1430 in
2162 1358 2500 1452 quoddam
2558 1379 2773 1453 parvo
2828 1358 2985 1429 loco
3040 1356 3413 1430 reflectitur
3448 1357 3531 1428 ad
3571 1360 3820 1427 orien-

492 1475 659 1550 tem,
716 1462 829 1534 ubi
883 1474 991 1535 est
1043 1473 1223 1536 meta
1279 1473 1533 1550 terrea,
1590 1473 1660 1533 et
1710 1461 1869 1536 inde
1921 1460 2233 1557 procedit
2281 1483 2532 1534 versus
2585 1460 2808 1534 Ebres
2864 1460 2945 1531 ad
2995 1459 3344 1532 meridiem
3401 1463 3642 1532 transit
3697 1482 3822 1555 per

491 1571 700 1650 uiam„
756 1565 868 1637 nbi
926 1576 1035 1638 est
1088 1575 1265 1637 meta
1311 1564 1434 1638 sub
1472 1565 1799 1658 virgulto„
1855 1576 1927 1637 et
1976 1565 2136 1638 hinc
2189 1563 2403 1638 tendit
2455 1569 2640 1636 iuxta
2699 1567 2943 1638 silvam
2998 1563 3246 1640 Ebre'S.
3303 1585 3552 1636 versus
3608 1567 3819 1635 occi-

494 1670 798 1757 dentem,
854 1666 967 1741 ubi
1023 1674 1089 1741 in
1140 1667 1389 1741 arbore
1442 1667 1584 1742 Has
1641 1679 1749 1740 est
1802 1679 2010 1758 meta,
2067 1679 2138 1740 et
2189 1669 2348 1739 inde
2403 1669 2699 1740 declinat
2750 1690 2999 1740 versus
3055 1665 3404 1739 meridiem
3462 1667 3547 1739 ad
3588 1688 3819 1762 quan-

499 1774 653 1846 dam
709 1778 925 1861 viam,
976 1771 1089 1845 ubi
1145 1779 1253 1844 e‘st
1304 1782 1483 1844 meta
1539 1782 1795 1861 terrea,
1865 1772 2041 1844 Hinc
2095 1795 2219 1866 per
2272 1771 2557 1844 eandem
2613 1775 2795 1843 viam
2871 1793 2994 1866 per
3045 1781 3263 1843 metas
3319 1780 3584 1842 terreas
3642 1792 3819 1865 pro-

497 1877 680 1949 cedit
732 1898 979 1949 versus
1036 1875 1492 1962 occidentem,
1540 1886 1644 1968 ‚et
1696 1878 1886 1948 venit
1937 1877 2025 1947 ad
2078 1879 2289 1962 viam,
2370 1897 2501 1970 que
2555 1874 2790 1970 Kyrist
2829 1886 2906 1948 vt
2960 1874 3225 1958 dicitur„
3305 1881 3378 1946 et
3427 1872 3512 1944 ab
3569 1874 3820 1946 eadem

494 1984 609 2052 via
664 2002 915 2051 versus
967 1984 1297 2052 orientem
1351 1983 1417 2052 in
1475 1979 1766 2074 quodam
1820 2001 2039 2075 parvo
2095 1980 2251 2051 loco
2305 1978 2677 2051 reflectitur
2732 1978 2816 2051 ad
2873 1978 3249 2054 meridiem.
3321 1975 3436 2049 ubi
3506 1974 3632 2050 sub
3692 1999 3818 2047 ar-

497 2081 673 2155 bore
727 2087 854 2179 piri
905 2093 1013 2156 est
1067 2093 1273 2170 meta,
1347 2092 1417 2154 et
1466 2083 1626 2154 inde
1680 2084 1986 2180 procedit
2055 2104 2304 2155 versus
2360 2081 2713 2155 Grabroch
2768 2086 2964 2154 metis
3019 2084 3263 2153 terreis
3338 2092 3406 2151 et
3453 2078 3816 2151 arboribus

495 2209 701 2258 cruce
787 2189 1100 2279 signatis,
1178 2189 1498 2280 pervenit
1551 2187 1633 2258 ad
1690 2190 1901 2277 viam‚
1983 2210 2117 2281 que
2172 2196 2280 2258 est
2311 2189 2517 2280 ‘iuxta
2575 2186 2954 2272 Grabroch‚
3036 2194 3104 2256 et
3159 2186 3400 2257 silvam
3458 2181 3816 2255 Grabroch

492 2296 734 2362 transit
807 2291 1065 2363 directe
1138 2302 1208 2361 et.
1274 2293 1462 2361 iuxta
1520 2290 1764 2364 silvam
1820 2290 2305 2362 circumeundo
2374 2294 2690 2385 pervenit
2742 2290 2824 2361 ad
2884 2311 3200 2383 magnam
3252 2292 3460 2376 viann
3535 2310 3673 2380 que
3730 2286 3817 2359 de

491 2391 731 2465 Vaska
790 2393 973 2466 ducit
1026 2397 1090 2466 in
1148 2392 1613 2482 vereuchew„
1689 2405 1759 2465 et
1807 2416 1933 2489 per
1988 2394 2274 2466 eandem
2303 2416 2647 2486 magnam
2701 2397 2882 2465 viam
2950 2390 3322 2464 reflectitur
3373 2391 3456 2462 ad
3513 2395 3814 2485 priorem

492 2507 743 2568 metam
818 2508 887 2568 et
941 2501 1042 2569 sic
1093 2501 1507 2569 terminatur.
1617 2496 1703 2568 Ut
1754 2500 1959 2589 igitur
2011 2496 2234 2596 huius»
2281 2508 2516 2570 nostre
2583 2496 3041 2570 ordinacionis
3117 2498 3336 2602 series
3408 2493 3620 2565 robur
3678 2494 3817 2565 ob-

491 2603 704 2672 tineat
758 2600 1115 2686 firmitatis
1195 2612 1555 2694 presentes
1633 2601 1893 2671 litteras
1978 2600 2312 2698 dupplicis
2388 2599 2588 2692 sigilli
2645 2605 2861 2672 nostri
2915 2594 3279 2672 munimine
3336 2602 3817 2672 concessimus

490 2701 872 2776 roboratas.
948 2704 1223 2776 Datum
1279 2708 1346 2774 in
1399 2699 1628 2777 Insula
1681 2701 2018 2797 Lepornm
2097 2726 2218 2799 per
2291 2726 2532 2777 manus
2606 2703 2824 2776 fidelis
2876 2707 3090 2776 nostri
3167 2702 3571 2792 Cancellarij
3652 2700 3815 2772 Ma-

489 2811 684 2898 gistri
740 2807 958 2894 Acus,
1013 2806 1448 2897 Thesaurarij
1510 2806 1833 2877 Albensis
1887 2806 2236 2888 Ecclesieq
2308 2807 2514 2878 Anno
2567 2808 2840 2908 Domini
2891 2805 3282 2890 Millesimo,
3338 2805 3816 2878 ducentesimo

492 2908 1037 3004 quadragesimo'
1074 2919 1346 2981 octavo.
2763 2975 2864 3012 m

1811 3112 2128 3192 (Siqiltum
2167 3114 2500 3191 pendens.)
2559 3187 2586 3206 -

484 3295 754 3366 origin-10
799 3298 851 3349 in
888 3312 1036 3366 pag.
1070 3298 1124 3348 sn
1161 3279 1390 3350 Amusv'o
1427 3298 1600 3366 Regni
1636 3297 1895 3350 eroauae.
1932 3296 1994 3350 Ν.
2032 3298 2091 3351 a.
2127 3298 2190 3349 A.
2225 3298 2370 3351 rane.
2408 3300 2527 3354 sao.
2563 3299 2619 3352 n.
2659 3301 2745 3356 29.
2851 3293 2886 3310 ··

2057 3875 2246 3956 lv.

1488 4136 1695 4205 Anno
1759 4135 1995 4206 1257.
2063 4137 2133 4206 2.
2191 4137 2352 4207 Idus
2403 4138 2800 4208 laureantia

356 4333 391 4350 fl

479 4392 719 4476 Bela
771 4394 896 4474 lv.
962 4395 1162 4476 Rex
1224 4387 1795 4536 hospitibus
1861 4403 1951 4477 in
2015 4397 2740 4478 Jastrebarska
2803 4400 3351 4480 libertates
3418 4403 3820 4486 tribuit:

789 4658 985 4744 Bela,
1041 4658 1149 4732 dei
1206 4665 1438 4752 gracia
1498 4661 1873 4756 Hungarie‚
1949 4660 2332 4750 DalmaciQ
2410 4659 2728 4750 Groacie,
2810 4661 3052 4751 Rama,
3137 4663 3408 4752 Seruie2
3491 4663 3814 4756 Gallicie‚

478 4759 917 4850 Lodomerie,
975 4760 1435 4860 Cumanieque
1492 4765 1673 4845 Rex..
1753 4769 2097 4838 vniuersis
2171 4776 2531 4860 presentes
2587 4765 2845 4839 litteras
2899 4770 3309 4862 inspecturis
3393 4767 3686 4840 salutem
3748 4775 3814 4842 in

484 4887 598 4955 eo,
654 4871 766 4962 qui
818 4866 1101 4959 regibus
1153 4867 1267 4940 dat
1321 4871 1630 4944 salutem.
1733 4868 2125 4942 Sublimitas
2176 4872 2398 4962 regia,
2455 4874 2646 4941 cuius
2703 4880 2809 4942 est
2861 4873 3203 4964 proprium
3261 4876 3325 4942 in
3383 4872 3814 4947 multitudine

482 4972 712 5066 populi
768 4971 1071 5065 gloriari,
1141 4974 1319 5044 solet
1390 4974 1786 5067 ampliorem
1870 4972 2153 5045 subditis
2228 4973 2616 5044 concedere
2687 4972 3091 5060 libertatem,
3166 4985 3236 5046 ut
3307 4997 3430 5070 per
3499 4974 3639 5047 boc
3693 4975 3816 5049 fa-

483 5075 874 5147 mulantium
956 5096 1281 5149 numerus
1372 5087 1725 5170 augeatur
1833 5074 2131 5150 Proinde
2221 5077 2303 5148 ad
2376 5079 2850 5151 uniuersorum
2922 5082 3241 5150 noticiam
3317 5090 3562 5150 tenore
3633 5104 3815 5175 pre-

487 5181 793 5252 sencium
867 5180 1181 5251 uolumus
1257 5184 1642 5275 peruenire,
1719 5180 1898 5275 quod
1973 5181 2278 5276 hospites
2333 5185 2551 5254 nostri
2622 5182 2714 5252 de
2761 5181 2802 5252 J
2822 5180 3445 5253 aztrabarcka
3526 5184 3611 5255 de
3671 5205 3815 5256 co-

485 5277 717 5354 mitatu
791 5282 881 5353 de
949 5282 1448 5376 Podgoria
1531 5283 1727 5357 nobis
1809 5283 2148 5355 humiliter
2230 5285 2668 5380 suplicarunt-
2746 5295 2822 5355 ut
2889 5284 3311 5373 libertatem,
3394 5308 3526 5382 qua
3592 5296 3811 5359 utun-

462 5390 595 5453 ·tur
643 5383 951 5479 hospites
1006 5390 1220 5459 nostri
1275 5387 1363 5459 de
1416 5386 1686 5466 Petrina
1743 5398 1813 5459 et
1866 5388 1950 5459 de
2014 5386 2383 5480 Zomobur‚
2440 5393 2542 5462 eis
2600 5388 2990 5462 concedere
3045 5389 3501 5483 dignaremur.
3599 5381 3812 5464 Cuius
