3950 5917
505 347 659 462 44⁶

507 590 842 668 Skerlecz
888 589 977 663 de
1012 588 1407 677 Lamnicza,
1463 587 1767 663 Tabulae
1819 586 2234 663 Judiciariae
2285 590 2719 679 Assessoris‚
2773 587 3144 664 humillime
3198 585 3538 680 exbiberi,
3593 595 3664 658 et
3711 527 3828 660 rel}

508 697 939 792 praesentari
992 691 1327 765 fecerunt.
3791 735 3798 742 .

830 794 1088 884 Quibus
1132 794 1637 868 Postulatorum
1673 792 1947 868 Punctis
2001 798 2186 868 omni
2242 817 2393 867 cum
2438 793 2917 868 Exactitudine
2973 796 3301 890 expensis
3355 803 3426 865 et
3477 793 3830 882 discussiS,

513 922 752 974 eorum
826 902 1061 971 intuitu
1118 896 1511 970 Clementer
1580 897 2021 984 resolvimus.²
2095 920 2179 970 ac
2248 900 2641 993 respective
2713 907 2997 970 eatenus
3072 899 3471 970 necessaria
3525 918 3655 970 sua
3707 895 3828 967 Via

511 1003 780 1098 disponi
828 1003 975 1094 jam
1028 1000 1340 1074 fecimus.
1446 999 1535 1072 Et
1586 999 1857 1095 quidem
1908 1003 1976 1073 in
2031 999 2287 1074 Ordine

830 1155 939 1227 Ad
994 1154 1321 1227 Punctum
1382 1153 1557 1225 12·-
1641 1153 1728 1225 de
1782 1151 2333 1227 ordinationibus
2383 1156 2617 1227 intuitu
2656 1151 3120 1227 Confluiorum
3156 1153 3504 1224 Banalium
3561 1152 3651 1223 ad
3690 1151 3832 1224 Co-

508 1262 739 1331 mitem
780 1257 1231 1330 antelaturum
1272 1256 1671 1349 Regnorum
1722 1266 2109 1329 nostrorum
2147 1257 2405 1329 Banum
2459 1265 2734 1351 praeter
2787 1255 3199 1329 ordinarium
3238 1254 3593 1337 Canalem„
3647 1253 3834 1327 Can-

509 1363 859 1434 cellariam
936 1360 1262 1432 videlicet
1309 1358 1631 1432 Nostram
1685 1359 1973 1452 Regiam
2029 1359 2790 1453 Hungarico-Aulicam
2862 1357 3110 1431 factis:
3217 1357 3307 1430 Ut
3376 1356 3829 1453 quemadmo-

514 1466 673 1536 dum
728 1473 921 1560 parte
965 1467 1057 1536 ex
1100 1484 1234 1534 una
1288 1465 1636 1557 praelatus
1673 1462 1926 1535 Comes
1962 1462 2220 1552 Banns,
2275 1485 2406 1557 qua
2445 1462 2818 1558 Supremas
2853 1460 3079 1554 Regni
3117 1461 3555 1557 capitaneus..
3612 1460 3830 1533 adeo-

512 1589 649 1662 que
703 1589 796 1638 ex
851 1565 1009 1637 binc
1064 1575 1438 1637 consecuto
1494 1564 1765 1638 Militari
1819 1563 2261 1653 charactere,
2316 1587 2401 1636 ac
2455 1564 2708 1637 exinde
2762 1573 3008 1637 enatae
3063 1587 3230 1658 erga
3270 1563 3645 1636 Consilium
3683 1562 3828 1635 No-

511 1681 722 1742 strum
780 1668 1005 1740 Aulae
1059 1668 1387 1739 Bellicum
1442 1667 1990 1763 Dependentiae,
2065 1691 2101 1739 a
2162 1691 2342 1740 nunc
2410 1667 2552 1740 fato
2610 1667 2863 1740 Nostro
2918 1668 3144 1740 Aulae
3214 1666 3475 1739 Bellico
3532 1666 3830 1738 Consilio

510 1774 811 1845 Decreta
869 1794 990 1845 sua
1034 1775 1099 1843 dr
1132 1770 1653 1844 Instructionem
1711 1770 1995 1860 obtinet,
2050 1795 2134 1843 ac
2187 1774 2252 1842 in
2311 1774 2757 1864 consequenti
2812 1774 3014 1842 etiam
3070 1770 3155 1842 ab
3199 1769 3463 1841 Eodem
3518 1780 3830 1865 respectu

517 1874 980 1947 Confiniorum
1036 1874 1414 1956 Banalium..
1490 1878 1644 1946 sive
1696 1873 2062 1967 Negotium
2117 1872 2427 1965 ejusdem
2483 1872 2940 1946 Confiniariae
2990 1872 3271 1946 Militiae
3326 1872 3633 1958 Exitum,
3689 1877 3834 1945 sive

511 1978 689 2049 aliud
778 1977 936 2071 quid
991 1988 1388 2064 concernat.
1470 1977 1761 2050 Ordines
1815 1980 2095 2072 recipit3
2168 1977 2266 2048 lta
2321 1979 2523 2048 etiam
2577 1987 2770 2072 parte
2826 1998 2919 2047 ex
2998 1976 3212 2048 altera
3293 1979 3483 2069 ipsae
3564 1998 3828 2069 quoque

506 2080 903 2153 Fidelitates
956 2079 1254 2152 Vestrae
1328 2078 1770 2151 conformiter
1841 2085 2047 2152 etiam
2122 2079 2205 2152 ad
2281 2078 2646 2171 benignum
2730 2079 3041 2174 Diploma
3117 2078 3371 2151 lisdem
3426 2077 3832 2150 extraditum

513 2187 715 2272 (sic)
774 2183 861 2255 de
917 2182 1229 2270 omnibus
1286 2185 1398 2274 ijs.,
1478 2205 1654 2277 quae
1721 2186 1954 2255 intuitu
2010 2182 2382 2254 eorundem
2441 2181 2900 2255 Confiniorum
2955 2182 3306 2253 Banalium
3360 2181 3535 2277 apud
3596 2180 3830 2252 Comi-

506 2298 645 2357 tem
698 2287 957 2357 Banum
1012 2289 1296 2381 praevia
1351 2289 1616 2358 ratione
1671 2286 2141 2379 disponentur,
2197 2308 2323 2358 suo
2366 2284 2593 2356 debito
2651 2284 2886 2357 Canali
2951 2285 3330 2380 adaequate
3384 2286 3830 2370 edoceantur

510 2412 645 2484 quo
722 2390 946 2462 taliter
1016 2392 1218 2461 etiam
1299 2392 1503 2461 unitis
1560 2388 1883 2519 Consilijs
1936 2390 2359 2461 Altissimum
2418 2389 2784 2461 Servitium
2840 2386 3159 2461 Nostrum
3237 2409 3322 2458 eo
3397 2387 3698 2460 celerius
3770 2398 3830 2456 et

508 2496 822 2565 exactius
874 2502 1384 2587 promoveatur.

822 2645 935 2718 Ad
992 2640 1144 2718 2¹¹——⁰
1101 2652 1153 2681 ·“·
1249 2645 1596 2740 Respectu
1665 2645 2019 2718 ordinatae
2074 2670 2166 2717 ex
2217 2657 2410 2741 parte
2465 2645 2928 2737 Commissarij
2987 2645 3226 2716 Bellici
3299 2649 3503 2715 totius
3558 2644 3833 2716 Banalis

509 2747 798 2840 Confinij
859 2771 1087 2821 novae
1145 2748 1730 2843 Conscriptionis:
1841 2747 2117 2820 Certum
2175 2749 2444 2843 quidem
2501 2758 2633 2840 est„
2688 2748 2867 2842 quod
2922 2748 3311 2821 Occasione
3366 2751 3718 2820 institutae
3771 2752 3832 2819 in

509 2854 715 2923 Anno
773 2857 1142 2946 praeterito
1201 2849 1429 2937 1750.
1483 2849 1759 2922 Banalis
1805 2849 2260 2923 Confiniariae
2314 2850 2592 2923 Militiae
2638 2850 3110 2942 Regulationis
3166 2861 3236 2922 et
3288 2847 3592 2945 desuper
3647 2852 3834 2923 elar-

507 2957 630 3047 giti
706 2952 981 3046 benigni
1047 2954 1449 3049 Diplomatis
1506 2953 2101 3028 Commissariatus
2153 2954 2450 3026 Bellicus
2525 2976 2610 3026 eo
2685 2959 2906 3027 minus
2975 2953 3309 3026 Influxum
3381 2955 3682 3047 aliquem
3755 2954 3834 3025 ad

512 3055 923 3128 substratum
995 3056 1359 3148 Negotium
1434 3055 1689 3128 babere
1760 3061 1999 3151 potuit,
2082 3080 2232 3128 cum
2305 3060 2374 3128 in
2426 3056 2736 3130 Exordio
2810 3061 3033 3130 statim
3105 3058 3305 3149 hujus
3358 3056 3833 3148 Regulationis

507 3164 780 3252 ipsimet
834 3159 1073 3232 fideles
1127 3160 1364 3232 borum
1419 3159 1816 3251 Regnorum
1856 3161 2106 3251 ‚Status
2152 3165 2215 3232 dc
2252 3160 2545 3233 Ordines
2598 3161 2917 3232 Annuum
2971 3160 3248 3233 fundum
3288 3164 3353 3231 in
3392 3158 3494 3230 40
3556 3159 3833 3232 Millium

507 3260 786 3334 florenis
840 3285 1057 3357 penes
1112 3267 1551 3336 necessarios
1598 3262 1959 3335 Terrarum
2016 3263 2265 3335 fundos
2318 3285 2442 3358 pro
2497 3263 2742 3334 eadem
2798 3262 3192 3335 confiniaria
3229 3263 3461 3334 Militia
3515 3263 3832 3337 destina-

507 3368 759 3452 verint,
834 3376 1037 3459 atque
1093 3366 1268 3438 adeo
1339 3376 1566 3437 cotum
1622 3376 2044 3438 memoratae
2098 3365 2375 3438 Militiae
2428 3366 2666 3438 Banali
2717 3366 2941 3460 Regni
2995 3365 3454 3440 Confiniariae
3523 3367 3696 3438 nibil
3749 3387 3830 3438 ex

506 3478 699 3562 parte
772 3469 1019 3560 aerarij
1078 3467 1311 3542 Nostri
1367 3468 1717 3542 Caesareo
1785 3469 1985 3563 Regij
2065 3469 2462 3557 obvenerit3
2567 3468 2699 3541 Ubi
2769 3480 2993 3541 autem
3067 3491 3400 3542 successu
3472 3469 3830 3564 Temporis

508 3569 910 3644 Necessitas
975 3576 1122 3666 ipsa
1179 3574 1625 3668 postulasset.
1696 3583 1766 3644 ut
1819 3574 2166 3667 praedicta
2223 3573 2496 3644 Banalis
2554 3570 2962 3644 Confiniaria
3017 3572 3252 3645 Militia
3308 3571 3394 3644 ad
3446 3575 3830 3667 aequalita-

510 3685 645 3745 tem
722 3679 1114 3768 respective
1187 3699 1338 3747 cum
1409 3677 1688 3769 reliquis
1746 3674 2076 3766 Confinijs
2130 3685 2444 3770 ponatur,
2518 3674 2663 3747 Nos
2719 3699 2812 3747 ex
2863 3677 3189 3771 peculiari
3246 3675 3475 3747 Gratia
3537 3688 3613 3747 et
3667 3677 3826 3747 Cle-

509 3780 761 3848 mentia
808 3775 1056 3850 Nostra
1098 3777 1720 3870 Caesareo-Regia
1778 3778 1980 3849 finem
2038 3781 2103 3851 in
2162 3783 2512 3874 praevium
2568 3779 2890 3851 Annuum
2934 3779 3365 3870 Adjutorium
3404 3783 3472 3851 in
3529 3779 3637 3852 83
3673 3778 3828 3851 Mil-

510 3881 669 3950 lium
726 3879 1005 3952 florenis
1062 3903 1155 3952 ex
1210 3881 1445 3952 Fundo
1482 3880 1752 3953 Militari
1804 3879 2103 3974 benigne
2156 3882 2569 3955 resolvimus
2625 3886 2687 3953 dc
2737 3881 3361 3978 applacidavimus3
3415 3882 3578 3953 binc
3631 3903 3825 3979 porro

509 3991 752 4075 sponte
804 3983 1098 4077 profluit.
1154 3983 1334 4077 quod
1389 3984 1567 4054 idem
1608 3982 2204 4057 Commissariatus
2243 3985 2539 4058 Bellicus
2583 3996 2901 4080 respectu
2947 3990 3335 4081 cumprimis
3391 3986 3602 4073 illius,
3659 3984 3824 4081 quod

510 4084 594 4155 ab
650 4089 920 4158 aerario
973 4085 1227 4160 Nostro
1300 4089 1682 4181 praemisso
1739 4111 1832 4159 ex
1888 4086 2124 4183 Capite
2180 4087 2605 4182 dependitur.
2670 4111 2753 4159 ac
2808 4089 2963 4160 dein
3020 4098 3371 4183 erogatur,
3440 4087 3824 4161 uberiorem

507 4187 828 4260 Notitiam
884 4198 951 4260 et
1007 4212 1258 4284 capere
1312 4201 1382 4262 et
1436 4189 1691 4268 habere
1746 4189 2014 4263 debeat.
2124 4190 2457 4276 Quoniam
2512 4212 2686 4264 vero
2757 4191 3045 4265 Intentio
3108 4196 3494 4286 neutiquam
3555 4216 3644 4264 ea
3716 4192 3824 4263 fo-

506 4301 639 4381 ret,
703 4301 773 4363 ut
827 4292 1217 4384 praedictae
1273 4292 1550 4364 Militiae
1606 4293 1876 4365 Banalis
1934 4291 2389 4366 Confiniariae
2444 4294 2902 4389 Conscriptio,
2977 4299 3331 4389 signanter
3383 4297 3616 4389 quoad
3672 4297 3819 4367 fun-

509 4394 637 4466 dos
710 4397 774 4465 dc
836 4393 1094 4467 Tenuta
1171 4397 1346 4468 illius
1418 4397 1738 4468 effective
1811 4401 2242 4493 suscipiatur,
2324 4421 2562 4470 verum
2639 4403 2839 4470 unice
2909 4403 2974 4470 in
3050 4421 3137 4471 eo
3190 4399 3335 4471 Res
3409 4408 3555 4471 tota
3613 4402 3815 4496 posita

508 4497 863 4585 habeatur„
935 4508 1008 4570 ut
1075 4503 1144 4570 in
1196 4499 1436 4570 Banali
1490 4498 1800 4572 Confinio
1856 4501 2286 4573 solummodo
2342 4500 2564 4594 quoad
2628 4504 2775 4596 ipsa
2832 4501 3096 4596 Capita,
3149 4501 3463 4573 Amictus
3515 4505 3713 4588 item,
3762 4509 3816 4570 et

513 4602 769 4694 reliqua
825 4599 1081 4674 Eorum
1137 4601 1486 4695 Requisita
1541 4603 1853 4690 Revisi0,
1937 4625 2061 4676 seu
2116 4603 2352 4676 Lustra
2429 4608 2820 4699 cumprimis
2879 4609 3144 4678 ratione
3196 4605 3582 4678 Mundurae
3640 4607 3816 4677 Con-

507 4707 922 4776 servationis
977 4710 1040 4777 dc
1092 4708 1547 4800 impensarum
1621 4711 2026 4794 instituatur„
2090 4706 2351 4801 absque
2406 4729 2520 4797 e0‚
2603 4712 2758 4803 quin
2816 4709 2899 4780 ad
2971 4709 3585 4802 Investigationem
3639 4709 3814 4781 Fun-

509 4807 750 4879 dorum
833 4831 927 4879 ex
1003 4819 1195 4903 part-e
1266 4808 1681 4882 Provinciali
1753 4809 1840 4882 ad
1895 4809 2272 4882 Continium
2357 4833 2714 4884 cessorum
2796 4834 2889 4883 ex
2968 4824 3161 4907 parte
3234 4810 3812 4886 Commissariatus

510 4910 939 5008 procedatur.

816 5015 1045 5108 Atque
1098 5015 1255 5087 binc
1310 5020 1633 5112 spectatis
1688 5016 2003 5089 omnibus
2059 5021 2479 5112 praemissis,
2552 5020 2671 5092 vel
2722 5022 3023 5091 maxime
3079 5030 3306 5092 autem
3361 5041 3450 5092 eo
3523 5023 3596 5092 in
3648 5039 3814 5090 con-

508 5063 782 5212 dignam
837 5116 1315 5194 Reflexionem
1371 5130 1662 5213 sumptO.
1737 5119 1914 5215 quod
1969 5119 2118 5193 Nos
2191 5143 2314 5216 pro
2373 5121 2804 5194 subsistentia
2862 5123 3201 5194 antelatae
3255 5121 3532 5195 Banalis
3590 5119 3814 5194 Conli-

507 5224 768 5302 uiariae
823 5221 1100 5297 Militiae
1172 5246 1266 5295 ex
1319 5225 1646 5317 peculiari
1704 5222 1932 5296 Gratia
2013 5235 2083 5296 et
2156 5222 2528 5314 Clementia
2591 5224 2842 5297 Nostra
2899 5224 3527 5320 Caesareo-Regia
3581 5226 3812 5298 Annua

508 5321 610 5395 83
644 5323 852 5397 Millia
892 5323 1038 5398 flor.
1095 5324 1180 5398 ah
1236 5332 1503 5399 aerario
1540 5326 1796 5400 Nostro
1852 5327 2301 5422 dependenda
2353 5307 2650 5422 benigne
2703 5328 3223 5421 resolverimus‚
3278 5330 3460 5402 unde
3501 5333 3574 5402 in
3625 5327 3810 5416 Reg-
