3950 5917
514 398 628 485 04

515 617 687 709 stri,
765 615 1336 691 victoriosissimo
1404 622 1599 711 patre
1667 635 1907 689 eorum
1987 612 2267 691 domino
2335 611 2685 712 Stephano
2751 614 2998 691 illustri
3063 613 3263 712 Rege
3327 614 3661 712 Hungarie
3717 612 3806 697 do

516 719 750 796 medio
819 719 1114 807 sublato,
1182 722 1253 792 in
1324 728 1507 793 etate
1574 726 1815 793 tenera
1887 721 2258 804 constituti,
2334 742 2623 815 regnum
2685 728 2757 793 et
2815 717 3122 795 subditos
3192 742 3359 795 suos
3410 719 3632 795 debito
3677 724 3803 797 ιιο-ἱ

380 881 389 888 .
515 827 787 921 quirent
853 826 1191 919 regimine
1258 819 1679 917 gubernare,
1749 832 1820 897 et
1876 823 2130 896 exinde
2185 846 2312 921 per
2361 824 2601 897 hostes
2670 832 3046 900 extraneos
3114 827 3309 897 varie
3378 828 3799 901 necessitates

512 925 799 1023 Regno,
848 938 918 1002 et
968 950 1093 1025 per
1143 924 1554 1001 discordiam
1616 924 1948 1003 baronum
1998 929 2178 1000 inter
2229 948 2310 1001 se
2360 925 2657 1001 habitam
2734 931 3126 1003 iniuriarum
3196 929 3520 1003 acciones
3587 931 3800 1003 incolis

512 1033 829 1107 eiusdem
881 1035 950 1105 in
1005 1030 1361 1104 ablacione
1414 1033 1897 1127 posessionum
1950 1034 2416 1105 imminerent:
2494 1034 2871 1105 inmanitati
2941 1030 3392 1129 quorumlibet
3456 1054 3553 1105 ex
3601 1033 3804 1106 officio

514 1139 791 1234 pietatis
846 1157 1251 1211 succurrere
1304 1138 1687 1231 cupientes,
1735 1135 2133 1226 Dammasa,
2184 1135 2448 1208 Tbome
2499 1134 2836 1209 nobilibus
2888 1136 2975 1210 de
3025 1134 3410 1227 Werevcb,
3463 1134 3618 1230 filijs
3661 1135 3802 1209 Ma·-

516 1240 713 1337 tbye,
774 1242 844 1313 in
899 1243 1223 1313 comitatu
1292 1239 1380 1312 de
1447 1237 1847 1312 Wereucbe
1898 1260 2094 1313 more
2145 1238 2466 1312 nobilium
2531 1248 2785 1313 terram
2835 1239 3248 1331 tenentibus,
3314 1239 3627 1313 duximus
3687 1262 3802 1314 an·-

515 1343 891 1434 nuendum,
959 1353 1033 1416 ut
1082 1353 1332 1418 terram
1398 1341 1711 1416 Lusanch
1778 1352 2130 1434 vocatam,
2199 1365 2413 1440 prope
2465 1340 2741 1417 fluuium
2811 1344 2948 1417 llna
3003 1346 3441 1435 existentem,
3513 1343 3598 1416 ad
3643 1366 3804 1416 euu-

514 1446 679 1521 dem
726 1448 1117 1520 comitatum
1172 1447 1259 1522 de
1304 1446 1703 1519 Wereuche
1755 1450 2234 1543 pertinentem,
2289 1469 2489 1542 quam
2544 1447 2816 1520 domina
2870 1445 3084 1520 Maria
3140 1470 3384 1522 socrus
3435 1456 3667 1521 nostra
3709 1448 3804 1543 pie

516 1554 854 1625 memorie
924 1550 1186 1625 eisdem
1256 1553 1328 1624 in
1382 1548 1853 1623 concambium
1922 1560 2109 1625 terre
2176 1549 2566 1648 Bryaniche
2637 1550 2823 1624 dedit
2893 1574 3047 1624 cum
3116 1554 3341 1625 vineis
3393 1560 3465 1624 et
3518 1548 3802 1624 omnibus

510 1657 964 1753 pertinencijs
1016 1658 1159 1730 suis
1218 1653 1427 1752 ydem
1479 1654 1806 1746 Damasa,
1875 1655 2175 1729 Thomas
2238 1653 2354 1748 filij
2408 1653 2687 1752 Mathye
2757 1655 3077 1730 antedicti
3129 1678 3214 1727 ac
3264 1654 3565 1728 heredes
3616 1653 3803 1728 bere-

515 1758 817 1855 dumque
900 1782 1173 1833 suorum
1253 1779 1704 1833 successores
1782 1769 2113 1856 perpetuo
2190 1768 2431 1832 tenere
2502 1759 2781 1832 valeant
2857 1768 2929 1832 et
3006 1781 3095 1832 eo
3163 1758 3371 1832 modo
3447 1758 3808 1855 possidere,

518 1873 600 1936 nt
650 1867 710 1937 si
762 1863 1086 1936 heredum
1159 1864 1421 1937 solacio
1500 1862 1753 1937 fuerint
1826 1862 2170 1953 destituti,
2246 1861 2566 1954 legendi,
2645 1861 2991 1956 tendendi
3058 1865 3437 1958 cuicunque
3496 1863 3816 1938 voluerint

516 1969 743 2064 ipsam
793 1977 1045 2040 terram
1098 1966 1382 2041 liberam
1431 1966 1730 2040 habeant
1777 1966 2125 2040 vendendi
2176 1965 2594 2056 facultatem,
2649 1969 2845 2041 salvo
2881 1970 2949 2039 in
2989 1965 3302 2041 omnibus
3344 1968 3504 2058 jure
3559 1964 3811 2056 dominii

518 2072 951 2168 principaliS,
1022 2093 1137 2162 eo,
1218 2071 1398 2167 quod
1468 2068 1667 2146 nobis
1740 2080 1810 2143 et
1875 2074 2134 2146 nostris
2206 2070 2726 2144 successoribus
2793 2092 3253 2144 reseruemus.
3358 2070 3465 2142 De
3523 2070 3810 2143 collectis

514 2185 752 2249 autem
805 2179 1320 2248 marturinamm
1358 2183 1427 2248 et
1464 2176 1618 2268 aliJs
1653 2173 1899 2247 debitis
1953 2175 2352 2272 populorum
2408 2197 2682 2248 suorum
2738 2173 2938 2247 nobis
2991 2172 3498 2271 persolvendis,
3553 2175 3814 2246 terciam

520 2282 861 2375 recipiant
911 2283 1329 2375 porcionem.
1386 2274 1873 2353 Concessimns
1909 2281 2214 2375 insuper,
2264 2288 2339 2351 ut
2389 2279 2629 2351 ultra
2684 2278 3066 2352 Drauam
3121 2278 3223 2351 ad
3278 2281 3536 2351 curiam
3589 2278 3820 2351 domini

520 2380 741 2477 Regis
797 2394 867 2455 et
919 2383 1004 2455 ad
1055 2393 1359 2457 nostram
1412 2382 1532 2455 vel
1583 2383 1862 2456 alterius
1914 2382 2157 2456 iudicis
2230 2385 2689 2478 cuiuscunque
2762 2385 2972 2469 citati,
3042 2383 3425 2455 nullatenus
3497 2379 3821 2453 accedere

523 2495 918 2579 teneantur,
973 2496 1043 2559 et
1095 2487 1275 2581 quod
1326 2508 1624 2582 persona
1680 2495 2011 2559 extranea
2064 2495 2281 2559 testes
2334 2496 2706 2560 extraneos
2757 2486 3141 2581 producere
3193 2507 3330 2559 non
3381 2489 3603 2582 possit
3649 2505 3820 2557 con-

524 2600 632 2664 tra
687 2595 897 2687 ipsoS.
1002 2590 1187 2663 Mete
1241 2600 1465 2661 autem
1519 2592 1731 2686 ipsius
1782 2600 1967 2662 terre
2020 2588 2157 2662 hoc
2210 2590 2450 2663 ordine
2500 2592 3023 2685 distinguuntur,
3093 2594 3307 2686 prima
3339 2648 3342 2651 .
3375 2601 3559 2663 meta
3610 2590 3825 2683 incipit

522 2693 614 2767 ab
670 2698 933 2768 oriente
984 2717 1111 2789 per
1162 2705 1303 2767 tres
1357 2689 1642 2766 arbores
1693 2692 1848 2791 Byk
1899 2703 2190 2767 vocatas
2244 2694 2332 2767 de
2387 2698 2606 2791 capite
2661 2696 2865 2790 puteij
2930 2693 3279 2791 Nepescb,
3349 2697 3538 2767 iuxta
3588 2702 3827 2765 terram

517 2801 835 2892 magistri
888 2797 1139 2895 Egydy
1190 2796 1480 2871 tendens
1531 2820 1778 2871 uersus
1832 2797 2184 2870 meridiem
2240 2802 2423 2871 iuxta
2479 2809 2700 2871 terras
2752 2801 3157 2894 vyznicatus
3208 2802 3526 2894 pervenit
3576 2795 3663 2868 ad
3716 2816 3826 2867 ar-

513 2900 766 2975 ]›orem
826 2898 1089 2995 Gerasij
1165 2924 1372 2975 cruce
1444 2906 1803 3001 signatam,
1875 2912 1946 2974 et
2012 2901 2172 2974 inde
2243 2902 2329 2975 ad
2400 2903 2713 2975 arborem
2787 2901 3093 2999 Gyrtyan
3164 2912 3343 2974 meta
3413 2911 3644 2974 terrea
3696 2901 3826 2971 cir-

518 3005 939 3097 cumfusam,
992 3004 1151 3078 inde
1203 3008 1516 3101 peruenit
1566 3007 1652 3078 ad
1688 3005 1961 3078 fluuium
2013 3004 2156 3078 Ilua
2210 3015 2281 3078 et
2329 3029 2454 3101 per
2488 3010 2707 3102 ipsum
2751 3006 3024 3079 fluuium
3077 3006 3291 3079 tendit
3340 3028 3589 3078 uersus
3643 3003 3826 3076 occi-

522 3110 834 3200 dentem,
890 3120 959 3183 et
1009 3110 1096 3183 de
1150 3110 1265 3182 illo
1316 3108 1521 3182 fluuio
1576 3114 1720 3182 exit
1772 3110 2033 3183 directe
2088 3109 2173 3181 ad
2220 3108 2532 3182 arborem
2587 3113 2769 3206 pomi
2822 3121 3002 3182 meta
3056 3119 3284 3183 terrea
3336 3107 3832 3193 circumfusam,

524 3212 781 3287 deinde
827 3213 1038 3287 tendit
1072 3213 1158 3286 ad
1204 3213 1561 3309 quemdam
1615 3214 1900 3286 riuulum
1937 3217 2007 3286 in
2044 3213 2306 3305 feneto,
2357 3224 2428 3287 et
2476 3237 2604 3311 per
2656 3214 2949 3287 eundem
3002 3214 3288 3287 riuulum
3343 3236 3549 3310 supra
3597 3228 3834 3285 versus

526 3318 961 3391 occidentem
1019 3318 1105 3391 ad
1162 3317 1472 3390 arborem
1553 3316 1890 3415 Gyrtyan,
1962 3316 2087 3391 sub
2160 3340 2290 3413 qua
2361 3327 2471 3391 est
2521 3328 2701 3391 meta
2754 3327 3010 3409 terrea,
3081 3316 3330 3391 deinde
3385 3317 3472 3391 ad
3527 3315 3834 3389 arborem

530 3422 736 3494 ficum
817 3445 1024 3495 cruce
1104 3425 1484 3513 signatam,
1563 3431 1742 3494 meta
1823 3430 2051 3495 terrea
2134 3421 2635 3494 circumfusam.
2742 3422 2992 3495 Postea
3074 3420 3383 3495 ascendit
3460 3421 3550 3494 ad
3618 3415 3840 3516 Byrcb

530 3536 609 3598 et
672 3548 799 3621 per
868 3529 1081 3621 ipsam
1160 3526 1388 3622 Byrcb
1469 3525 1842 3598 reflectitur
1909 3525 1996 3598 ad
2068 3529 2623 3621 septemtrionem
2694 3536 2764 3598 et
2825 3529 3137 3622 peruenit
3213 3525 3303 3598 ad
3379 3535 3638 3598 terram
3713 3522 3836 3594 Ja-

528 3628 718 3724 coby
787 3629 901 3700 filii
979 3629 1239 3719 Bethe,
1331 3627 1443 3701 nbi
1516 3639 1625 3701 est
1701 3628 1909 3700 arbor
1975 3628 2195 3724 yhor,
2277 3640 2453 3702 meta
2527 3640 2753 3702 terrea
2829 3629 3267 3720 circumfusa,
3348 3639 3420 3702 et
3495 3629 3593 3701 ibi
3676 3630 3841 3699 inter

530 3733 706 3805 duas
777 3737 1021 3807 vineas
1089 3736 1397 3829 peruenit
1478 3731 1565 3804 ad
1636 3731 1953 3805 arborem
2042 3731 2309 3830 Cerasy
2386 3755 2592 3805 cruce
2674 3736 3029 3826 signatam.
3133 3733 3299 3806 lude
3369 3733 3670 3807 tendens
3738 3730 3848 3802 di-

528 3847 726 3910 recte
797 3837 883 3910 ad
949 3838 1237 3911 eandem
1316 3838 1585 3933 plagam
1654 3840 1725 3908 in
1796 3845 2026 3909 monte
2093 3858 2309 3930 usque
2379 3836 2462 3909 ad
2538 3858 2853 3921 magnam
2930 3840 3202 3909 vineam
3280 3835 3568 3934 Matbye
3647 3843 3848 3908 ante-

520 3941 723 4029 dicti,
780 3951 848 4013 et
902 3941 1059 4013 inde
1110 3939 1322 4013 tendit
1374 3939 1460 4012 ad
1492 3942 1697 4033 ,viam
1750 3943 1938 4012 iuxta
1989 3949 2240 4013 terram
2295 3943 2601 4034 magistri
2652 3939 2904 4037 Egydy
2956 3950 3027 4013 et
3076 3944 3416 4014 transiens
3469 3964 3606 4037 per
3674 3960 3850 4012 ean-

522 4045 719 4129 dem,
791 4068 916 4140 per
985 4055 1202 4119 metas
1273 4055 1562 4132 terreas,
1642 4047 1953 4140 peruenit
2024 4044 2110 4116 ad
2180 4053 2322 4117 tres
2406 4043 2691 4117 arbores
2779 4042 3154 4117 antedictas
3227 4054 3296 4117 et
3366 4055 3629 4118 metam
3702 4064 3852 4115 me·-

530 4159 911 4241 moratam,
991 4149 1216 4243 ibique
1284 4152 1698 4221 terminatur.
1802 4147 1878 4220 ln
1953 4151 2145 4220 cuius
2216 4151 2320 4221 rei
2390 4151 2785 4221 memoriam
2857 4146 3371 4244 firmitatemque
3453 4158 3858 4246 perpetuam

530 4264 896 4351 presentes
967 4252 1226 4326 eisdem
1293 4253 1620 4342 Damasa,
1689 4250 1952 4325 Thome
2023 4251 2109 4325 ad
2162 4252 2407 4325 dictam
2475 4256 2980 4347 posessionem,
3052 4255 3535 4326 concessimus
3595 4254 3853 4326 litteras

535 4357 870 4453 dupplicis
925 4359 1127 4452 sigilli
1180 4360 1396 4430 nostri
1450 4358 1811 4430 munimine
1880 4355 2260 4428 roboratas.
2365 4356 2609 4428 Datum
2675 4378 2798 4452 per
2850 4378 3088 4430 manus
3158 4355 3467 4451 Magistri
3531 4354 3852 4449 Gregorii

528 4461 719 4535 Aule
773 4472 1009 4535 nostre
1062 4459 1282 4535 fidelis
1335 4457 1771 4551 CancellariJ,
1823 4481 2005 4533 anno
2059 4458 2315 4535 domini
2379 4455 2743 4534 Millesimo
2812 4459 3282 4534 ducentesimo
3337 4464 3862 4558 septuagesimo

534 4568 794 4658 quinto.

534 4762 684 4836 orig.
720 4766 934 4819 membr.
975 4771 1027 4821 in
1061 4768 1305 4823 Archivio
1339 4704 1507 4838 Regni
1543 4765 1779 4821 croatiae
1812 4767 1948 4819 inter
1982 4773 2097 4820 acta
2130 4768 2425 4820 mona-terii
2460 4768 2528 4821 de
2563 4766 2739 4824 Dobra
2772 4768 2931 4825 tucn.
2965 4767 3112 4825 Fue.
3145 4768 3187 4825 1.
3220 4768 3343 4824 ltro.
3383 4770 3432 4822 1.
