3950 5917
1890 938 2362 1024 CXCIV.

1294 1226 1506 1296 Anno
1566 1223 1796 1299 1577.
1858 1227 2108 1299 Menae
2162 1225 2578 1302 Febr-norw.
2637 1232 2962 1302 Pom-622

462 1495 865 1578 camera
927 1495 1511 1603 Hungarica
1573 1495 1972 1577 Diaetas
2023 1495 2343 1604 Regni
2406 1498 2960 1580 Slavonia·e
3021 1504 3482 1579 n‘onnissi
3535 1499 3774 1581 nmo

1134 1635 1552 1742 jubente
1625 1635 2201 1717 celebratas
2267 1637 2587 1719 fuisse
2649 1647 3103 1718 testatur.

1300 1904 1764 1979 Serenissime
1817 1904 2174 2002 Princeps,

1497 2078 1792 2152 Domine
1853 2075 2441 2153 clementissime!

772 2282 1105 2357 Fidelinm
1152 2286 1588 2357 servitiorum
1644 2293 2033 2357 nostrorum
2090 2285 2159 2355 in
2217 2287 2508 2375 gratiam
2558 2283 2965 2357 Serenitatis
3019 2293 3310 2358 vestrae
3352 2284 3774 2358 humillimam

460 2387 1148 2461 commendationem.
1231 2385 1703 2480 Cognovimus
1755 2387 2125 2458 humillime
2181 2410 2277 2460 ex
2340 2386 2656 2479 benignis
2712 2385 2974 2460 Sacrae
3029 2384 3426 2460 Caesareae
3474 2386 3771 2481 Regiae-

464 2514 598 2584 que
649 2489 1057 2578 Maiestatis,
1111 2489 1367 2562 domini
1419 2493 1636 2562 nostri
1693 2487 2220 2562 Clementissimi
2276 2501 2344 2561 et
2391 2489 2836 2563 Serenissimi
2888 2489 3595 2580 Aroliiclneis-Garoliq
3647 2489 3772 2561 do-

462 2597 622 2667 mini
677 2597 892 2668 nostri
939 2594 1171 2666 itidem
1217 2589 1772 2679 Clementissimi,
1826 2592 2094 2682 litteris,
2151 2592 2237 2665 de
2295 2592 2593 2688 benigno
2648 2593 3054 2668 Serenitatis
3105 2603 3389 2666 vestrae
3443 2592 3770 2678 mandato,

459 2701 803 2792 vigesimo
858 2701 1092 2792 quinto
1142 2695 1254 2767 die
1324 2699 1638 2789 proxime
1693 2695 1910 2791 elapsi
1963 2700 2223 2771 mensis
2276 2697 2579 2770 Januarii
2647 2699 3097 2785 transmissis,
3167 2695 3509 2793 nobisque
3559 2697 3770 2769 ultima

459 2802 769 2874 eiusdem
826 2802 1085 2872 mensis
1138 2796 1407 2882 redditi,
1461 2821 1639 2893 quae
1693 2801 1781 2872 sit
1833 2821 2005 2873 suae
2060 2799 2462 2874 Serenitatis
2501 2801 2588 2872 de
2626 2799 3037 2873 celebranda
3081 2801 3326 2872 Diaeta
3373 2801 3770 2875 Sclavenica

320 2907 333 2920 ⁶
461 2902 762 2998 benigna
814 2904 1171 2990 voluntas,
1254 2902 1506 2999 quidve
1560 2924 1768 3000 super
1821 2925 1910 2976 eo
1962 2902 2293 2978 Maiestas
2349 2927 2473 2978 sua
2530 2904 2876 2977 Caesarea
2950 2904 3327 2977 clementer
3399 2902 3550 2976 fieri
3601 2903 3771 2975 velit.

463 3007 661 3093 Quod
719 3016 945 3078 autem
992 3006 1347 3079 Serenitas
1400 3015 1637 3079 vestra
1690 3016 1997 3079 nostram
2053 3028 2137 3080 ea
2189 3008 2260 3079 in
2313 3029 2393 3081 re
2447 3016 2719 3080 tenuem
2775 3010 3181 3080 sententiam
3228 3006 3531 3102 benigne
3581 3006 3774 3079 intel-

459 3110 681 3201 ligere
735 3112 940 3205 cupit,
1002 3112 1286 3203 negotio
1337 3111 1490 3204 ipso
1538 3113 1609 3182 in
1661 3118 2051 3183 accuratam
2107 3108 2667 3184 deliberationem
2725 3120 3020 3205 sumpto,
3084 3109 3219 3182 duo
3274 3109 3477 3184 nobis
3532 3131 3775 3184 occur-

457 3222 615 3284 runt
666 3211 1173 3308 impedimenta,
1228 3235 1406 3307 quae
1445 3212 1715 3287 diaetae
1766 3214 1945 3288 illins
1983 3211 2520 3287 celebrationem
2555 3234 2737 3286 nunc
2791 3212 3120 3310 impedire
3154 3213 3498 3287 videntur.
3566 3213 3773 3287 Vnum

463 3314 772 3389 absentia
804 3315 1004 3408 Bani,
1041 3319 1193 3390 sine
1232 3319 1425 3389 cuius
1461 3320 1853 3411 praesentia
1892 3313 2136 3389 Diaeta
2175 3318 2523 3411 generalis
2565 3315 2925 3389 commode
2978 3319 3233 3390 institui
3267 3321 3544 3412 nequit3
3598 3318 3773 3389 cuius

462 3422 659 3493 vices
732 3420 892 3492 licet
958 3422 1230 3516 priores
1301 3419 1735 3516 suppleturos
1788 3421 2148 3495 Serenitas
2214 3430 2453 3495 vestra
2521 3418 2822 3514 benigne
2893 3423 3263 3508 existimet,
3343 3430 3579 3493 tamen
3631 3441 3772 3492 cum

461 3545 738 3617 semper
790 3526 1003 3596 moris
1074 3522 1295 3597 fuisse
1364 3523 1850 3617 intelligamus,
1931 3521 2114 3618 quod
2166 3524 2408 3595 Diaeta
2483 3524 2829 3615 generalis
2906 3526 3176 3596 nonnisi
3248 3521 3445 3596 Bano
3517 3522 3773 3596 iubente

460 3629 548 3699 sit
599 3629 666 3698 in
722 3625 1099 3700 sclavonia
1149 3624 1403 3715 habita,
1466 3649 1553 3699 an
1609 3635 1825 3699 status
1864 3637 1934 3699 et
1974 3627 2254 3701 ordines
2308 3627 2532 3719 Regni
2587 3628 2763 3699 illius
2820 3630 2954 3699 sint
3005 3631 3529 3720 vicegerentum
3583 3649 3665 3699 ea
3711 3629 3772 3696 in

457 3751 536 3800 re
616 3732 1063 3824 requisitioni.
1107 3728 1664 3826 obtemperaturi,
1747 3728 2018 3801 dubium
2095 3738 2222 3802 est.
2331 3729 2675 3803 Consultis
2757 3735 2982 3824 itaque
3065 3731 3218 3803 fore
3288 3753 3414 3827 pro
3488 3730 3774 3804 demissa

458 3843 697 3908 nostra
745 3838 1083 3908 sententia
1137 3833 1516 3921 videretur,
1570 3842 1644 3906 ut
1694 3832 1924 3905 Banus
1980 3837 2128 3929 ipse
2182 3831 2498 3929 benignis
2551 3856 2721 3907 suae
2776 3832 3154 3906 Maiestatis
3208 3834 3452 3907 litteris
3507 3833 3595 3907 ad
3649 3856 3767 3905 ca·-

454 3937 880 4030 poscendum
922 3937 1224 4009 Banatus
1263 3936 1573 4008 Officium
1607 3940 2107 4031 requireretur:
2165 3960 2299 4032 quo
2336 3948 2704 4032 praesente
2760 3942 2987 4008 omnia
3041 3941 3294 4010 rectius
3349 3958 3774 4033 processura,

457 4050 530 4110 et
581 4039 899 4135 quidquid
953 4037 1283 4113 Maiestas
1338 4062 1461 4111 sua
1518 4038 1801 4114 statibus
1856 4040 2278 4113 sclavoniae
2329 4062 2720 4138 proponere
2775 4042 3009 4130 vellet,
3083 4044 3414 4114 maiorem
3472 4041 3773 4114 effectum

454 4141 837 4215 habiturum
913 4145 1488 4216 existimaremus,
1593 4142 1907 4216 Alterum
1986 4144 2538 4238 impedimentum
2615 4147 2821 4240 priori
2896 4148 3179 4238 gravius
3252 4167 3415 4218 esse
3499 4144 3771 4218 videtur.

460 4244 662 4331 Quod
712 4268 869 4318 cum
924 4249 1165 4342 (prout
1214 4246 1698 4338 recordamur)
1753 4247 2109 4341 hucusque
2160 4249 2250 4319 ita
2303 4245 2742 4320 observatum
2799 4250 2912 4336 sit,
2965 4257 3036 4319 ut
3087 4250 3274 4341 prius
3326 4251 3395 4320 in
3442 4248 3777 4342 Hungaria

458 4349 703 4423 Diaeta
757 4352 847 4422 sit
901 4348 1275 4438 celebrata,
1334 4349 1420 4422 ad
1474 4372 1674 4446 quam
1713 4350 1946 4423 Status
1981 4349 2380 4444 Regnorum
2419 4349 2737 4424 Croatiae
2792 4359 2863 4423 et
2897 4350 3313 4423 sclavoniae
3370 4375 3539 4425 suos
3593 4371 3777 4425 sem-

458 4475 582 4545 per
653 4453 1004 4526 solemnes
1077 4451 1411 4548 expedire
1492 4454 1673 4527 soliti
1753 4462 1911 4526 sunt
1982 4464 2320 4528 oratores.
2430 4453 2580 4541 Qua
2652 4453 2921 4549 quidem
2976 4454 3220 4526 Diaeta
3299 4457 3368 4527 in
3440 4456 3776 4548 Hungaria

457 4566 766 4651 peracta,
836 4556 1069 4629 Banus
1119 4557 1418 4648 tandem,
1501 4567 1575 4630 et
1640 4578 1782 4628 non
1833 4560 2051 4652 prinS‚
2121 4556 2408 4630 statibus
2463 4558 2782 4630 Oroatiae
2836 4566 2906 4631 et
2958 4557 3378 4632 Sclaveniae
3446 4555 3778 4632 indicebat

453 4658 793 4754 publicam
847 4659 1188 4750 Diaetam,
1269 4659 1356 4732 ad
1426 4682 1628 4756 quam
1680 4659 2011 4736 Maiestas
2084 4682 2353 4757 quoque
2428 4684 2549 4734 sua
2634 4682 2799 4734 suos
2854 4657 3383 4735 Commissarios
3457 4660 3775 4756 expedire

458 4762 754 4853 solebat,
830 4761 1070 4859 quibus
1122 4763 1600 4859 praesentibus
1655 4785 1767 4852 ea,
1843 4786 2020 4859 quae
2076 4764 2160 4836 ad
2217 4786 2648 4837 communem
2705 4764 2994 4837 salutem
3050 4775 3255 4859 atque
3307 4763 3773 4838 defensionem

451 4869 716 4962 patriae
770 4866 1197 4963 spectabant,
1249 4888 1376 4963 per
1426 4866 1685 4938 Banum
1740 4866 2294 4962 proponebantur
2347 4877 2418 4940 et
2471 4872 2572 4941 sic
2624 4871 2968 4940 communi
3022 4872 3321 4940 omnium
3368 4879 3539 4941 voto
3587 4878 3775 4962 atque

453 4992 805 5044 consensu
858 4971 1122 5043 articuli
1176 4971 1693 5044 conclusionum
1750 4968 2195 5060 nectebantur,
2267 4993 2531 5066 proque
2584 4971 2882 5064 benigno
2940 4993 3110 5044 suae
3163 4970 3550 5063 Majestatis
3603 4992 3771 5043 con-

454 5095 667 5146 sensu
719 5083 925 5171 atque
979 5072 1499 5148 confirmatione
1552 5073 2200 5161 transmittebantur,
2256 5097 2339 5146 ac
2389 5077 2483 5146 ita
2529 5074 2799 5147 demum
2844 5076 3074 5146 omnia
3126 5084 3274 5147 rata
3309 5084 3379 5147 et
3413 5074 3608 5148 firma
3646 5072 3770 5144 ba·-

452 5174 808 5250 bebantnr.
915 5177 1111 5266 Quod
1168 5181 1230 5252 si
1280 5181 1510 5272 itaque
1562 5198 1744 5250 nune
1792 5175 2043 5273 aliquid
2097 5175 2297 5250 fieret
2347 5179 2700 5269 contrarii,
2769 5177 3152 5250 verendum
3205 5186 3339 5265 est,
3418 5200 3511 5251 ne
3565 5185 3770 5253 status

449 5281 583 5372 ipsi
632 5282 941 5353 novitate
990 5284 1097 5354 rei
1150 5285 1313 5355 moti
1382 5280 1732 5354 libertates
1787 5302 1950 5354 suas
2002 5279 2406 5353 labefactari
2475 5290 2981 5376 conquerantur
3033 5290 3106 5353 et
3155 5303 3394 5377 parum
3445 5281 3571 5354 vel
3620 5276 3773 5352 nihil

452 5379 633 5472 apud
685 5403 813 5454 eos
866 5381 1216 5455 efficiatur.
1321 5382 1411 5456 Ut
1462 5392 1687 5476 autem
1742 5382 2190 5457 confiniorum
2242 5385 2506 5456 illarum
2551 5386 2836 5480 partium
2876 5387 3392 5458 conservationi
3442 5381 3771 5457 consula·
