3950 5917
3357 422 3452 500 15

142 637 211 704 et
260 625 801 723 supplicantibus
881 629 1219 703 uniuersis
1297 627 1514 704 nostri
1589 628 1795 719 regni
1864 625 2295 723 prlndpibtm.
2375 624 2496 700 ‘Ut
2563 636 2788 708 autem
2811 626 2974 700 'hec
3025 637 3258 702 nostra
3316 628 3455 701 do-

144 734 323 808 natio
392 734 469 804 in
535 741 846 806 eternum
927 731 1245 806 fundetur
1306 742 1376 806 et
1444 729 1805 806 stabilitate
1883 740 2206 826 perpetua
2275 741 2707 827 perseueret,
2790 754 2943 806 eam
3013 742 3248 805 nostra
3314 753 3452 805 no-

144 846 575 930 strorumque
628 839 1108 932 episcoporum
1197 839 1660 928 attestatione,
1740 836 2072 930 simulque
2174 859 2329 907 cum
2408 839 2790 908 testacione
2871 839 3306 930 astringimus
3388 847 3452 911 et

138 938 627 1014 inuiolabiliter
706 944 1206 1035 premuuimus3
1286 948 1688 1029 statuentes.
1767 948 1843 1010 ut
1920 942 2300 1034 quicunque
2377 940 2755 1012 mortalium
2827 943 3183 1012 immemor
3249 939 3455 1012 diuini

138 1045 489 1118 examinis
556 1053 627 1115 et
678 1067 884 1118 eruor
961 1054 1194 1117 nostre
1275 1047 1468 1137 regie
1550 1042 1892 1136 dignitatis
1964 1045 2258 1115 uoluerit
2334 1066 2625 1138 uuquam
2708 1067 2875 1116 ausu
2949 1047 3313 1116 temerario
3369 1043 3455 1116 de

140 1146 452 1243 predicta
506 1147 730 1221 insula
784 1172 826 1219 a
878 1147 1079 1222 nobis
1149 1148 1474 1242 regaliter
1526 1169 1867 1220 concessa
1913 1150 2397 1221 monasterium
2453 1151 2862 1220 sanctissimi
2920 1145 2998 1220 G.
3050 1151 3454 1241 inquietare.

142 1252 486 1346 simulque
560 1262 795 1326 nostra
863 1254 1012 1326 iura
1087 1251 1537 1342 confundere,
1606 1253 1907 1323 incurrat
1982 1253 2154 1323 iram
2232 1273 2438 1347 super
2490 1255 2658 1322 iram
2711 1250 2917 1323 futuri
2968 1251 3196 1324 iudicii
3250 1261 3322 1324 et
3373 1255 3461 1325 sit

140 1377 303 1428 reus
354 1359 433 1428 in
490 1366 868 1450 conspectu
921 1358 1212 1430 extremi
1282 1359 1618 1430 examinis
1672 1377 1829 1428 cum
1889 1353 2175 1444 herode,
2229 1354 2385 1428 iuda
2441 1365 2512 1428 et
2566 1358 2830 1428 simone
2885 1377 3117 1448 mago,
3172 1358 3458 1450 porcio-

140 1481 301 1533 nem
374 1462 449 1530 in
524 1469 832 1532 eternum
903 1459 1293 1551 habiturus,
1380 1468 1453 1531 et
1521 1458 1897 1532 antichristi
1968 1462 2384 1532 consortium
2455 1481 2905 1554 possessurus
2978 1459 3062 1531 ab
3135 1462 3455 1554 omnipo-

141 1574 328 1636 tente
367 1562 538 1651 deo,
594 1567 873 1659 suisque
909 1564 1237 1659 apostolis
1290 1573 1360 1636 et
1397 1587 1437 1634 a
1475 1572 1870 1635 cunctorum
1916 1573 2308 1636 sanctorum
2363 1574 2517 1635 cetu
2555 1572 2625 1634 et
2660 1562 3052 1635 beatissimo
3111 1561 3189 1635 G.
3221 1560 3459 1655 (Gris)

145 1666 703 1740 maledictionem
759 1670 1048 1764 accipiat
1103 1671 1581 1763 sempiternam
1635 1676 1705 1737 et
1782 1677 2018 1742 nostre
2070 1667 2289 1761 regali
2359 1672 2546 1739 curie
2602 1666 3111 1763 quibuscunque
3168 1689 3462 1740 succes-

144 1769 421 1844 soribus
476 1773 656 1844 meis
708 1770 1016 1865 regibus.
1066 1771 1376 1867 Jupanis.,
1426 1770 1812 1860 comitibuS,
1883 1774 2032 1843 siue
2087 1769 2309 1860 bani5‚
2378 1781 2742 1865 componat
2792 1770 2999 1843 libras
3066 1774 3212 1843 auri
3267 1767 3342 1842 C.
3399 1781 3467 1840 et

146 1878 210 1946 in
256 1885 517 1949 nostro
575 1898 795 1968 regno
871 1887 1196 1972 perpetuo
1252 1878 1340 1949 sit
1389 1874 1681 1947 infamis.
1760 1878 1817 1965 -ι-
1870 1874 2025 1969 Ego
2103 1877 2415 1946 cresimir
2467 1897 2596 1946 rex
2646 1897 2785 1945 cru.
2845 1877 3025 1966 (sic)
3079 1885 3280 1969 atque
3332 1874 3462 1946 dal.

146 1977 288 2072 Ego
348 1978 737 2074 stephanus
772 1977 981 2051 Jadre
1018 1983 1382 2075 episcopus
1421 1982 1685 2074 scripsi.
1741 1989 1811 2051 et
1844 1978 1976 2050 hec
2013 1989 2168 2052 sunt
2218 1981 2493 2050 nomina
2529 1981 2800 2049 testium
2855 1981 2965 2072 qui
3004 1982 3070 2050 in
3111 1979 3244 2050 hoc
3279 1977 3465 2049 facto

148 2083 657 2156 interfuerunt.
686 2136 704 2153 .
760 2082 1021 2156 admiro
1073 2086 1403 2157 nonensis
1456 2087 1768 2178 iupanus.,
1838 2087 2054 2156 testis.
2125 2082 2528 2155 Bolesclaus
2584 2082 2857 2154 curialis
2929 2104 3194 2174 comes,
3250 2085 3464 2154 testis.

150 2185 492 2281 Viachigo
553 2190 839 2281 iupanus
894 2186 981 2259 de
1031 2188 1212 2274 luca,
1263 2190 1481 2260 testis.
1554 2190 1611 2277 †
1664 2186 1961 2261 Volessa
2019 2186 2177 2277 dad,
2233 2190 2447 2259 testis.
2500 2185 2736 2258 Budec
2788 2185 3150 2280 postelnic‚
3204 2182 3468 2257 berbe-

146 2295 366 2364 tensis
424 2295 752 2386 iupanus,
804 2293 1021 2363 testis,
1073 2290 1424 2364 Johannes
1452 2294 1640 2384 regis
1671 2291 2064 2387 capellanus
2110 2293 2327 2364 testis.
2382 2289 2624 2363 Petrus
2676 2289 2933 2382 regalis
2992 2292 3177 2361 curie
3230 2288 3469 2368 iudex.

148 2398 361 2468 testis.
478 2394 743 2466 Studec
794 2396 1048 2488 regalis
1102 2399 1453 2490 pincerna,
1523 2398 1738 2468 testis.
1818 2395 2156 2468 Dominus
2203 2394 2316 2467 leo
2370 2394 2740 2490 imperialis
2797 2396 3333 2489 protospatarius
3389 2417 3473 2464 ac

154 2502 367 2572 tocius
442 2498 786 2592 dalmacie
862 2502 1239 2595 catipanus‚
1320 2503 1533 2572 testis.
1625 2499 2089 2572 Saluisclauus
2162 2502 2492 2572 nonensis
2559 2497 2797 2588 iudeX,
2876 2502 3093 2571 testiS.
3188 2497 3470 2570 adamus

156 2625 481 2675 monacus
543 2606 763 2674 sancti
813 2600 1262 2676 bartholomei
1303 2601 1554 2692 abbas,
1606 2606 1824 2675 testis.
1878 2602 2120 2676 Petrus
2172 2607 2457 2698 iupanus
2513 2601 2599 2674 de
2656 2601 2956 2695 sidraga‚
3008 2604 3223 2674 testis.
3279 2602 3470 2673 Dra-

150 2711 371 2799 gomir
418 2710 717 2802 iupanus
772 2706 858 2778 de
915 2709 1163 2798 cetina,
1214 2711 1434 2780 testis.
1512 2706 1831 2778 Andreas
1883 2705 2361 2800 belgradensis
2413 2709 2624 2803 prior„
2679 2709 2894 2780 testis.
2977 2709 3033 2796 ἰ-
3086 2704 3237 2798 Ego
3295 2729 3473 2777 ana—

148 2814 403 2883 stasius
456 2810 667 2882 huius
722 2810 1106 2906 cirographi
1162 2810 1449 2883 dictator
1502 2814 1883 2884 cruatensis
1943 2813 2126 2903 (sic)
2182 2814 2547 2906 episcopus
2602 2820 2670 2881 et
2725 2811 2878 2882 aule
2934 2811 3126 2902 regie
3183 2810 3474 2880 cancel-

150 2913 357 2985 larius
412 2917 616 2986 inssn
671 2922 740 2985 et
792 2915 1139 2987 uoluntate
1191 2914 1478 3010 predicti
1533 2914 1784 2987 domini
1838 2920 1974 2987 mei
2045 2918 2233 3009 regis
2289 2918 2534 3010 scripsi
2608 2924 2677 2986 et
2731 2913 3126 2986 confirmaui
3182 2911 3477 2985 feliciter

148 3021 215 3090 in
268 3021 565 3090 civitate
618 3040 863 3090 nonaS.
968 3017 1214 3090 Amen.

470 3120 804 3214 (Signum
857 3121 1118 3194 Notarii
1169 3118 1312 3215 ἐξ.)
1397 3121 1605 3195 Α11110
1660 3122 1913 3194 domini
1966 3120 2056 3193 M.
2114 3117 2246 3193 GC.
2300 3122 2438 3192 XL.
2493 3121 2671 3193 VIII.
2740 3120 2848 3193 die
2903 3123 3133 3216 quinto
3188 3125 3478 3193 intrante

144 3223 584 3315 nouembris,
630 3224 1007 3298 Indictione
1044 3236 1265 3298 sexta.
1319 3226 1472 3319 Ego
1526 3237 1757 3322 petrus
1785 3228 2130 3322 papiensis
2176 3223 2486 3321 publicus
2540 3228 2844 3297 notarius
2900 3226 3053 3297 aule
3108 3226 3477 3320 imperialis

144 3333 577 3403 autenticum
632 3329 829 3402 huius
887 3330 1277 3427 exemplum
1331 3330 1469 3403 uidi
1522 3339 1593 3402 et
1641 3330 1807 3424 legi,
1862 3328 2068 3402 nichil
2124 3329 2382 3402 addens
2436 3330 2548 3402 uel
2605 3331 2914 3402 minuens
2964 3325 3146 3424 quod
3187 3337 3479 3401 senten-

152 3437 309 3507 tiam
372 3443 621 3524 mutet,
673 3437 922 3528 scripsi
974 3443 1044 3506 et
1096 3434 1322 3527 sigillo
1377 3444 1712 3507 consueto
1764 3431 2108 3506 roboraui.
2359 3431 2372 3438 ’

136 3610 418 3684 odgini-le
472 3609 695 3664 membr.
730 3613 782 3663 in
820 3611 1064 3664 Archivio
1118 3610 1355 3683 gnbernii
1405 3612 1691 3678 Delmatici,
1743 3610 1980 3665 jaderae.
2053 3610 2282 3665 Cessetta
2331 3609 2568 3664 xvmst.
2603 3610 2723 3664 430.
2803 3609 2971 3664 Habet
3023 3627 3234 3680 quoque
3279 3610 3482 3666 Lucius.

1 3696 2 3713 ¹
468 3698 581 3752 Lib.
616 3698 679 3750 n.
718 3716 767 3751 c.
805 3701 857 3750 8.
895 3699 988 3751 sed
1024 3708 1103 3752 sat
1135 3715 1375 3754 erronee.
2789 3737 2792 3740 .

1676 4157 1992 4241 vul.

1162 4394 1366 4465 Anno
1417 4392 1654 4466 1071.
1737 4392 1813 4465 8.
1866 4393 2054 4467 sulii.
2137 4393 2506 4492 Belqradi.

136 4633 808 4732 CresimiruS,
876 4627 1640 4710 Dalmatinorum
1724 4642 1814 4711 et
1878 4630 2711 4735 OroatorumRex,
2779 4657 2952 4711 una
3022 4656 3225 4709 cum
3287 4637 3492 4711 suis

138 4768 832 4876 principibuS,
897 4769 1428 4871 parochias
1489 4769 2016 4851 Ecclesiae
2076 4770 2566 4852 Arbensis
2630 4771 3018 4851 ordinat
3085 4784 3177 4851 et
3238 4776 3496 4852 inter

138 4923 571 4990 caetera
655 4910 1243 4987 mentionem
1306 4914 1612 5014 iupae
1694 4934 1870 4989 seu
1933 4913 2461 4989 comitatus
2526 4910 2894 4991 Lichae
2979 4923 3072 4991 et
3133 4909 3495 4989 Buzani

1714 5048 1983 5127 facit.

474 5293 689 5368 Anno
745 5292 833 5366 ab
891 5292 1363 5369 lucarnatione
1419 5294 1675 5368 domini
1726 5298 1942 5369 nostri
2010 5292 2178 5367 Jesu
2236 5291 2485 5371 Christi
2551 5297 2916 5370 Millesimo
2987 5241 3496 5389 septuagesimo

148 5404 403 5495 primo,
466 5397 851 5473 Indictione
905 5396 1118 5489 vnn.
1173 5398 1283 5473 die
1337 5410 1586 5475 octauo
1642 5402 1899 5475 mensis
1950 5397 2136 5492 Julij‚
2192 5410 2502 5498 tempore
2554 5401 2808 5475 domini
2875 5398 3257 5472 Alexandri
3324 5419 3504 5497 pape
