3950 5917
513 448 667 535 128

506 651 930 749 praelibatae
979 650 1067 726 ad
1102 674 1235 728 nos
1288 673 1442 726 cum
1494 653 1703 748 pleno
1755 662 1829 725 et
1878 650 2245 725 sufficienti
2277 650 2773 744 mandato,ut
2823 661 3114 748 apparet
3155 673 3253 725 ex
3287 649 3526 725 forma
3577 653 3820 726 instru-

508 760 725 831 menti
805 759 1246 853 manuscripti
1297 755 1661 853 Rapbayni
1710 754 1799 828 de
1854 752 2207 831 Caresinis
2257 752 2512 850 publici
2574 756 2980 831 auctoritate
3047 754 3382 851 imperiali
3449 758 3692 847 notat-ij
3763 765 3824 828 et

508 861 824 941 Ducatus
876 859 1323 937 Venetiam
1376 858 1677 982 scribae,
1731 855 1859 933 sub
1911 858 2273 932 millesimo
2328 861 2818 933 trecentesimo
2879 859 3449 954 quinquagesimo
3521 862 3822 953 septi-o,

519 964 630 1036 die
686 966 1022 1058 nigesimo
1078 972 1329 1036 octauo
1377 965 1638 1037 mensis
1690 960 2131 1053 Nouembris,
2184 961 2495 1034 decimae
2547 962 2964 1052 indictionis,
3035 961 3196 1033 dmn
3245 964 3317 1034 in
3369 964 3645 1034 ciuitate
3692 983 3825 1035 no-

517 1078 657 1139 stra
710 1066 963 1140 Jadrae
1016 1065 1418 1157 fuissemus,
1487 1068 2036 1155 transmiserunt,
2107 1075 2178 1136 et
2229 1086 2360 1138 nos
2432 1063 2798 1139 declaratis
2863 1068 3169 1160 ipsorum
3242 1062 3693 1140 uoluntatibus
3744 1063 3825 1138 ad

511 1179 886 1267 perpetuae
940 1172 1131 1265 pacis
1185 1178 1257 1242 et
1308 1168 1727 1243 concordiae
1789 1169 2133 1242 uinculum
2187 1164 2634 1241 amicabiliter
2679 1171 3046 1242 inuitat-unt
3095 1188 3224 1264 per
3271 1167 3584 1243 eosdem.
3684 1166 3826 1241 Nos

512 1277 741 1367 igitur,
795 1276 908 1370 qui
963 1295 1117 1346 cum
1172 1270 1575 1347 Christianis
1594 1344 1603 1355 ,
1625 1270 2059 1368 quibuslibet,
2114 1281 2185 1344 et
2234 1274 2590 1367 potissime
2641 1294 2800 1344 cum
2850 1270 3169 1362 Venetis,
3223 1274 3495 1367 antiqua
3540 1273 3825 1345 amicitia

512 1397 733 1471 regno
785 1385 1026 1451 nostro
1100 1379 1510 1467 coniunctis,
1578 1397 1821 1471 pacem
1894 1378 2303 1470 optauimus,
2378 1383 2450 1448 et
2502 1385 2844 1472 optamus,
2899 1372 2985 1447 ad
3017 1374 3540 1470 indi-ascriptam
3592 1394 3824 1470 pacem

511 1490 580 1550 et
633 1479 1099 1570 concordiam,
1153 1479 1307 1552 Deo
1345 1481 1634 1575 propitio
1687 1487 2019 1575 perpetuo
2076 1478 2492 1567 duraturam,
2549 1478 2954 1552 deuenimus
3005 1500 3162 1551 cum
3215 1477 3481 1552 eisdem
3534 1481 3602 1549 in
3654 1477 3825 1551 bunc

512 1582 808 1656 modum.
862 1582 1231 1673 Videlicet,
1286 1583 1467 1683 quod
1517 1581 1698 1654 idem
1732 1581 1921 1671 Dux,
1974 1592 2046 1655 et
2099 1584 2549 1655 communitas
2601 1580 3073 1670 venetiarum,
3128 1590 3200 1654 ct
3248 1584 3319 1655 in
3363 1596 3604 1654 eorum
3655 1602 3825 1676 per-

515 1690 732 1778 sonis,
787 1709 872 1758 ac
926 1690 1107 1776 uice,
1162 1697 1232 1759 et
1283 1689 1558 1759 nomine
1613 1685 2041 1774 eorumdem,
2093 1682 2632 1775 Ambaxatores,
2686 1687 2929 1776 nuntiJ,
2977 1695 3493 1807 procuratores,
3542 1693 3614 1756 ct
3648 1706 3824 1780 syn-

514 1788 648 1860 dici
699 1788 1078 1913 praelibati,
1132 1786 1467 1864 babentes
1513 1788 1600 1860 ad
1634 1787 2105 1862 infradicenda
2156 1788 2427 1884 plenam
2479 1799 2550 1861 et
2582 1786 2867 1860 liberam
2918 1797 3357 1883 potestatem,
3413 1790 3658 1882 uigore
3708 1790 3825 1861 in-

516 1895 870 1965 strumenti
939 1896 1074 1965 iam
1146 1891 1334 1985 dicti,
1415 1892 1598 1988 quod
1667 1913 1884 1988 penes
1953 1913 2086 1966 nos
2138 1894 2536 1965 retinuimus
2591 1889 2678 1964 ad
2732 1890 3094 1981 cautelam,
3179 1893 3481 1964 contenti
3557 1889 3827 1965 fuerunt

514 2000 930 2085 renuntiare,
1006 2007 1075 2069 et
1127 1995 1580 2069 effectualiter
1645 1997 2204 2069 renuntiauerunt
2254 1994 2341 2066 de
2396 1992 2580 2068 facto
2633 1998 2705 2067 in
2757 1993 3068 2069 manibus
3121 1997 3405 2085 nostris,
3464 2003 3704 2068 nostro
3759 2002 3830 2068 ct

514 2120 1002 2173 successorum
1052 2109 1441 2173 nostrorum
1485 2098 1757 2192 Regum
1800 2102 2105 2189 nomine,
2157 2100 2281 2170 toti
2322 2097 2731 2190 Dalmatiae,
2785 2120 2826 2170 a
2871 2097 3237 2171 medietate
3291 2097 3558 2172 scilicet
3594 2097 3830 2184 Quar-

509 2205 713 2294 narij,
767 2224 991 2297 vsque
1044 2202 1129 2275 ad
1170 2201 1479 2276 confines
1531 2201 1837 2293 Duracij,
1893 2198 2207 2275 omnibus
2262 2199 2671 2292 ciuitatibus,
2722 2205 2953 2292 terris,
3008 2204 3278 2292 castris,
3328 2199 3598 2292 insulis,
3649 2221 3830 2297 por-

507 2305 708 2378 tubus
764 2316 834 2378 et
887 2302 1170 2396 iuribus,
1224 2327 1402 2401 quae
1454 2303 1855 2379 habuissent
1906 2315 1978 2378 et
2019 2307 2427 2395 tenuissent,
2481 2314 2553 2377 et
2602 2301 2970 2395 habebant,
3023 2314 3092 2376 et
3143 2301 3496 2396 tenebant,
3545 2306 3611 2375 in
3668 2306 3830 2379 eis-

386 2416 395 2423 “
508 2407 663 2479 dem
719 2408 1227 2504 quoquomodo,
1281 2418 1353 2480 et
1405 2407 1779 2504 spetialiter
1844 2407 2226 2481 ciuitatibus
2296 2406 2568 2498 Nonae,
2636 2407 2916 2496 Jadrae,
2993 2406 3424 2496 Scardonae,
3493 2405 3832 2498 Sibenici,

505 2510 848 2604 Tragurij,
903 2510 1164 2608 Spalati
1216 2522 1287 2585 et
1335 2510 1652 2605 RagusiJ,
1705 2514 1773 2583 in
1827 2521 2011 2584 terra
2065 2509 2256 2583 firma
2312 2509 2785 2584 existentibus.
2889 2509 3060 2584 Item
3115 2509 3495 2585 ciuitatibus
3547 2520 3619 2583 et
3669 2520 3832 2584 ter-

503 2621 600 2686 ris
656 2612 903 2689 Obseri
974 2615 1331 2706 videlicet,
1403 2624 1475 2686 et
1536 2613 1805 2704 Chersi,
1858 2612 2154 2707 Veglae,
2213 2612 2408 2703 Arbi,
2461 2613 2657 2707 Pagi,
2726 2613 3115 2705 Brachiani,
3186 2613 3456 2687 Lesnae
3512 2622 3582 2685 et
3635 2611 3832 2687 Gor-

504 2719 729 2810 zulae,
785 2741 937 2790 cum
990 2718 1231 2792 insulis
1278 2727 1348 2789 et
1385 2714 1697 2791 omnibus
1752 2714 2143 2790 utilitatibus
2199 2726 2270 2788 et
2301 2719 2728 2813 pertinentijs
2782 2716 3207 2809 eorumdem,
3262 2738 3348 2789 ac
3380 2716 3588 2789 titulis
3640 2716 3830 2789 Dal-

504 2824 753 2895 matiae
827 2832 897 2893 et
950 2818 1297 2907 croatiae,
1369 2820 1609 2917 quibus
1678 2824 1775 2892 uti
1846 2830 2353 2894 consueuerant
2402 2819 2637 2894 Duces
2692 2819 3039 2912 antedicti,
3111 2830 3182 2893 et
3230 2828 3444 2893 totum
3514 2822 3828 2916 ipsorum

502 2928 640 3014 ius,
695 2934 763 2995 et
798 2923 1192 3015 dominium,
1247 2946 1331 2996 ac
1367 2926 1877 3020 proprietatem,
1932 2926 1994 2998 si
2049 2945 2222 3019 quos
2275 2919 2700 3015 habuissent,
2746 2924 2816 2996 in
2869 2945 3001 2999 nos
3055 2932 3127 2996 et
3168 2943 3625 2998 successores
3675 2945 3826 2996 no-

504 3035 713 3117 stros,
768 3036 1039 3124 sponte,
1093 3026 1497 3118 deliberate,
1552 3035 1623 3101 et
1672 3030 1877 3101 animi
1922 3030 2328 3117 maturitate⁴
2358 3026 2912 3118 transferrentes.
2943 3106 2954 3117 ,
2990 3026 3490 3113 Renuntiantes
3539 3029 3840 3122 iusuper

504 3133 686 3202 omni
739 3134 993 3204 actioni
1047 3140 1118 3203 et
1170 3133 1354 3204 omni
1406 3133 1559 3220 iuri,
1616 3141 1686 3204 et
1736 3130 1914 3224 legis
1966 3128 2335 3219 beneficio,
2408 3128 2652 3225 quibus
2704 3131 2844 3203 ullo
2895 3153 3192 3227 unquam
3262 3130 3576 3226 tempore
3641 3151 3827 3225 pos-

500 3243 655 3306 sent
726 3245 960 3307 contra
1032 3235 1405 3331 praedicta,
1486 3234 1603 3307 uel
1666 3233 2173 3330 praedictorum
2252 3231 2526 3329 aliquod
2581 3255 2661 3308 se
2714 3237 2983 3326 iuvare,
3038 3245 3109 3307 et
3158 3236 3631 3329 promittentes
3688 3256 3833 3307 so-

493 3337 834 3428 lemniter,
889 3335 1016 3413 sub
1068 3339 1346 3412 vinculo
1419 3340 1856 3427 sacramenti,
1927 3359 2054 3433 pro
2110 3359 2217 3429 se,
2272 3346 2343 3409 et
2394 3336 2620 3428 dictis,
2687 3336 2885 3410 Duce
2938 3347 3011 3410 et
3062 3339 3409 3410 communi
3477 3358 3832 3432 corpora-

492 3440 650 3514 liter
690 3445 1023 3537 praestiti,
1078 3441 1165 3515 de
1201 3444 1350 3538 ipsa
1385 3441 1750 3531 Dalmatia,
1804 3440 2217 3531 ciuitatibus,
2269 3443 2500 3530 terris,
2555 3444 2827 3530 castris,
2878 3441 3082 3532 locis,
3133 3439 3403 3531 insulis,
3453 3437 3719 3514 iuribus
3757 3449 3836 3513 et

498 3545 732 3634 titulis,
788 3567 872 3617 ac
922 3548 1228 3641 ipsorum
1279 3544 1629 3633 Dominio,
1686 3566 1812 3618 seu
1864 3547 2320 3639 possessione
2391 3544 2575 3616 nullo
2629 3565 2923 3640 unquam
2976 3555 3290 3640 tempore
3349 3565 3474 3639 per
3526 3565 3636 3633 se,
3709 3543 3844 3616 net

499 3646 674 3720 alios
730 3669 809 3721 se
864 3651 1313 3721 intromittere
1368 3647 1484 3720 uel
1534 3648 1961 3743 aliquatenus
2030 3647 2363 3744 impedire
2435 3668 2653 3742 usque
2724 3646 3037 3723 confines
3107 3645 3510 3722 antedictos.
3616 3643 3835 3721 Obli-

495 3759 743 3843 gantes
795 3772 904 3841 se,
958 3772 1200 3825 omnes
1255 3752 1596 3842 ciuitates,
1648 3760 1900 3840 terras,
1955 3760 2211 3842 castra,
2261 3750 2448 3841 loca,
2499 3761 2765 3847 portus,
2817 3752 3103 3841 insulas,
3185 3761 3389 3846 atque
3440 3753 3589 3824 iura
3640 3748 3838 3823 infra

496 3853 675 3925 dicta
730 3852 1026 3927 confinia
1082 3856 1476 3945 existentia,
1549 3875 1727 3950 quae
1781 3862 1938 3928 sunt
1990 3875 2115 3950 pro
2169 3874 2352 3926 nunc
2402 3856 2473 3926 in
2525 3875 2717 3926 mera
2769 3863 3113 3950 potestate
3169 3857 3505 3951 ipsorum,
3573 3851 3840 3945 libere,

486 3962 687 4051 pure,
742 3967 812 4030 et
866 3958 1261 4053 simpliciter
1328 3957 1556 4049 nobis,
1626 3958 1743 4031 uel
1790 3979 1993 4053 quem
2049 3957 2137 4030 ad
2189 3956 2325 4029 boc
2379 3956 2967 4053 deputauen‘mus,
3037 3955 3300 4054 absque
3369 3959 3558 4031 omni
3627 3956 3836 4048 dolo,

490 4063 640 4133 siue
691 4058 935 4133 fraude
986 4060 1164 4135 infra
1219 4065 1510 4157 spatium
1562 4064 1803 4156 uiginti
1858 4059 2148 4134 duorum
2204 4059 2465 4134 dierum
2507 4083 2546 4133 a
2583 4071 2895 4156 tempore
2949 4060 3151 4136 datae
3185 4063 3840 4158 litterarumprae-

490 4165 783 4236 sentium
862 4168 1243 4260 resignare.
1348 4165 1457 4238 De
1527 4169 1730 4240 terris
1810 4174 2037 4238 autem
2112 4175 2184 4238 et
2233 4164 2437 4255 locis,
2518 4186 2694 4260 quae
2744 4166 2817 4238 in
2867 4167 3171 4260 ipsorum
3253 4174 3596 4261 potestate
3677 4185 3838 4239 non

486 4277 748 4357 essent,
803 4267 929 4342 sed
983 4279 1393 4362 regerentur
1444 4291 1570 4365 per
1611 4268 1957 4343 Rectores
2012 4266 2439 4358 eorumdem,
2485 4288 2851 4360 reuocare,
2924 4278 2996 4342 et
3047 4268 3420 4343 extrahere
3474 4266 3840 4363 quoslibet

482 4368 855 4459 Rectores,
910 4382 981 4445 et
1033 4372 1412 4462 officiales,
1467 4381 1537 4443 et
1590 4381 1842 4464 gentes
1899 4371 2239 4466 quaslibet
2292 4392 2533 4444 eorum
2584 4375 2864 4446 nomine
2935 4368 3190 4447 ibidem
3258 4370 3683 4462 residentes,
3759 4380 3846 4446 et

484 4473 666 4566 quod
737 4479 840 4549 eis
910 4476 1353 4571 imposterum
1426 4484 1672 4547 contra
1736 4495 1898 4565 nos,
1967 4475 2084 4548 uel
2156 4473 2430 4571 aliquod
2502 4475 2855 4567 auxilium,
2925 4476 3043 4550 uel
3108 4479 3432 4550 iuuamen
3481 4496 3626 4549 non
3683 4473 3840 4548 da-

479 4572 669 4664 bunt;
724 4576 1187 4674 supplicantes
1240 4601 1338 4650 ex
1374 4596 1583 4667 nunc,
1657 4578 1839 4673 quod
1893 4581 2084 4673 ipsas
2140 4582 2481 4665 ciuitates,
2551 4588 2802 4669 terras,
2875 4588 3103 4654 castra
3158 4589 3231 4653 et
3279 4579 3463 4669 loca,
3517 4600 3682 4652 cum
3741 4576 3842 4651 ad

480 4686 796 4751 nostram
852 4677 1309 4754 obedientiam
1383 4681 1811 4772 deueuerint,
1885 4679 2325 4775 dignaremur
2377 4681 2504 4756 sub
2558 4680 2913 4758 fauoribus
2966 4693 3039 4756 ct
3084 4686 3325 4777 gratiis
3377 4686 3639 4758 nostris
3694 4704 3850 4756 ro-

485 4783 749 4875 cipere,
804 4785 981 4857 sicut
1033 4784 1216 4859 soliti
1268 4783 1521 4858 fuimus
1576 4806 1739 4858 esse
1793 4785 1947 4877 alijs
1999 4788 2304 4880 gratiosi.
2392 4784 2482 4858 Et
2531 4808 2737 4861 uersa
2789 4791 2975 4878 uice,
3025 4785 3201 4879 Nos,
3253 4786 3571 4861 uolentes
3627 4789 3846 4882 ipsos

478 4882 778 4975 Ducem,
836 4896 907 4958 et
960 4909 1322 4960 commune
1401 4887 1660 4961 habere
1715 4899 2046 4985 perpetuo
2097 4892 2167 4963 in
2223 4892 2486 4964 amicos
2568 4893 2994 4981 carissimos,
3072 4893 3549 4987 promittimus,
3633 4889 3846 4984 quod

481 5010 724 5062 omnes
779 4998 1028 5081 terras,
1080 5002 1304 5064 castra
1363 5002 1434 5066 et
1484 4993 1667 5084 loca,
1724 5015 1893 5088 quas
1947 4995 2105 5089 ipsi,
2162 5016 2286 5068 seu
2343 5013 2583 5065 eorum
2639 4993 2914 5086 subditi,
2964 5003 3039 5066 et
3089 5016 3434 5089 sequaces
3486 4992 3848 5067 tenebant

472 5094 544 5164 in
598 5093 902 5188 partibus
954 5093 1384 5187 Triuisanae,
1440 5106 1512 5168 et
1564 5094 2004 5187 cenetensis,
2061 5119 2146 5169 ac
2196 5095 2469 5188 Istriae,
2523 5118 2652 5171 seu
2706 5097 2891 5190 alibi,
2946 5119 3123 5194 quae
3177 5098 3266 5170 ad
3318 5107 3597 5172 nostras
3654 5119 3848 5170 mn-

472 5217 604 5269 nus
660 5196 1130 5290 deuenissent,
1182 5200 1301 5272 uel
1352 5199 1781 5292 deuenirent,
1835 5200 1950 5273 uel
2002 5211 2420 5290 nostrorum,
2476 5210 2548 5273 et
2583 5205 2863 5275 nomine
2914 5211 3158 5277 nostro
3213 5209 3648 5291 tenerentur,
3709 5209 3848 5274 aut

471 5308 905 5391 nostrorum3
971 5301 1125 5394 sibi,
1182 5313 1254 5377 et
1306 5303 1504 5378 dictis
1558 5307 1701 5378 suis
1758 5303 2071 5396 subditis,
2127 5315 2197 5379 et
2248 5326 2536 5400 quorum
2591 5315 2813 5398 erant,
2866 5304 3205 5380 faciemus
3285 5304 3488 5395 tradi,
3541 5307 3844 5379 restitui

470 5408 543 5479 et
586 5400 803 5477 libere
857 5410 1225 5504 assignari,
1274 5405 1455 5483 infra
1508 5410 1868 5483 terminum
1921 5411 2163 5503 uiginti
2219 5408 2506 5483 duorum
2562 5408 2823 5483 dierum
2876 5408 3410 5505 praedictorum,
3459 5430 3591 5485 seu
3650 5410 3872 5506 qui-.
