3950 5917
3370 450 3517 523 221

171 638 577 714 vendicioui
658 663 1016 737 exponere
1095 647 1487 738 permittere
1562 656 1631 719 et
1707 652 2003 743 permitti
2081 648 2320 723 facere
2402 651 2710 725 debeatis
2769 664 2839 726 et
2889 658 3300 744 teneamiui3
3379 677 3523 731 nec

169 746 373 838 ipsos
430 754 668 816 contra
723 744 1016 818 formam
1092 752 1434 842 presentis
1512 760 1748 823 nostre
1828 758 2194 825 annuentie
2246 759 2315 826 in
2368 760 2714 850 personi3‚
2795 755 3137 853 rebusque
3194 767 3262 830 et
3312 756 3519 832 bonis

168 869 421 918 eorum
461 846 972 945 quibuscunque
1029 861 1305 946 propter
1339 853 1822 927 vendicionem
1878 856 2262 930 huiusmodi
2318 859 2557 930 salium
2597 860 2951 956 impedire,
3002 860 3303 947 turbare,
3350 884 3521 934 mo-

169 948 466 1040 lestare,
550 974 676 1024 seu
754 956 999 1047 quouis
1080 954 1286 1028 modo
1370 955 1855 1053 dampnificare
1938 965 2342 1053 presumatis
2415 966 2653 1056 gracie
2725 974 2961 1037 nostre
3035 965 3160 1038 sub
3214 963 3521 1039 obtentu.

166 1051 627 1126 Presentibus
667 1057 1006 1150 perlectis
1062 1058 1412 1131 exhibenti
1464 1064 1814 1134 restitutis.
1922 1063 2171 1135 Datum
2225 1063 2415 1135 Bude
2470 1068 2539 1137 in
2585 1065 2767 1138 festo
2822 1066 3036 1139 Beate
3075 1067 3523 1162 Margarethe

166 1155 506 1249 Virginis,
589 1157 795 1231 Anno
849 1159 1125 1232 Domini
1177 1161 1544 1237 Millesimo
1603 1165 2277 1258 quadringentesimo
2334 1174 2809 1263 octuagesimo
2863 1174 3104 1266 primo.
3211 1171 3517 1266 Regno-

165 1281 326 1332 rum
379 1271 775 1334 nostrorum
827 1263 1181 1358 Hungarie
1217 1276 1348 1338 etc.
1404 1265 1612 1339 Anno
1664 1272 2010 1361 vigesimo
2068 1282 2335 1366 quarto,
2388 1271 2720 1346 Bohemie
2774 1296 2949 1348 vero
3003 1274 3406 1366 tredecimo.

1268 1491 1590 1573 (Sigillum
1659 1496 1923 1575 Reqium
1991 1500 2423 1579 impressum)

1331 1707 1409 1770 In
1438 1708 1664 1771 dextro
1696 1710 2000 1789 inferiori
2036 1715 2325 1792 maryine
2341 1737 2364 1776 .·

493 1919 607 1992 Ad
660 1920 1091 1997 Relationem
1143 1922 1406 2000 Vrbani
1457 1925 1680 2001 Electi
1729 1928 2139 2024 buriensis,
2193 1932 2653 2008 Thesaurarii.

165 2144 322 2217 orig.
353 2147 411 2200 in
445 2146 675 2203 archivo
710 2111 880 2222 aestui
928 2150 1185 2208 croatiae.
1219 2154 1355 2208 rav.
1393 2154 1455 2207 n.
1492 2156 1577 2208 52.

1767 2775 1971 2858 GL.

1059 3063 1266 3133 Anno
1322 3060 1557 3134 1484.
1615 3063 1732 3134 die
1785 3063 1916 3134 30.
1974 3065 2297 3158 Augusti.
2355 3064 2625 3135 Budas.

177 3322 594 3402 mathias
688 3320 890 3403 Rex
981 3325 1313 3428 priora
1394 3347 1565 3402 sua
1648 3323 2054 3403 decreta
2137 3324 2250 3403 de
2315 3325 2732 3404 decimis
2825 3322 3515 3429 Episcopatus

893 3460 1619 3567 Zagrabiensis
1681 3461 1863 3541 hoc
1925 3485 2172 3541 novo
2240 3462 2797 3542 confirmat.
3504 3467 3507 3472 '

2056 3722 2429 3791 Cominium
2468 3729 2743 3808 propria
2788 3727 3052 3790 Domini
3093 3728 3303 3809 Reyis.

491 3945 785 4019 Mathias
833 3946 967 4019 Dei
1019 3949 1255 4040 gracia
1307 3945 1468 4018 Rex
1520 3946 1897 4040 Huugarie‚
1951 3946 2283 4020 Bohemie
2338 3959 2469 4021 etc.
2573 3946 2795 4020 Fideli
2845 3957 3084 4022 nostro
3137 3946 3511 4040 Magnifice

176 4049 432 4123 Hathie
473 4049 705 4122 Gereb
760 4050 846 4122 de
887 4049 1306 4146 Wyngarth‚
1359 4048 1759 4143 Regnorum
1816 4059 2206 4124 nostrorum
2241 4050 2624 4140 Dalmacie,
2680 4049 2973 4125 Croacie
3029 4061 3100 4124 et
3136 4051 3510 4126 Sclauonie

171 4152 396 4244 Bano‚
452 4157 743 4249 eiusque
794 4152 1166 4228 Vicebanis
1221 4151 1468 4248 prefati
1518 4152 1745 4246 Regni
1796 4157 2013 4227 nostri
2069 4154 2441 4228 Sclauonie
2495 4156 2784 4228 salutem
2841 4166 2911 4228 et
2962 4159 3287 4251 graciam.
3361 4155 3512 4230 Etsi

176 4255 648 4353 superioribus
720 4260 916 4331 annis
986 4256 1242 4329 factum
1296 4257 1673 4329 dicaciouis
1728 4267 1800 4328 et
1852 4258 2229 4331 solucionis
2301 4258 2745 4346 decimarum,
2821 4259 3111 4355 qualiter
3179 4259 3511 4332 videlicet

173 4361 537 4454 regnicole
591 4363 808 4434 nostri
864 4359 1234 4434 Sclauonie
1292 4360 1376 4433 de
1432 4359 1769 4453 frugibuS‚
1807 4358 2068 4450 'bladis⁹
2124 4365 2331 4449 νίιιίε,
2385 4362 2637 4452 mimis,
2692 4361 2916 4455 hedis,
2973 4366 3201 4458 porcis
3250 4374 3319 4436 et
3354 4364 3509 4442 aliis

172 4464 384 4537 rebus
441 4463 771 4537 decimari
823 4464 1070 4553 solitis,
1123 4463 1539 4537 Reuerendo
1594 4463 1872 4537 domino
1928 4464 2231 4538 Osualdo
2293 4464 2641 4562 Episcopo
2694 4466 3015 4539 Ecclesie
3068 4465 3507 4560 Zagrabien-

173 4572 272 4641 sis
330 4566 995 4663 successoribusque
1050 4570 1194 4642 suis
1275 4568 1581 4640 decimas
1662 4571 2006 4641 annuatim
2087 4570 2364 4641 soluere
2445 4569 2799 4658 deberent,
2880 4573 3053 4643 visis
3134 4579 3385 4643 eotunc
3437 4580 3511 4643 et

173 4675 588 4745 examinatis
654 4675 943 4766 antiquis
997 4668 1256 4744 iuribus
1311 4680 1382 4743 et
1433 4671 1810 4767 priuilegiis
1862 4670 2129 4766 prefate
2182 4671 2502 4746 Ecclesie
2555 4672 3073 4767 Zagrabiensis.,
3126 4696 3252 4769 per
3303 4673 3505 4747 diuos

172 4774 416 4871 Reges
469 4774 821 4867 Hungarie
875 4775 1097 4848 eidem
1152 4775 1475 4849 Ecclesie
1546 4773 1801 4848 exinde
1872 4780 2261 4865 concessis,
2333 4799 2471 4850 vna
2527 4800 2681 4848 cum
2734 4776 3024 4851 Prelatis
3080 4788 3152 4851 et
3201 4777 3507 4850 Batoni-

176 4876 303 4952 bus
356 4881 643 4966 nostris,
708 4877 793 4951 ad
847 4879 982 4951 hoc
1037 4878 1426 4974 specialiter
1479 4882 1906 4966 conuocatis,
1982 4878 2210 4952 debito
2265 4880 2472 4953 modo
2521 4880 3033 4954 limitauerimus
3089 4891 3161 4953 et
3210 4890 3506 4955 senten-

175 4985 424 5056 tialiter
506 4983 1076 5068 concluserimus,
1153 4991 1359 5078 provt
1409 4986 1476 5055 in
1532 4982 1772 5054 litteris
1852 4985 2104 5055 nostris
2186 4983 2721 5073 adiudicaturus,
2803 4984 3058 5056 exinde
3139 4983 3507 5072 confectis,

177 5085 310 5158 late
365 5088 797 5172 continetur-3
869 5085 1075 5158 oblati
1128 5096 1356 5158 tamen
1427 5084 1698 5157 fuerant
1768 5089 1939 5160 certi
1994 5087 2257 5158 articuli
2310 5109 2436 5182 per
2503 5092 2693 5182 ipsos
2764 5088 3159 5181 regnicolas
3230 5097 3510 5163 nostros

177 5187 517 5263 maiestati
563 5198 828 5276 nostre.,
885 5188 1125 5283 quibus
1182 5186 1664 5284 querebantur,
1720 5191 1937 5282 ipsum
1993 5188 2339 5261 dominum
2390 5189 2835 5286 Episcopum,
2891 5189 3015 5263 sed
3071 5200 3140 5263 et
3193 5192 3510 5264 decima-

181 5301 366 5368 tores
406 5293 748 5382 eiusdem,
802 5292 1185 5366 huiusmodi
1255 5293 1690 5364 limitationes
1742 5302 1811 5362 et
1848 5292 2244 5366 decisiones
2298 5302 2573 5366 nostras
2630 5299 3031 5368 excessisse
3087 5306 3156 5368 et
3210 5295 3297 5368 ad
3350 5318 3512 5368 am-

177 5397 470 5490 pliorem
505 5396 930 5469 solucionem
987 5381 1374 5469 faciendam
1423 5417 1548 5468 eos
1595 5405 1979 5484 coarctare,
2033 5406 2396 5491 propterea
2453 5397 2921 5493 supplicabant
2971 5397 3196 5489 nobis,
3254 5399 3512 5473 exinde
