3950 5917
554 385 723 457 248

558 591 699 664 Vbi
752 614 926 662 vero
979 593 1344 683 negocium
1397 588 1779 662 huiusmodi
1833 588 1919 661 ad
1966 589 2186 662 forum
2239 599 2547 661 vestrum
2603 591 2874 660 minime
2906 589 3323 683 pertinuerit,
3358 596 3592 659 extunc
3621 588 3805 661 nullas

564 697 827 770 litteras
881 697 1229 767 citatorias
1280 693 1524 766 talibus
1577 692 2240 787 calumpniatoribus,
2295 716 2381 765 ac
2429 694 2545 765 tali
2585 692 2776 764 lucro
2814 714 2894 764 se
2928 700 3312 764 sustentare
3343 691 3547 768 solitis
3586 689 3805 763 decer-

408 875 425 894 ,
567 821 738 872 nere
808 798 1140 882 debeatis.
1223 819 1355 870 nec
1407 800 1555 871 sitis
1607 801 1752 870 ausi
1808 796 2015 869 modo
2065 797 2356 892 aliquali.
2435 795 2520 868 Et
2571 795 2702 868 hec
2738 796 3051 868 volumus
3088 797 3291 866 etiam
3326 816 3445 889 per
3476 815 3805 867 successo-

565 925 685 975 res
735 912 1013 975 vestros
1064 900 1383 974 Vicarios
1446 901 1734 991 scilicet,
1788 912 1858 973 et
1908 900 2480 974 Locumtenentes
2532 900 2859 972 dictarum
2910 898 3372 975 Ecclesiarum
3424 896 3640 970 facere
3700 897 3804 970 fir-

567 1009 768 1079 miter
816 1006 1197 1091 obseruari
1249 1015 1319 1077 et
1368 1014 1727 1099 presentes
1779 1014 1935 1099 post
1985 1006 2310 1077 lecturam
2363 1003 2557 1076 reddi
2601 1025 2874 1099 semper
2912 1003 3349 1098 presentanti.
3415 1000 3640 1073 Datum
3685 1000 3809 1072 Bu·
3891 1049 3892 1090 3

562 1110 657 1183 de
705 1108 878 1183 feria
932 1119 1168 1206 quarta
1221 1113 1532 1231 proxima
1588 1118 1743 1204 post
1791 1108 2039 1181 festum
2093 1108 2563 1238 Pentecoste&
2669 1107 2873 1179 Anno
2941 1107 3205 1178 Domini
3266 1103 3611 1178 millesimo
3657 1126 3811 1198 qua-
3891 1121 3892 1124 ’

562 1215 1089 1307 dringentetimo
1141 1216 1594 1305 nonagesimo
1648 1232 1854 1285 nono.
3889 1227 3892 1344 ι

1670 1447 1984 1524 (Siyillnm
2032 1444 2290 1548 Regulum
2307 1533 2319 1548 .
2338 1462 2706 1530 appr-essum
2731 1449 2764 1519 J

560 1656 825 1725 origin-le
861 1660 914 1708 in
950 1657 1181 1710 Archivo
1216 1657 1388 1727 Regni
1424 1654 1677 1709 croatiae.
1715 1655 1848 1708 Priv.
1886 1655 1945 1709 N.
1984 1655 2070 1708 94.

1908 2298 2352 2382 CLXV!
2365 2300 2518 2382 11.

766 2593 973 2661 Anno
1024 2588 1253 2660 1501.
1306 2589 1527 2659 Fer-ia
1558 2594 1891 2677 proxima
1948 2597 2114 2659 ante
2154 2589 2566 2660 dominicam
2626 2590 2872 2661 Remis
2918 2590 3329 2683 palmarum.
3392 2589 3651 2661 Budae.

554 2843 1136 2933 V'ladislaus
1213 2848 1411 2930 Rex
1505 2875 1544 2927 a
1626 2847 1967 2955 Regno
2051 2851 2601 2931 Slavoniae
2695 2853 2801 2932 ad
2898 2853 3633 2933 defendendum
3700 2873 3826 2925 ca·-

555 3001 858 3067 strum
949 2988 1263 3094 Jajca‚
1360 2993 1512 3067 cui
1599 3013 1637 3065 a
1701 2986 2058 3067 Turcis
2152 2991 2702 3093 periculum
2797 2992 3405 3094 imminebat,
3502 2986 3826 3070 auxilia

2075 3152 2121 3231 p
2146 3153 2189 3206 e
2211 3139 2239 3206 t
2258 3133 2281 3207 i
2300 3140 2348 3208 t.

2413 3375 2790 3451 Commi-reio
2828 3391 3103 3470 propria
3144 3392 3417 3452 Domini
3457 3389 3658 3469 Reyis.

863 3582 1286 3656 wladislaus
1342 3581 1471 3655 Dei
1507 3585 1741 3677 gracia
1785 3581 1942 3655 Rex
1978 3582 2326 3674 Hungarie
2363 3591 2432 3654 et
2465 3582 2793 3654 Bobemie
2840 3587 2966 3654 dcc.
3021 3581 3365 3655 Fidelibus
3412 3584 3665 3655 nostris
3695 3573 3835 3649 Ha-

548 3684 820 3780 gnilicis
872 3708 956 3758 ac
1008 3685 1329 3781 Egregiis
1374 3695 1444 3759 et
1494 3685 1847 3761 Nobilibus
1901 3686 2341 3758 Vniuersitati
2386 3684 2913 3778 Regnicolarum
2969 3686 3189 3779 Regni
3235 3690 3456 3759 nostri
3498 3681 3835 3757 Sclauonie

553 3790 839 3863 salntem
894 3800 963 3862 et
1014 3793 1342 3883 graciam.
1449 3787 1814 3862 Certiflcati
1869 3812 2145 3877 sumus;
2200 3800 2268 3861 et
2303 3793 2575 3862 omnino
2613 3811 2737 3885 pro
2783 3791 3140 3884 explorato
3186 3789 3523 3863 babemus
3557 3788 3837 3860 Tburcos

554 3904 849 3967 castrum
920 3894 1179 3990 Jaycza
1251 3897 1319 3966 in
1371 3892 1477 3966 his
1550 3893 1789 3967 diebus
1856 3894 2041 3965 velle
2110 3892 2450 3966 obsidere.
2558 3892 2754 3981 Quod
2808 3917 2943 3966 non
3011 3917 3258 3967 vanum
3330 3906 3453 3967 aut
3523 3890 3833 3969 friuolam,

550 3996 676 4071 sed
732 4006 989 4070 certum
1042 4007 1112 4069 et
1164 3996 1617 4070 firmissimum
1672 4001 1925 4070 existit.
2031 3997 2202 4068 Nam
2256 3998 2429 4070 vltra
2485 3998 2615 4069 alia
2670 4000 2895 4070 omnia
2948 4001 3274 4086 intimata,
3343 3993 3493 4093 'que
3550 4009 3625 4069 vt
3672 3994 3836 4067 dixi-

549 4122 729 4189 mus,
801 4100 1166 4195 superinde
1238 4122 1375 4172 non
1447 4101 1535 4174 de
1587 4124 1728 4174 vno
1800 4101 2150 4191 duntaxat.
2222 4101 2345 4174 sed
2401 4101 2489 4172 de
2543 4100 2841 4197 pluribus
2891 4102 3066 4175 locis
3137 4101 3525 4190 babuimus,
3597 4096 3834 4195 quidam

550 4208 857 4300 captiuus
908 4204 1216 4277 Thurcus
1250 4208 1520 4278 ³missus
1574 4204 1797 4277 fuerat
1848 4204 1932 4277 ad
1988 4227 2146 4292 nos.,
2215 4209 2327 4300 qui
2379 4210 2621 4299 poenis
2674 4215 2743 4277 et
2809 4209 3163 4278 tormentis
3235 4210 3562 4299 agitatus,
3634 4203 3836 4274 fassus

549 4319 684 4396 est„
737 4310 954 4403 ipsum
1026 4309 1511 4404 Imperatorem
1582 4308 2004 4380 Thurcorum
2074 4311 2312 4405 procul
2383 4308 2585 4380 dubio
2639 4320 2935 4381 castrum
3005 4310 3161 4381 illud
3237 4311 3423 4382 velle
3500 4307 3837 4384 obsidere3

548 4421 864 4507 preterea
916 4413 1222 4508 plerique
1276 4415 1479 4484 etiam
1517 4412 1628 4484 alii
1680 4412 1931 4485 Tburci
1976 4415 2043 4483 in
2098 4411 2344 4485 eodem
2399 4422 2626 4485 castro
2681 4412 2939 4509 Jaycza
2995 4414 3286 4487 diuersis
3341 4416 3659 4487 similiter
3705 4421 3838 4480 tor-

552 4519 797 4590 mentis
850 4520 1153 4594 cruciati.
1202 4516 1634 4588 vniformiter
1684 4528 1753 4588 et
1806 4526 2268 4588 consentanea
2325 4538 2505 4588 voce
2556 4515 2759 4588 modo
2815 4518 3012 4590 simili
3082 4519 3460 4589 retulerunt
3531 4517 3841 4612 premissa

553 4623 779 4691 omnia
851 4642 1019 4693 vera
1075 4632 1145 4692 et
1187 4624 1570 4695 certissima
1625 4642 1808 4693 esse.
1913 4619 2069 4692 Non
2122 4619 2296 4715 fugit
2345 4631 2569 4693 autem
2625 4643 2783 4707 vos,
2837 4631 3120 4717 quantas
3175 4625 3642 4696 necessitates
3694 4638 3840 4715 pre·-

551 4726 784 4797 sertim
838 4728 906 4796 in
959 4723 1365 4797 victualibus
1419 4735 1713 4798 castrum
1769 4723 2140 4818 predictum
2193 4727 2456 4820 patitur.
2562 4725 2668 4796 Ne
2712 4728 2915 4817 igitur
2945 4730 3013 4797 in
3052 4736 3432 4799 extremam
3489 4725 3840 4821 perniciem

546 4850 638 4899 ac
688 4829 1059 4922 pericnlum
1113 4828 1311 4901 buius
1365 4881 1662 4901 ........
1714 4827 1964 4922 Regni,
2017 4839 2219 4924 atque
2272 4832 2567 4901 omnium
2617 4840 3005 4902 vestrorum
3060 4839 3355 4905 castrum
3411 4833 3642 4924 ipsum
3693 4844 3840 4922 per-

554 4942 693 5020 eat,
745 4935 880 5003 iam
933 4954 1097 5019 nos,
1168 4941 1487 5027 quantum
1537 4983 2313 5005 ....................
2371 4933 2658 5027 pedites.
2713 4942 2783 5005 et
2835 4937 3100 5028 equites
3153 4937 3486 5008 citissime
3541 4932 3633 5005 ad
3683 4930 3842 5003 idem

550 5044 852 5110 castrum
934 5037 1282 5123 misimus,
1359 5057 1447 5106 ac
1506 5037 1708 5109 aliam
1763 5087 2414 5109 .................
2470 5040 2931 5132 prouisionem
3011 5036 3321 5110 fecimus.
3431 5036 3848 5132 Quapropter

542 5159 676 5235 pro
729 5138 1049 5211 euitando
1097 5147 1321 5225 tanto,
1376 5148 1447 5212 et
1495 5150 1628 5212 tam
1684 5139 2090 5212 formidabili
2142 5191 2595 5213 ............
2648 5144 2880 5236 primis
2932 5139 3232 5235 partibus
3283 5141 3419 5213 illis
3473 5151 3550 5212 et
3597 5158 3844 5211 conse-

543 5251 843 5335 quenter
891 5242 1074 5324 huic.
1128 5251 1196 5315 et
1250 5242 1344 5315 illi
1394 5242 1687 5337 Regn03
1740 5248 1946 5316 immo
1999 5247 2235 5319 verius
2288 5295 2705 5317 ...........
2758 5267 3110 5339 rogamus,
3165 5255 3235 5317 et
3268 5244 3630 5318 hortamur
3679 5239 3847 5314 fide-

542 5346 777 5421 litates
847 5355 1147 5440 vestras,
1218 5345 1615 5440 eisdemque
1682 5351 1883 5420 etiam
1955 5350 2481 5440 committentes,
2550 5359 2755 5445 provt
2807 5395 3300 5423 .............
3329 5370 3403 5439 s,
3463 5358 3540 5420 et
3591 5344 3847 5419 Nobili-
