3950 5917
1365 1358 1574 1424 Anno
1639 1350 1870 1423 1398.
1934 1351 2017 1423 In
2074 1351 2296 1423 Gara.

161 1605 674 1698 Νιῡοιιιιιε,
714 1565 867 1695 de-
885 1614 1174 1718 Gara,
1257 1599 1826 1719 Regnorum
1873 1612 2493 1717 Dalmatiae,
2573 1581 3036 1693 Croatiae
3122 1591 3220 1694 et¹
3275 1613 3494 1694 Sta.-

161 1751 1714 1859 vontus-Banu,²&Priv151egi-um
1777 1752 2099 1857 Regni
2158 1751 2663 1831 delibera
2733 1751 3492 1832 Protonotbarii
3602 1753 3612 1774 ¹

1261 1892 1770 1972 electione
1852 1890 2405 1969 confirmat.
3006 1901 3017 1914 “

487 2163 637 2238 Nos
689 2163 1015 2238 Nicolaus
1073 2163 1160 2238 de
1216 2164 1424 2254 Gara,
1496 2163 1892 2258 Regnorum
1965 2097 2344 2253 Dalmatie,
2428 2162 2727 2254 Croatie,
2801 2162 3172 2236 Sclavonie
3239 2162 3491 2237 Banus.

173 2266 514 2341 Remorie
567 2269 1151 2360 commendamus,
1205 2268 1701 2363 significantes,
1761 2264 2347 2363 ‘iluibus'ex'pedit
2394 2265 2799 2341 minensis:
2862 2265 3069 2355 Quod
3122 2270 3275 2362 quia
3331 2267 3494 2339 dicti

28 2362 29 2373 ¹
169 2369 404 2466 Regni
474 2369 847 2445 Sclavonie
919 2371 1205 2446 Nobiles
1276 2372 1476 2446 nobis
1541 2395 1667 2469 per
1738 2393 1904 2445 suos
1958 2369 2299 2467 speciales
2352 2374 2622 2444 nuntios
2674 2370 2744 2442 id
2798 2372 3164 2466 querulose
3219 2370 3492 2465 signifi-

173 2498 342 2549 care
415 2487 756 2565 curarunt,
819 2476 999 2572 quod
1072 2477 1184 2549 alii
1255 2476 1558 2549 nonnulli
1627 2476 1841 2565 Bani,
1913 2476 2028 2548 vel
2082 2473 2546 2550 Vicecomites
2619 2475 2992 2547 eorundem
3044 2473 3266 2569 Regni
3317 2497 3492 2570 pre-

176 2579 380 2668 dicti,
473 2583 661 2674 ipsos
732 2580 820 2651 de
889 2583 1181 2676 antiquis
1255 2577 1858 2655 consuetudinibus
1931 2588 2002 2651 et
2067 2575 2448 2651 libertatum
2536 2583 2987 2675 prerogativis
3061 2578 3144 2650 ab
3217 2583 3491 2674 antiquo

174 2681 615 2780 approbatis,
687 2686 1040 2777 signanter
1106 2704 1280 2757 vero
1335 2687 1404 2755 in
1458 2684 1869 2756 alienatione
1925 2682 2346 2778 sigillorum,
2418 2683 2658 2779 quibus
2710 2686 2842 2779 ipsi
2894 2688 2961 2756 in
3012 2686 3315 2779 ipsorum
3369 2682 3492 2755 of-

173 2785 336 2861 ficio
390 2785 841 2881 fungerentur
910 2810 1037 2860 seu
1105 2797 1483 2880 uterentur,
1556 2797 1626 2860 et
1693 2790 1961 2860 notario
2019 2786 2392 2859 eorundem
2446 2809 2573 2883 per
2622 2791 2813 2882 ipsos
2865 2788 3117 2861 electo.
3172 2810 3299 2861 seu
3351 2787 3491 2859 eli-

176 2891 456 2987 gend0,
528 2889 708 2962 facta
782 2895 1225 2987 excepissent
1295 2901 1365 2963 et
1436 2892 1720 2976 eosdem
1767 2894 1855 2962 ιιι
1931 2890 2192 2972 eisdem
2264 2895 2537 2963 minime
2606 2901 2845 2964 tenere
2918 2901 2987 2964 et
3068 2913 3490 2965 conservare

177 3005 518 3068 curarunt.
571 2994 1083 3091 ·Supplicantes
1138 2993 1352 3068 Nobis
1405 3018 1531 3091 per
1582 2998 1854 3067 nuntios
1910 2997 2212 3090 ipsorum
2264 3005 2686 3118 prenotatoS,
2741 3006 2814 3069 ut
2862 2999 3053 3091 ipsos
3107 2998 3176 3068 in
3229 2994 3493 3068 eisdem

179 3097 781 3173 consuetudinibus
853 3109 924 3171 et
974 3097 1355 3171 libertatum
1425 3100 1904 3194 prerogatiuiS,
1978 3097 2218 3194 quibus
2283 3103 2412 3195 ipsi
2475 3108 2784 3194 tempore
2857 3099 3109 3172 domini
3160 3099 3496 3173 Lodovici

187 3204 338 3275 olim
390 3202 610 3294 Regis
663 3203 1035 3297 Hungarie,
1107 3203 1470 3298 indelende
1541 3206 1871 3278 memorie
1942 3206 2110 3278 tenti
2177 3201 2471 3276 fuissent
2541 3212 2611 3274 et
2681 3205 3102 3294 conservati,
3176 3214 3243 3275 et
3293 3212 3497 3299 prout

184 3311 380 3380 etiam
456 3306 955 3379 Serenissimus
1027 3306 1352 3402 Princeps
1407 3307 1738 3378 Dominus
1796 3305 2306 3400 sigismundus,
2379 3305 2538 3378 Rex
2590 3306 2937 3400 Hungarie
2992 3329 3075 3378 ac
3128 3307 3492 3398 Dalmatie,

180 3422 246 3483 et
305 3408 580 3482 Croatie
635 3410 1125 3505 predictorum,
1200 3411 1511 3484 dominus
1581 3421 1821 3512 noster
1884 3413 2252 3502 gratiosus,
2318 3410 2598 3483 easdem
2669 3409 3046 3484 Libertates
3119 3411 3494 3482 eorundem

180 3515 438 3638 pridem
514 3518 596 3586 ιιι
651 3514 1034 3596 Temesvar
1101 3513 1232 3586 de
1258 3518 1562 3586 vnanimi
1647 3517 2005 3588 sanctione
2075 3524 2144 3585 et
2214 3518 2551 3586 communi
2635 3511 2914 3587 decreto
2994 3518 3199 3586 totius
3269 3512 3496 3607 Regni

177 3624 280 3691 sui
335 3618 677 3689 Beronum
750 3628 821 3689 et
881 3617 1297 3710 Procerum,
1377 3640 1540 3714 ymo
1594 3620 2079 3706 vniversorum
2149 3616 2499 3705 nobilium,
2570 3618 2783 3692 literis
2818 3622 3000 3691 suis
3044 3616 3492 3690 mediantibus

176 3721 659 3795 confirmasset
711 3731 781 3793 et
833 3720 1261 3812 roborasset,
1333 3732 1531 3817 prout
1583 3726 1652 3794 in
1724 3721 1985 3796 eisdem
2048 3722 2259 3794 literis
2316 3744 2549 3794 coram
2607 3719 2806 3796 nobis
2860 3726 3294 3817 specietenus
3351 3744 3493 3792 ex-

174 3827 402 3899 hibitis
476 3825 813 3920 limpidius
885 3830 1306 3912 continetur,
1388 3836 1628 3897 tenere
1683 3836 1752 3896 et
1805 3848 2228 3898 conseruare
2283 3825 2735 3920 dignaremur.
2841 3825 2988 3898 Nos
3040 3830 3245 3918 igitur
3286 3826 3495 3917 justis

177 3941 246 4003 et
297 3931 623 4021 legitimis
693 3930 1067 4002 eorundem
1121 3928 1442 4003 nobilium
1525 3929 2147 4025 supplicationibus·
2179 3939 2249 4001 et
2298 3929 2734 4025 petitionibus
2788 3934 2983 4004 sicuti
3038 3930 3312 4024 dignum
3370 3952 3495 4001 ar-

174 4032 508 4106 bitramur
592 4037 1120 4126 aquiescentes,
1210 4032 1641 4106 nibilominus
1713 4032 1999 4132 prefatis
2087 4033 2301 4105 literis
2372 4037 2584 4129 ipsius
2664 4034 2918 4107 domini
2989 4038 3206 4106 nostri
3276 4033 3494 4127 Regis

179 4140 527 4211 contraire
595 4157 735 4208 non
795 4138 1137 4228 valentes,
1211 4138 1496 4210 eosdem
1569 4136 1836 4211 nobiles
1901 4140 2116 4233 ipsius
2168 4136 2394 4231 Regni
2448 4138 2820 4211 Sclavonie
2871 4144 2941 4211 in
2992 4137 3257 4212 eisdem
3312 4157 3496 4209 con-

179 4238 651 4315 suetudinibus
723 4250 792 4312 et
859 4239 1241 4313 libertatum
1303 4244 1785 4337 prerogatiuis,
1859 4241 2099 4337 quibus
2166 4243 2298 4336 ipsi
2375 4250 2681 4337 tempore
2736 4243 2895 4314 dicti
2948 4243 3201 4315 domini
3253 4240 3496 4313 Lodo-

177 4350 316 4418 vici
387 4344 609 4438 Regis
679 4348 844 4417 tenti
914 4345 1205 4419 fuissent
1275 4355 1345 4417 et
1414 4348 1848 4436 conseruati,
1915 4367 2005 4417 ac
2056 4348 2261 4417 etiam
2329 4356 2529 4441 prout
2578 4349 2647 4418 in
2701 4346 2961 4420 eisdem
3015 4347 3230 4419 literis
3280 4350 3496 4442 ipsius

178 4450 436 4524 domini
506 4452 725 4521 nostri
812 4448 1028 4542 Regis
1119 4448 1538 4543 sigismundi
1625 4471 1750 4547 per
1821 4453 2047 4524 omnia
2125 4452 2549 4540 continetur,
2640 4472 2679 4521 a
2751 4450 2957 4523 modo
3028 4460 3098 4522 et
3170 4450 3496 4545 deinceps

175 4541 420 4628 illesos
474 4563 546 4625 et
597 4552 995 4648 indempnes
1048 4554 1367 4626 volumus
1437 4553 1594 4643 frui,
1650 4575 2059 4650 permanere
2104 4563 2177 4625 et
2212 4557 2453 4649 potiri3
2508 4575 2594 4626 eo
2650 4553 2857 4626 modo
2905 4552 3254 4641 videlicet,
3312 4554 3492 4649 quod

175 4655 474 4754 sepefati
535 4655 803 4730 nobiles
859 4679 1356 4752 quemcumque
1398 4657 1750 4729 Notarium
1807 4659 2071 4749 eligere
2124 4658 2491 4746 voluerint,
2545 4657 2829 4731 liberam
2884 4657 3181 4762 eligendi
3236 4667 3306 4729 et
3357 4658 3497 4730 de-
3584 4701 3591 4708 ·

175 4761 514 4860 ponendi,
570 4759 800 4846 dandi,
875 4771 945 4833 et
1011 4760 1418 4836 removendi
1471 4761 1766 4834 babeant
1815 4760 2251 4850 facultatem3
2305 4785 2388 4834 ac
2443 4765 2646 4834 etiam
2701 4761 3002 4835 Comites
3054 4757 3273 4834 nostri
3326 4784 3497 4857 pre-

177 4867 336 4940 dicti
386 4863 614 4959 Regni
667 4887 791 4960 pro
845 4888 1025 4938 nunc
1079 4869 1448 4955 constituti,
1501 4875 1572 4938 et
1622 4870 1690 4938 in
1744 4864 2041 4937 futurum
2096 4866 2576 4957 constituendi,
2645 4870 2970 4940 universa
3018 4866 3241 4962 sigilla
3294 4869 3497 4961 ipso-

177 4993 322 5043 rum
383 4968 749 5058 Comitum,
797 4968 1061 5042 Judicia
1140 4977 1211 5042 et
1271 4992 1519 5044 causas
1589 4973 1893 5065 ipsorum
1945 4967 2270 5042 nobilium
2324 4974 2839 5061 concernentia,
2914 4979 3278 5042 teneantur
3329 4965 3496 5042 dare

176 5086 247 5147 et
295 5080 664 5169 assignare
715 5071 1044 5146 Nothario
1097 5082 1485 5169 prenotato,
1547 5073 1683 5147 boc
1736 5078 1939 5147 etiam
1996 5073 2372 5164 declarato,
2424 5084 2499 5147 ut
2548 5074 2934 5167 hujusmodi
2986 5072 3354 5147 Notbarius
3408 5074 3497 5144 de

177 5179 347 5253 wde
413 5177 790 5251 Judiciaria
862 5177 1235 5250 eorundem
1309 5177 1533 5273 sigilla
1613 5176 1911 5250 antefata
1966 5175 2055 5249 ad
2098 5178 2335 5250 locum
2409 5180 2700 5252 alienum
2772 5181 3046 5251 minime
3099 5185 3495 5276 assportare

179 5285 456 5358 valeant
545 5292 753 5376 atque
825 5286 1090 5377 possint
1160 5285 1390 5374 (sich,
1460 5290 1532 5354 et
1600 5279 1782 5377 quod
1853 5280 2017 5354 dicti
2070 5279 2336 5354 Notan‘i
2387 5305 2473 5354 ac
2526 5279 2830 5357 Comites
2914 5281 3222 5375 ejusdem
3271 5280 3499 5375 Regni

177 5386 555 5462 Sclavenie
594 5389 748 5459 sine
782 5381 1132 5459 Iudicibus
1179 5383 1500 5459 nobilium
1555 5405 1805 5461 causas
1839 5383 2163 5458 nobilium
2212 5386 2674 5482 predictorum
2728 5387 3108 5461 nullatenus
3153 5384 3497 5479 judicare,

2933 5489 3080 5563 22*
