3950 5917
475 373 646 487 Μ

482 603 731 716 simum
780 618 1067 716 primum
1122 611 1308 692 Anni
1350 607 1703 706 fflllesimi
1754 607 2250 698 sexcentesimi
2297 607 2533 716 goetani
2585 613 2746 702 anta
2773 610 3315 691 Coronationem
3370 625 3442 694 et
3471 627 3601 700 ,art-
3646 609 3828 696 ‘tri-2

572 723 817 800 simum
871 719 1250 795 secundum
1304 717 1492 822 Anni
1530 717 1877 802 millesimi
1911 713 2427 804 Sexcebte'simi
2465 713 2669 808 noni,
2721 727 3024 817 paterne,
3063 717 3394 804 Gontiniis
3442 719 3822 819 prouidere

498 914 507 918 ‚
647 824 887 904 abitur.
988 823 1192 906 Nona
1264 815 1587 900 conditio.
1695 815 1897 910 Quosd
1960 815 2295 906 Ciuitates
2347 819 2616 906 'liberas
2677 819 2756 908 ‚et'
2799 820 3165 897 Montanas
3213 823 3288 906 i'n
3339 827 3486 898 suis
3536 819 3830 916 Juribus‘

478 914 553 1008 et
601 925 1053 1026 libertatibus,
1106 927 1518 1028 priuilegiis,
1571 936 1667 1028 et·
1692 924 2224 1010 immunitatibus
2277 922 2737 1022 conseruabit.
2841 925 3129 1018 Decima
3184 925 3508 1020 conditio.
3599 923 3826 1020 Quod

478 1017 829 1120 Emonam
870 1031 1106 1129 ‘Regni
1156 1051 1253 1104 ex
1282 1021 1534 1132 Regno
1564 1025 1969 1126 Hu'ngariae
2021 1027 2207 1108 nulla
2259 1051 2356 1110 ex
2409 1051 2628 1134 ‚cansa
2677 1023 2796 1102 vel
2846 1035 2996 1103 arte
3031 1025 3361 1106 Maiestas
3393 1029 3536 1117 Sua
3575 1023 3830 1125 Regia

479 1135 753 1222 auter-et
805 1144 922 1212 aut
968 1129 1225 1216 auferri
1279 1133 1567 1226 curabit,
1650 1133 1779 1207 sed
1832 1132 2015 1230 quod
2059 1136 2253 1220 iuxta
2305 1139 2624 1208 veterem
2676 1131 3241 1210 consuetudinem
3298 1157 3383 1207 ac
3432 1133 3826 1208 libertatem

476 1241 784 1344 ipsorum
828 1235 1366 1340 Regnicolarum
1416 1260 1546 1340 per
1597 1243 1825 1322 certas
1880 1246 1951 1318 ct
1989 1236 2091 1316 ,de
2144 1258 2383 1310 eorum
2417 1235 2666 1320 ,medio
2719 1235 3131 1314 vnauimlter
3182 1236 3269 1312 ad
3321 1237 3456 1336 boc
3505 1234 3826 1311 delectas

477 1353 552 1417 et
600 1333 960 1448 deputatas
1011 1363 1350 1442 personas
1403 1344 1755 1442 utriusque
1808 1339 2194 1436 Religionis
2248 1337 2620 1434 Seculares
2665 1339 2746 1413 'in
2795 1339 3050 1435 Regno
3106 1337 3569 1431 conseruabit,
3607 1344 3826 1412 'iuxta

480 1448 837 1521 articulum
916 1455 1227 1542 quartum
1308 1456 1465 1518 ante
1521 1439 2059 1522 coronationem
2138 1453 2211 1516 et
2289 1443 2627 1517 decimum
2709 1453 2984 1518 sextum
3051 1437 3213 1540 post
3281 1443 3822 1518 Coronationem'

476 1549 669 1628 Anni
719 1549 1066 1626 Hillesimi
1118 1551 1614 1625 sexcentesimi
1668 1549 1923 1635 octaui,
2001 1557 2072 1620 et
2119 1543 2486 1620 wladislai
2537 1545 2757 1639 Regis
2809 1545 3112 1620 Decreto
3166 1549 3234 1621 in
3275 1547 3822 1632 conditionibus,

474 1654 651 1742 Item
722 1652 1032 1727 eiusdem
1080 1651 1447 1726 wladislai
1498 1651 1954 1726 Decretorum
2008 1650 2192 1734 Anni
2251 1649 2596 1726 Millesimi
2648 1649 3314 1746 Quadringentesimi
3386 1656 3828 1748 nonagesimi

480 1756 768 1834 secundi
839 1757 1194 1831 articulum
1262 1759 1556 1829 tertium.
1660 1754 2043 1828 Vndecima
2100 1752 2422 1827 conditio.
2496 1752 2696 1840 Quod
2750 1764 2971 1827 metas
3026 1753 3249 1849 Regni
3302 1755 3696 1850 Hungariae
3757 1766 3829 1826 et

529 1863 771 1934 artium
842 1863 910 1935 ei
979 1857 1441 1934 subiectarum
1508 1880 1649 1932 non
1722 1856 2159 1948 abalienabit,
2238 1861 2376 1930 imo
2449 1856 2868 1931 differentias
2938 1861 3206 1931 ratione
3251 1869 3587 1942 ,metarum
3645 1881 3828 1944 ‘cum

477 1881 790 2055 gelonis,
871 1962 1196 2054 Silesitis,
1272 1962 1581 2038 blorauis
1660 1972 1735 2036 et
1780 1961 2197 2052 Austriacis,
2274 1983 2410 2035 nec
2485 1983 2625 2035 non
2697 1960 2951 2059 Styris,
3033 1959 3400 2052 Garintbis,
3479 1961 3830 2035 Garniolis

481 2077 766 2164 exortas
819 2089 907 2141 ac
956 2069 1281 2164 vigentes
1333 2068 1523 2141 omni
1575 2064 1801 2141 studio
1852 2087 1941 2139 ac
1993 2088 2128 2161 ope
2178 2062 2513 2159 majestas
2561 2064 2706 2137 Sua
2756 2061 2983 2161 Regia
3037 2076 3428 2162 componet,
3483 2059 3828 2140 determi-‘

480 2171 669 2247 nabit
715 2180 788 2243 et
835 2169 1293 2268 recuperabit.
1375 2169 1804 2246 Duodecimn
1856 2169 2180 2243 conditio.
2235 2168 2436 2257 Quod
2488 2166 3140 2243 confoederationes
3191 2191 3349 2246 cum
3384 2169 3633 2264 Regno
3667 2169 3827 2243 Bo-'

478 2275 754 2350 bemiae
807 2284 878 2348 et
930 2275 1082 2349 aliis
1133 2275 1386 2348 vicinis
1437 2273 1824 2348 Provinciis
1893 2295 1982 2344 ac
2031 2272 2562 2370 Transylvania,
2639 2274 2832 2345 iuxta
2913 2273 3292 2354 articulum,
3319 2272 3826 2347 Pacificationis

478 2375 935 2456 wiennensis
988 2388 1060 2451 et
1095 2374 1662 2456 Constitutionum
1698 2375 1885 2449 Anni
1917 2375 2264 2450 Millesimi
2299 2379 2792 2454 sexcentesimi
2843 2378 3009 2450 noni
3060 2387 3186 2450 art.
3225 2373 3826 2473 quadragesimum

484 2480 861 2568 secundum
912 2484 984 2554 in
1036 2503 1165 2557 suo
1201 2484 1454 2575 vigore
1505 2489 1980 2577 permaneant,
2029 2478 2310 2576 Susque
2342 2477 2676 2573 Maiestas
2726 2500 2853 2555 eos
2908 2467 3306 2555 obseruabit
3356 2492 3427 2554 et
3475 2475 3604 2578 'per
3651 2502 3826 2555 suos

484 2583 844 2686 o‘bseruari
895 2583 1126 2660 faciet.
1214 2585 1502 2657 Decima
1553 2586 1754 2659 tertia
1807 2583 2131 2659 conditio.
2204 2583 2400 2672 Quae
2454 2582 2542 2658 de
2589 2604 2766 2684 pace
2817 2582 3088 2682 publica
3124 2579 3351 2683 Regni
3388 2576 3824 2660 conseruan'ss

484 2689 571 2788 da
627 2700 695 2763 et
748 2688 930 2763 bello
985 2712 1126 2764 non
1179 2686 1527 2763 movendo
1599 2697 2074 2788 extraneoque
2146 2688 2356 2764 milite
2427 2707 2567 2764 nou
2636 2686 3028 2784 inducendo
3101 2699 3222 2761 art.
3299 2689 3607 2766 secundo
3663 2700 3823 2762 aute

486 2792 1021 2874 Con-ouationem
1075 2795 1145 2865 in
1194 2791 1397 2866 Anno
1442 2791 1809 2865 Millesimo
1845 2797 2359 2865 sexcentesimo
2399 2802 2646 2867 octauo
2686 2796 2945 2865 sancita
3003 2792 3301 2876 fuerunt,
3357 2816 3440 2864 ea
3481 2794 3619 2872 Sua
3658 2793 3824 2864 Ma-

476 2899 704 2990 jestas
739 2895 962 2992 Regia
1015 2894 1496 2971 inuiolabiliter
1532 2894 1953 2985 obseruabit,
2007 2906 2077 2968 et
2127 2918 2253 2992 per
2307 2897 2480 2968 alios
2519 2893 2877 2972 obseruari
2933 2895 3160 2968 faciet.
3243 2895 3528 2972 Decima
3585 2907 3822 2992 quarta

488 2999 810 3073 conditio.
864 2998 958 3074 Vt
1006 3003 1243 3073 intuitu
1296 3002 1551 3073 sinceri
1603 3020 1774 3098 erga
1825 2999 2122 3073 Domum
2175 2999 2611 3073 Austriacam
2666 2998 3014 3096 Suamque
3066 2997 3494 3078 maiestatem
3532 2999 3824 3092 Regiam

487 3105 745 3177 'amoris
781 3111 852 3176 et
884 3101 1415 3178 beneuolentiae
1467 3105 1696 3196 gentis
1737 3101 2177 3200 Hungaricae
2228 3103 2561 3176 hactenus
2616 3102 2996 3177 luculenter
3047 3107 3215 3182 satis
3269 3102 3686 3190 declaratae,
3742 3127 3827 3175 ae

488 3207 557 3280 ἰὴ
612 3205 907 3280 futurum
966 3229 1241 3302 quoque
1290 3205 1774 3296 declarandae,
1840 3207 2072 3284 Arces
2123 3201 2512 3294 Perustein,
2575 3203 3016 3292 Kobelsdorl,
3073 3204 3291 3306 Gyns,
3345 3205 3830 3294 Frakenstein,

487 3309 916 3408 Aysenstadt
951 3320 1022 3384 et
1053 3310 1427 3386 Hornstein
1479 3332 1634 3383 eum
1672 3313 1816 3384 suis
1848 3311 2278 3408 pertinentiis
2329 3313 2465 3382 iam
2516 3308 2790 3383 tandem
2843 3313 3391 3405 interpositione,
3445 3309 3702 3383 auxilio
3760 3321 3832 3384 et

490 3411 949 3510 munificentia
1004 3411 1190 3486 Suae
1234 3412 1618 3506 Maiestatis
1664 3412 1933 3508 Regiae
1987 3411 2073 3486 ab
2127 3413 2513 3488 Austriacis
2565 3416 2782 3508 gratis
2836 3411 3251 3487 eliberentur
3303 3424 3375 3487 et
3422 3412 3831 3506 Regnicolis

487 3538 615 3615 pro
685 3519 892 3591 animi
961 3521 1263 3613 ipsorum
1334 3516 1772 3612 gratitudine,
1845 3540 1978 3612 qua
2037 3515 2333 3591 Domum
2387 3516 2852 3602 Austriacam,
2931 3526 3138 3612 atque
3192 3516 3480 3612 Regiam
3551 3539 3831 3614 quoque

485 3618 920 3696 maiestatem
973 3619 1183 3694 Suam
1235 3631 1763 3719 prosequuntur,
1816 3624 2269 3708 remittantur,
2339 3618 2674 3717 siquidem
2728 3642 2767 3690 a
2822 3630 2924 3693 tot
2972 3625 3336 3694 retroactis
3403 3621 3831 3718 temporibus

486 3724 752 3821 amplas
807 3727 974 3800 satis
1030 3723 1350 3802 utilitates
1403 3735 1475 3798 et
1526 3725 1984 3804 emolumenta
2042 3723 2298 3797 exinde
2345 3726 2804 3822 perceperint.
2912 3722 2988 3795 Si
3044 3735 3270 3800 autem
3327 3724 3552 3803 dictae
3597 3724 3831 3800 Arces

488 3825 578 3902 ab
630 3827 1019 3902 Austriacis
1070 3831 1284 3922 gratis
1317 3849 1455 3901 non
1494 3831 2025 3914 remitterentur,
2083 3836 2339 3904 extunc
2390 3826 2703 3922 deposita
2753 3827 3223 3923 Inscriptionis
3261 3850 3520 3904 summa
3561 3827 3648 3902 ab
3695 3833 3830 3903 iis-

486 3919 645 4004 'dem
701 3930 1152 4023 redimantur,
1207 3939 1278 4004 et
1324 3934 1518 4006 iuxta
1570 3931 1920 4004 articulum
1978 3934 2335 4028 septimum
2391 3932 2573 4004 Anni
2609 3928 2954 4006 Millesimi
3007 3934 3499 4004 sexcentesimi
3570 3937 3831 4020 octaui,

487 4037 651 4110 item
704 4033 893 4110 Anni
942 4032 1285 4110 millesimi
1339 4038 1828 4108 sexcentesimi
1899 4039 2063 4108 noni
2118 4046 2241 4107 art.
2297 4038 2810 4128 sexagesimum
2866 4034 3270 4110 secundum.
3335 4034 3832 4114 Jurisdiotioni,

489 4135 761 4232 legibus
814 4149 885 4211 et
936 4136 1277 4211 oneribus
1328 4138 1828 4234 praedictarum
1884 4142 2127 4211 artium
2203 4141 2653 4235 pertinentiae
2709 4136 3130 4230 subjaceant.
3236 4139 3522 4212 Decima
3597 4145 3828 4236 quinta

494 4240 819 4318 conditio.
927 4239 1130 4329 Quod
1181 4251 1479 4315 castrum
1532 4239 1796 4339 Lublyo
1851 4264 2003 4314 cum
2062 4245 2208 4315 suis
2262 4243 2685 4338 pertinentiis
2741 4250 2812 4313 et
2861 4242 3188 4315 tredecim
3246 4241 3492 4340 oppida
3547 4243 3829 4342 Scepa-

495 4347 783 4434 siensia,
855 4345 1189 4440 siquidem
1244 4368 1498 4441 magno
1570 4368 1723 4418 cum
1778 4345 2028 4418 damno
2083 4356 2152 4418 et
2220 4345 2656 4418 incommodo
2709 4342 2935 4438 Regni
3006 4356 3076 4418 et
3142 4344 3681 4440 Regnicolarum
3744 4373 3777 4418 a

452 4443 774 4522 ·Polonis
825 4448 1302 4545 possidentur:
1365 4471 1522 4523 nam
1576 4471 1711 4521 non
1768 4449 1990 4521 solum
2045 4447 2293 4544 aliquid
2348 4452 2416 4521 in
2471 4448 2764 4523 medium
2804 4448 3337 4543 Regnicolarum
3393 4450 3828 4524 contribuere

491 4551 754 4640 nolunt,
823 4574 1068 4625 verum
1118 4553 1322 4627 illatis
1375 4551 1776 4644 Regnicolis
1830 4551 2125 4625 diuersis
2178 4556 2437 4626 iniuriis
2491 4576 2576 4623 ac
2626 4553 2973 4626 violentiis
3027 4557 3094 4626 in
3132 4551 3379 4647 Regno
3434 4553 3828 4650 Hungariae

495 4653 645 4728 Juri
693 4666 879 4731 stare
928 4666 997 4728 et
1042 4660 1112 4729 in
1166 4655 1610 4730 Comitatibus
1664 4677 2071 4751 comparere
2123 4669 2471 4746 recusant,
2536 4679 2779 4729 omnes
2836 4679 3002 4729 suos
3056 4667 3346 4730 conatus
3401 4681 3606 4730 manu
3663 4664 3824 4731 vio-

490 4758 677 4836 lenta
730 4763 1007 4855 impune
1060 4760 1502 4848 exercend03
1574 4757 1762 4834 vnde
1816 4769 1888 4830 et
1938 4759 2346 4833 Auctoritati
2401 4759 2588 4833 Suae
2641 4758 3021 4852 majestatis
3074 4762 3431 4856 plurimum
3486 4762 3824 4856 derogare

491 4862 807 4951 videtur3
859 4861 1189 4955 Majestas
1225 4861 1365 4936 Sua
1404 4863 1654 4959 Regia,
1688 4861 1871 4935 facta
1926 4866 2444 4960 interpositione
2507 4862 2684 4960 apud
2738 4862 3024 4937 Sacram
3079 4861 3497 4939 Caesaream
3553 4875 3626 4939 et
3677 4867 3822 4938 Re-

495 4968 688 5063 giam
717 4965 1149 5059 Maiestatem
1207 4976 1506 5039 castrum
1551 4965 1717 5040 illud
1770 4988 1926 5039 cum
1961 4970 2387 5062 pertinentiis
2434 4977 2504 5040 et
2539 4964 2908 5063 praedictis
2963 4967 3227 5064 oppidis
3283 4966 3625 5041 eliberare
3681 4971 3824 5042 Re·—

492 5092 774 5167 gnoque
845 5071 1192 5167 applicare
1246 5070 1587 5164 dignetur,
1660 5093 1811 5143 cum
1867 5093 2010 5144 non
2058 5070 2283 5145 desint
2336 5070 2521 5145 modi
2573 5092 2903 5144 summam
2957 5072 3140 5144 illam
3193 5074 3660 5167 inscriptionis
3717 5095 3825 5159 per

489 5173 918 5270 Regnicolas
974 5172 1383 5271 deponendi.
1488 5174 1777 5249 Decima
1834 5184 2034 5249 sexta
2086 5173 2407 5249 conditio.
2514 5173 2711 5262 Quod
2759 5173 3011 5250 Milites
3064 5173 3422 5268 Hajdones
3472 5178 3821 5274 priuilegia

493 5298 540 5348 a
592 5277 734 5350 Sua
786 5275 1152 5369 Majestate
1205 5276 1554 5352 Caesarea
1607 5288 1680 5351 et
1728 5276 1952 5373 Regia
2005 5277 2340 5352 babentes
2394 5277 2705 5352 fruantur
2753 5278 2914 5370 illis,
2996 5289 3067 5350 et
3115 5288 3427 5376 tempore
3479 5284 3822 5375 regiminis

496 5381 609 5451 sui
656 5378 991 5472 Maiestas
1043 5380 1184 5453 Sua
1233 5380 1457 5477 Regia
1510 5380 1920 5457 confirmare
1973 5379 2377 5476 dignabitur.
2483 5381 2767 5456 Decima
2823 5385 3108 5481 septima
3166 5382 3488 5458 conditio.
3597 5385 3823 5456 Asse-
