3950 5917
3296 416 3454 490 443

436 619 691 693 6.1n
747 618 1416 713 congregationibus
1489 599 1901 718 pertractata
1975 630 2045 694 et
2115 620 2444 695 conclusa
2497 620 2794 714 Negotia
2870 620 2955 694 de
3025 625 3462 716 praescripto

113 724 475 819 praecitatj
533 722 824 795 Articuli
895 722 980 793 ad
1034 721 1498 795 Protocollum
1568 747 1695 820 per
1744 722 2102 795 Notarium
2173 721 2467 802 fideliter
2536 722 2971 798 referentur·
2955 777 2977 815 ,
3050 722 3464 816 Cuiusmodi

112 826 583 899 Protocollum
638 824 845 898 modo
898 828 1327 920 praescripto
1380 836 1540 898 ante
1594 826 2112 900 dissolutionem
2169 825 2746 923 Congregationis
2789 827 3013 924 palam
3068 835 3140 901 et
3181 825 3453 924 publice

112 929 539 1024 perlegetur,
596 932 834 1023 sicque
873 926 1314 1024 approbatum
1350 927 1918 1024 Fidedignitatem
1976 933 2338 1017 sorciatur,
2414 930 2738 1004 conclusa
2795 940 2990 1004 extr-a
3032 927 3452 1025 Congrega-

115 1035 376 1104 tionem
450 1053 587 1126 per·
634 1031 992 1104 Neminem
1068 1030 1526 1122 mutabuntur,
1607 1036 1765 1127 quin
1837 1036 2062 1129 potius
2114 1055 2242 1128 per
2293 1056 2447 1126 eos,
2502 1033 2743 1128 quibus
2795 1033 3145 1125 incumbit,
3199 1041 3465 1108 exacte.

118 1133 683 1207 effectuabuntur.
906 1163 909 1166 ¹

433 1287 504 1360 ¹7.
615 1287 757 1361 Sub
836 1291 1094 1361 initium
1165 1287 1487 1411 Cujusvis
1543 1288 2119 1384 Congregatiouis
2198 1292 2722 1384 investigabitur
2791 1296 3073 1388 primum
3148 1302 3216 1364 et
3290 1300 3448 1366 ante

114 1378 375 1473 omnia..
433 1414 518 1463 an
577 1413 687 1482 ea,
743 1414 918 1486 quae
971 1396 1038 1464 iu
1097 1395 1306 1487 priori
1345 1390 1902 1486 Congregatione
1949 1394 2276 1470 conclusa
2333 1405 2404 1467 et
2457 1393 2808 1469 effectuari
2861 1399 3226 1470 commissa
3280 1392 3450 1468 fue-

112 1505 295 1583 runt
371 1497 499 1566 rite
554 1498 623 1566 in
674 1494 1010 1566 Effectum
1067 1493 1357 1567 deducta
1415 1498 1572 1585 sint,
1644 1497 1763 1568 vel
1815 1496 2020 1569 non?
2098 1508 2168 1570 et
2220 1500 2279 1570 si
2351 1497 2482 1569 hac
2532 1502 2801 1571 ratione
2857 1498 3169 1572 defectus
3225 1520 3450 1594 quos-

112 1601 294 1690 piam
370 1600 834 1671 intervenisse
891 1600 1249 1720 'cognitum
1321 1598 1554 1687 fuerit„
1624 1599 1718 1671 illi
1790 1600 2135 1690 tollantur,
2205 1610 2275 1673 et
2343 1623 2548 1697 porro
2623 1624 2895 1698 quoque
2965 1601 3460 1675 Effectuatioui‘

114 1703 323 1771 etiam
381 1722 531 1772 cum
591 1704 1049 1796 suspensione
1102 1721 1226 1797 pro
1281 1704 1383 1773 rei
1438 1706 1785 1796 exigentia
1841 1702 1925 1774 ab
1982 1701 2228 1776 Officio
2282 1707 2651 1778 insistatur.

428 1855 500 1925 8.
607 1854 683 1927 In
736 1856 1006 1948 singulo
1055 1853 1393 1928 Comitatu
1447 1878 1616 1949 erga
1663 1854 2225 1931 candidationem
2281 1857 2597 1956 Supremi
2652 1859 2935 1933 Comitis
2991 1862 3446 1934 constituatur

111 1979 290 2031 unus
345 1955 744 2052 Percept0r‚
802 1958 1247 2045 Qualitatibus
1302 1959 1389 2031 de
1443 1958 1631 2052 Lege
1686 1963 2027 2056 requisitis
2080 1961 2460 2060 praeditus,
2512 1974 2583 2036 et
2636 1967 2820 2036 circa
2873 1963 3444 2051 incassationem,

116 2061 903 2158 administrationemque
961 2060 1517 2149 Contributionis.
1591 2064 2009 2159 aliarumque
2075 2068 2547 2160 repartitarum
2599 2070 3149 2140 necessariarum
3203 2065 3444 2160 Impo-

116 2167 397 2238 sitarum
452 2186 576 2258 pro
633 2166 741 2236 bic
788 2174 857 2237 et
892 2189 1099 2255 nunc,
1154 2186 1371 2261 usque
1430 2164 1754 2237 videlicet
1806 2168 2198 2239 ulteriorem
2252 2166 2862 2243 clementissimam
2919 2169 3444 2242 sacratissimae

119 2265 471 2339 Caesareo
515 2266 782 2361 Regiae
832 2278 902 2340 et
935 2268 1385 2363 Apostolicae
1419 2266 1801 2359 Majestatis
1838 2269 2372 2365 Dispositionem
2421 2295 2719 2368 sequens
2759 2271 3236 2346 observabitur
3280 2270 3442 2343 Ma-

118 2370 481 2467 nipulatio:
563 2381 635 2442 ut
688 2372 919 2445 Status
974 2383 1045 2444 et
1097 2370 1391 2444 Ordines
1451 2373 1973 2466 regnicolariter
2029 2379 2458 2468 congregati,
2530 2375 2735 2448 modo
2807 2375 3135 2448 hactenus
3190 2377 3438 2448 usitato

117 2472 447 2568 deinceps
505 2478 706 2545 etiam
761 2478 1271 2570 repat-titionem
1328 2473 2224 2561 Quanti.Contributionalis
2279 2488 2349 2549 et
2400 2500 2522 2571 pro
2580 2478 2975 2551 domesticis
3029 2477 3442 2549 Necessita-

114 2575 320 2663 tibu8‚
376 2586 608 2670 utpote
663 2576 953 2670 Salarijs
1006 2588 1140 2650 tam
1196 2578 1448 2671 Regni,
1506 2601 1705 2674 quam
1762 2589 1831 2652 et
1868 2577 2319 2653 Comitatuum
2368 2579 2798 2666 Officialium,
2854 2604 2938 2653 ac
2986 2581 3442 2670 Servitorum‚

117 2681 410 2774 aliquue
465 2680 1031 2773 extraordinarijs
1084 2680 1616 2774 Erogationibus
1670 2681 2128 2757 deservientis
2199 2684 2564 2779 Impositae
2620 2686 2705 2756 ad
2758 2684 2943 2757 Loca
2997 2683 3442 2757 Iudividualia

111 2786 487 2870 instituant,
571 2783 746 2856 hanc
829 2783 952 2858 sub
1027 2784 1413 2857 authentico
1480 2783 1818 2879 Supremo
1875 2785 2198 2878 Cujusvis
2255 2785 2654 2879 Comitatus,
2732 2791 2799 2860 in
2875 2797 3187 2882 quantum
3263 2787 3443 2859 huuc

113 2890 357 2978 tangit„
418 2884 662 2959 Comiti
717 2886 1119 2977 extradeut3
1170 2887 1293 2959 Ille
1337 2908 1511 2960 vero
1550 2892 1616 2960 in
1657 2887 2214 2982 congregatione
2252 2888 2626 2964 Comitatus
2675 2891 2878 2964 modo
2936 2893 3220 2987 praevio
3260 2911 3444 2962 con-

112 2993 345 3061 stituto
400 2987 798 3086 Perceptori
853 2995 1239 3084 consignet,
1295 2994 1407 3086 qui
1453 2989 1846 3064 Secundum
1900 2993 2082 3064 illam
2120 2996 2186 3064 in
2227 2998 2594 3068 exactione
2650 3005 2720 3067 et
2770 2993 3224 3089 Perceptione
3278 2993 3446 3065 dili-

111 3102 359 3185 genter
415 3114 552 3164 non
606 3097 852 3184 mium,
927 3115 1122 3187 quam
1183 3093 1471 3166 fideliter
1523 3094 2022 3189 progrediatur,
2089 3097 2573 3193 Summamque
2624 3107 3044 3194 perceptam„
3117 3097 3444 3170 detractis

110 3199 444 3290 praeviae
499 3195 902 3267 Officialium
963 3195 1547 3287 Comitatensium‚
1627 3201 1845 3292 prouti
1919 3209 1989 3269 et
2042 3198 2469 3271 Servitorum
2527 3200 2841 3291 salariis.
2920 3223 3005 3270 ac
3075 3203 3160 3291 ijs
3236 3202 3440 3268 etiam

110 3298 514 3393 sumptibus,
571 3302 682 3393 qui
736 3304 803 3371 in
843 3300 1023 3372 Usus
1062 3298 1437 3372 Comitatus
1493 3299 1867 3372 secuudum
1924 3303 2076 3393 ejus
2113 3301 2766 3376 Determinationem
2823 3305 3224 3375 necessario
3265 3322 3438 3372 ero-

108 3405 265 3493 gari
319 3402 719 3491 debuerant,
770 3402 1092 3475 Generali
1144 3402 1371 3496 Regni
1425 3406 1737 3474 exactori
1791 3425 1957 3496 erga
2016 3402 2468 3489 Quietantiam
2525 3407 2992 3478 administret:
3103 3402 3436 3474 Rationes

107 3526 320 3600 porro
394 3509 754 3600 quotannis
816 3509 945 3600 ipsi
1001 3504 1361 3578 Comitatui
1430 3508 1557 3578 rite
1631 3503 1988 3579 confectas
2060 3505 2408 3596 exhibeat.
2480 3530 2605 3603 per
2656 3509 2838 3580 huuc
2893 3505 3119 3580 debite
3174 3526 3437 3578 ceusu-

108 3608 394 3694 randa3‚
473 3631 557 3681 ac
628 3612 832 3681 etiam
902 3632 1027 3705 pro
1083 3603 1738 3705 Super-Revisione
1807 3609 1893 3683 ad
1948 3609 2258 3682 Statuum
2331 3620 2402 3682 et
2453 3609 2777 3682 Ordinum
2832 3608 3058 3703 Regni
3113 3607 3438 3700 Congre-

108 3716 465 3804 gatiouem
517 3710 945 3786 referendas.
1052 3711 1362 3785 Exactor
1414 3722 1639 3785 autem
1694 3713 1921 3806 Regni
1975 3712 2238 3786 Cassae
2295 3711 2423 3788 sibi
2475 3713 2914 3786 concreditae
2970 3711 3240 3785 fidelem
3289 3710 3444 3783 Cu-

107 3837 259 3886 ram
312 3824 536 3908 gerat‚
590 3813 927 3888 Pecunias
981 3837 1117 3888 non
1171 3838 1403 3903 secus.
1468 3835 1668 3910 quam
1714 3817 1914 3907 juxta
1954 3816 2454 3910 Regnicolares
2491 3816 3114 3889 Determinationes
3170 3822 3438 3906 eroget.

109 3941 197 3987 ac
247 3922 507 4013 pariter
556 3922 738 3990 omni
812 3941 991 3990 anno
1057 3919 1143 3990 de
1199 3917 1587 3992 Officiolatu
1642 3917 1787 3992 Suo
1842 3919 2173 3994 Rationes
2228 3921 2543 3995 antelatis
2598 3918 2897 3994 Statibus
2952 3929 3023 3991 et
3074 3916 3439 3992 Ordinibus

108 4019 339 4114 Regni
396 4020 737 4094 exhibeat.

428 4177 495 4248 9.
605 4176 828 4250 Curae
883 4180 1012 4250 erit
1064 4177 1415 4273 Supremis
1471 4175 1842 4251 Comitibus
1898 4187 1970 4250 et
2003 4176 2510 4273 Magistratibus
2564 4182 2845 4274 insuper
2897 4187 2968 4249 et
3017 4176 3111 4267 id,
3165 4184 3235 4249 ut
3274 4197 3435 4247 om-

104 4301 236 4352 nes
274 4277 620 4373 Ignobiles
668 4284 974 4373 cujusvis
1026 4283 1264 4372 sortis,
1310 4281 1540 4354 Status
1589 4291 1659 4353 et
1696 4278 2146 4374 Conditiouis‚
2199 4281 2487 4354 Nemiue
2542 4303 2828 4378 prorsus
2881 4288 3203 4375 excepto,
3261 4275 3434 4352 abs-

107 4405 250 4557 :Juure
290 4386 598 4557 exjusvis
648 4394 970 4559 :elsgectu
1011 4385 1243 4475 justae
1282 4394 1349 4457 et
1387 4407 1653 4479 aequae
1699 4383 2193 4458 Contributioni
2243 4384 2701 4481 praestandae
2752 4385 2978 4477 reipsa
3039 4382 3438 4456 obnoxien-

130 4571 143 4579 ⁸
237 4512 259 4576 3
384 4510 423 4558 c
474 4510 642 4584 prae
675 4512 713 4559 e

430 4642 549 4715 10.
655 4641 743 4715 Ut
797 4641 1083 4732 Subdiu.
1156 4640 1744 4738 Contribuensque
1798 4642 2004 4716 Plebs
2059 4642 2396 4717 adversus
2451 4641 2831 4714 Saevitiem
2888 4650 2959 4714 et
3012 4639 3438 4736 Oppressio-

106 4767 273 4817 nem
316 4744 760 4818 Domiuorum
815 4746 1270 4826 Terrestrium
1335 4745 1815 4820 conformitate
1866 4745 2333 4819 Articulorum
2391 4745 2562 4820 101.
2650 4743 2851 4817 1715
2908 4754 2980 4817 et
3034 4743 3153 4816 18.
3236 4739 3437 4815 1723

106 4858 658 4939 manuteneatur,
692 4859 1262 4946 protegaturque:
1337 4848 1774 4921 Urbariorum
1823 4850 2220 4922 iuterimalis
2256 4848 2619 4942 Regulatio
2661 4848 2993 4944 Suprema
3035 4845 3439 4921 Caesareo-

106 4951 333 5044 Regia
399 4952 748 5025 Potestate
817 4957 1239 5049 praescripta
1314 4963 1565 5039 exacte
1638 4952 2074 5038 observetur,
2147 4974 2372 5047 neque
2425 4953 2566 5027 ullo
2621 4951 2828 5026 modo
2884 4949 3295 5040 admittatur,
3365 4958 3436 5021 ut

106 5054 471 5130 Excessus
544 5066 613 5133 et
664 5055 946 5130 Abusus
1017 5060 1086 5129 in
1156 5055 1526 5128 tractandis
1580 5054 1909 5142 Subditis,
1987 5056 2083 5127 illi
2137 5059 2250 5150 qui
2314 5079 2409 5132 ex
2459 5055 2755 5150 benigna
2812 5051 3439 5145 Caesareo-Regia
3573 5142 3591 5159 ⁶

108 5155 564 5232 Resolutione
620 5158 864 5234 sublati
909 5171 979 5232 et
1023 5162 1274 5232 cassati
1331 5167 1508 5247 sunt,
1563 5159 1787 5250 denuo
1841 5156 2244 5232 inducantur
2298 5169 2367 5233 et
2416 5167 2916 5253 perpetrentur,
2969 5159 3207 5253 sicque
3245 5154 3438 5228 Sub-

109 5259 231 5350 diti
302 5272 726 5356 graventur:
831 5262 908 5336 In
980 5263 1217 5336 horum
1298 5284 1470 5335 vero
1525 5261 2120 5353 Transgressores
2192 5272 2261 5335 et
2317 5261 2762 5335 Excedentes
2814 5261 3116 5334 Actione
3183 5256 3437 5332 Fiscali

110 5364 459 5440 mediante
512 5366 946 5464 procedatur,
1027 5389 1110 5438 ac
1165 5365 1514 5461 comperta
1565 5362 1931 5457 Realitate‚
2007 5364 2270 5460 absque
2323 5363 2780 5440 Personarum
2854 5372 3174 5539 rggpectu
3246 5364 3434 5437 irre-
