<?xml version="1.0" encoding="UTF-8"?>
<!DOCTYPE html PUBLIC "-//W3C//DTD XHTML 1.0 Transitional//EN"
    "http://www.w3.org/TR/xhtml1/DTD/xhtml1-transitional.dtd">
<html xmlns="http://www.w3.org/1999/xhtml" xml:lang="en" lang="en">
 <head>
  <title>
</title>
<meta http-equiv="Content-Type" content="text/html;charset=utf-8" />
  <meta name='ocr-system' content='tesseract 3.04.00' />
  <meta name='ocr-capabilities' content='ocr_page ocr_carea ocr_par ocr_line ocrx_word'/>
</head>
<body>
  <div class='ocr_page' id='page_1' title='image "./juraregnicroati00etcgoog/juraregnicroati00etcgoog_0254.png"; bbox 0 0 3950 5917; ppageno 0'>
   <div class='ocr_carea' id='block_1_1' title="bbox 473 395 626 472">
    <p class='ocr_par' dir='ltr' id='par_1_1' title="bbox 473 395 626 472">
     <span class='ocr_line' id='line_1_1' title="bbox 473 395 626 472; baseline 0 0"><span class='ocrx_word' id='word_1_1' title='bbox 473 395 626 472; x_wconf 76' lang='lat'>²12</span> 
     </span>
    </p>
   </div>
   <div class='ocr_carea' id='block_1_2' title="bbox 472 602 3893 705">
    <p class='ocr_par' dir='ltr' id='par_1_2' title="bbox 472 602 3893 705">
     <span class='ocr_line' id='line_1_2' title="bbox 472 602 3893 705; baseline 0.001 -25"><span class='ocrx_word' id='word_1_2' title='bbox 472 607 833 694; x_wconf 75' lang='lat' dir='ltr'>resistere,</span> <span class='ocrx_word' id='word_1_3' title='bbox 889 614 958 678; x_wconf 86' lang='lat' dir='ltr'>et</span> <span class='ocrx_word' id='word_1_4' title='bbox 1003 603 1367 677; x_wconf 90' lang='lat' dir='ltr'>commode</span> <span class='ocrx_word' id='word_1_5' title='bbox 1420 602 1688 677; x_wconf 86' lang='lat' dir='ltr'>debitas</span> <span class='ocrx_word' id='word_1_6' title='bbox 1742 603 2048 678; x_wconf 87' lang='lat' dir='ltr'>decimas</span> <span class='ocrx_word' id='word_1_7' title='bbox 2104 606 2530 699; x_wconf 69' lang='lat' dir='ltr'>persoluere,</span> <span class='ocrx_word' id='word_1_8' title='bbox 2588 616 2815 700; x_wconf 88' lang='lat' dir='ltr'>partes</span> <span class='ocrx_word' id='word_1_9' title='bbox 2867 616 3143 680; x_wconf 83' lang='lat' dir='ltr'>nostras</span> <span class='ocrx_word' id='word_1_10' title='bbox 3195 611 3617 705; x_wconf 74' lang='lat' dir='ltr'>interponere</span> <span class='ocrx_word' id='word_1_11' title='bbox 3664 609 3767 683; x_wconf 85' lang='lat' dir='ltr'>‹li-</span> <span class='ocrx_word' id='word_1_12' title='bbox 3892 681 3893 684; x_wconf 74' lang='grc'>,</span> 
     </span>
    </p>
   </div>
   <div class='ocr_carea' id='block_1_3' title="bbox 473 707 3893 807">
    <p class='ocr_par' dir='ltr' id='par_1_3' title="bbox 473 707 3893 807">
     <span class='ocr_line' id='line_1_3' title="bbox 473 707 3893 807; baseline 0.002 -26"><span class='ocrx_word' id='word_1_13' title='bbox 473 730 871 805; x_wconf 71' lang='lat' dir='ltr'>gnaremur‚</span> <span class='ocrx_word' id='word_1_14' title='bbox 925 716 1003 778; x_wconf 87' lang='lat' dir='ltr'>vt</span> <span class='ocrx_word' id='word_1_15' title='bbox 1055 712 1121 779; x_wconf 89' lang='lat' dir='ltr'>in</span> <span class='ocrx_word' id='word_1_16' title='bbox 1178 707 1544 801; x_wconf 82' lang='lat' dir='ltr'><strong>exigendis</strong></span> <span class='ocrx_word' id='word_1_17' title='bbox 1598 707 1986 781; x_wconf 89' lang='lat' dir='ltr'>huiusmodi</span> <span class='ocrx_word' id='word_1_18' title='bbox 2040 708 2350 798; x_wconf 69' lang='lat' dir='ltr'>decimis,</span> <span class='ocrx_word' id='word_1_19' title='bbox 2407 718 2476 779; x_wconf 92' lang='lat' dir='ltr'>et</span> <span class='ocrx_word' id='word_1_20' title='bbox 2524 713 2884 804; x_wconf 78' lang='lat' dir='ltr'>presertim</span> <span class='ocrx_word' id='word_1_21' title='bbox 2939 714 3010 782; x_wconf 92' lang='lat' dir='ltr'>in</span> <span class='ocrx_word' id='word_1_22' title='bbox 3064 713 3418 784; x_wconf 84' lang='lat' dir='ltr'>solucione</span> <span class='ocrx_word' id='word_1_23' title='bbox 3468 716 3766 807; x_wconf 89' lang='lat' dir='ltr'>capecia-</span> <span class='ocrx_word' id='word_1_24' title='bbox 3892 737 3893 788; x_wconf 61' lang='lat' dir='ltr'>l</span> 
     </span>
    </p>
   </div>
   <div class='ocr_carea' id='block_1_4' title="bbox 473 809 3765 910">
    <p class='ocr_par' dir='ltr' id='par_1_4' title="bbox 473 809 3765 910">
     <span class='ocr_line' id='line_1_4' title="bbox 473 809 3765 910; baseline 0.001 -26"><span class='ocrx_word' id='word_1_25' title='bbox 473 835 626 886; x_wconf 91' lang='lat' dir='ltr'>rum</span> <span class='ocrx_word' id='word_1_26' title='bbox 667 811 866 890; x_wconf 83' lang='lat' dir='ltr'>Millii</span> <span class='ocrx_word' id='word_1_27' title='bbox 917 809 1190 905; x_wconf 76' lang='lat' dir='ltr'>aliquod</span> <span class='ocrx_word' id='word_1_28' title='bbox 1245 811 1379 883; x_wconf 88' lang='lat' dir='ltr'>illis</span> <span class='ocrx_word' id='word_1_29' title='bbox 1433 810 1839 882; x_wconf 87' lang='lat' dir='ltr'>alleuiamen</span> <span class='ocrx_word' id='word_1_30' title='bbox 1893 809 2113 884; x_wconf 83' lang='lat' dir='ltr'>fieret.</span> <span class='ocrx_word' id='word_1_31' title='bbox 2220 811 2366 885; x_wconf 94' lang='lat' dir='ltr'>Nos</span> <span class='ocrx_word' id='word_1_32' title='bbox 2422 821 2646 883; x_wconf 89' lang='lat' dir='ltr'>autem</span> <span class='ocrx_word' id='word_1_33' title='bbox 2716 814 3316 908; x_wconf 78' lang='lat' dir='ltr'>supplicationibus</span> <span class='ocrx_word' id='word_1_34' title='bbox 3382 815 3765 910; x_wconf 79' lang='lat' dir='ltr'>prefatorum</span> 
     </span>
    </p>
   </div>
   <div class='ocr_carea' id='block_1_5' title="bbox 475 913 3893 1114">
    <p class='ocr_par' dir='ltr' id='par_1_5' title="bbox 475 913 3895 1114">
     <span class='ocr_line' id='line_1_5' title="bbox 478 913 3769 1012; baseline 0.001 -25"><span class='ocrx_word' id='word_1_35' title='bbox 478 914 825 988; x_wconf 84' lang='lat' dir='ltr'>Nobilium</span> <span class='ocrx_word' id='word_1_36' title='bbox 879 923 951 987; x_wconf 88' lang='lat' dir='ltr'>et</span> <span class='ocrx_word' id='word_1_37' title='bbox 992 914 1368 987; x_wconf 90' lang='lat' dir='ltr'>incolarum</span> <span class='ocrx_word' id='word_1_38' title='bbox 1426 917 1648 986; x_wconf 91' lang='lat' dir='ltr'>tocius</span> <span class='ocrx_word' id='word_1_39' title='bbox 1699 913 1928 1008; x_wconf 86' lang='lat' dir='ltr'>Regni</span> <span class='ocrx_word' id='word_1_40' title='bbox 1980 917 2198 987; x_wconf 86' lang='lat' dir='ltr'>nostri</span> <span class='ocrx_word' id='word_1_41' title='bbox 2252 914 2622 988; x_wconf 90' lang='lat' dir='ltr'>Sclauonie</span> <span class='ocrx_word' id='word_1_42' title='bbox 2677 914 2974 1009; x_wconf 89' lang='lat' dir='ltr'>benigne</span> <span class='ocrx_word' id='word_1_43' title='bbox 3028 918 3393 1003; x_wconf 67' lang='lat' dir='ltr'>exauditis,</span> <span class='ocrx_word' id='word_1_44' title='bbox 3448 921 3769 1012; x_wconf 83' lang='lat' dir='ltr'>cupientes</span> 
     </span>
     <span class='ocr_line' id='line_1_6' title="bbox 475 1015 3893 1114; baseline 0.001 -23"><span class='ocrx_word' id='word_1_45' title='bbox 475 1020 873 1091; x_wconf 84' lang='lat' dir='ltr'>necessitati</span> <span class='ocrx_word' id='word_1_46' title='bbox 931 1026 1004 1089; x_wconf 90' lang='lat' dir='ltr'>et</span> <span class='ocrx_word' id='word_1_47' title='bbox 1054 1015 1412 1110; x_wconf 88' lang='lat' dir='ltr'>grauedini</span> <span class='ocrx_word' id='word_1_48' title='bbox 1459 1019 1761 1111; x_wconf 91' lang='lat' dir='ltr'>ipsorum</span> <span class='ocrx_word' id='word_1_49' title='bbox 1812 1021 1884 1090; x_wconf 92' lang='lat' dir='ltr'>in</span> <span class='ocrx_word' id='word_1_50' title='bbox 1928 1016 2060 1089; x_wconf 89' lang='lat' dir='ltr'>bac</span> <span class='ocrx_word' id='word_1_51' title='bbox 2096 1025 2286 1112; x_wconf 87' lang='lat' dir='ltr'>parte</span> <span class='ocrx_word' id='word_1_52' title='bbox 2342 1018 2733 1107; x_wconf 73' lang='lat' dir='ltr'>consulere,</span> <span class='ocrx_word' id='word_1_53' title='bbox 2790 1041 3053 1114; x_wconf 88' lang='lat' dir='ltr'>eosque</span> <span class='ocrx_word' id='word_1_54' title='bbox 3106 1024 3177 1092; x_wconf 92' lang='lat' dir='ltr'>in</span> <span class='ocrx_word' id='word_1_55' title='bbox 3211 1021 3342 1093; x_wconf 89' lang='lat' dir='ltr'>bac</span> <span class='ocrx_word' id='word_1_56' title='bbox 3394 1021 3769 1094; x_wconf 86' lang='lat' dir='ltr'>condicione</span> <span class='ocrx_word' id='word_1_57' title='bbox 3892 1017 3893 1042; x_wconf 77' lang='lat'>³</span> 
     </span>
    </p>
   </div>
   <div class='ocr_carea' id='block_1_6' title="bbox 471 1118 3799 5454">
    <p class='ocr_par' dir='ltr' id='par_1_6' title="bbox 471 1118 3799 5454">
     <span class='ocr_line' id='line_1_7' title="bbox 474 1118 3770 1219; baseline 0.001 -26"><span class='ocrx_word' id='word_1_58' title='bbox 474 1123 804 1216; x_wconf 90' lang='lat' dir='ltr'>temporis</span> <span class='ocrx_word' id='word_1_59' title='bbox 869 1124 1046 1192; x_wconf 80' lang='lat' dir='ltr'>iuter</span> <span class='ocrx_word' id='word_1_60' title='bbox 1098 1129 1199 1192; x_wconf 91' lang='lat' dir='ltr'>tot</span> <span class='ocrx_word' id='word_1_61' title='bbox 1244 1141 1484 1192; x_wconf 91' lang='lat' dir='ltr'>eorum</span> <span class='ocrx_word' id='word_1_62' title='bbox 1554 1120 1932 1209; x_wconf 67' lang='lat' dir='ltr'>molestias,</span> <span class='ocrx_word' id='word_1_63' title='bbox 2006 1118 2248 1215; x_wconf 90' lang='lat' dir='ltr'>quibus</span> <span class='ocrx_word' id='word_1_64' title='bbox 2322 1130 2674 1215; x_wconf 66' lang='lat' dir='ltr'>urgentur,</span> <span class='ocrx_word' id='word_1_65' title='bbox 2748 1145 2900 1194; x_wconf 91' lang='lat' dir='ltr'>cum</span> <span class='ocrx_word' id='word_1_66' title='bbox 2974 1124 3248 1217; x_wconf 76' lang='lat' dir='ltr'>aliquali</span> <span class='ocrx_word' id='word_1_67' title='bbox 3320 1128 3517 1196; x_wconf 87' lang='lat' dir='ltr'>etiam</span> <span class='ocrx_word' id='word_1_68' title='bbox 3583 1128 3770 1219; x_wconf 88' lang='lat' dir='ltr'>ipsius</span> 
     </span>
     <span class='ocr_line' id='line_1_8' title="bbox 478 1222 3771 1322; baseline 0.001 -25"><span class='ocrx_word' id='word_1_69' title='bbox 478 1224 732 1297; x_wconf 90' lang='lat' dir='ltr'>domini</span> <span class='ocrx_word' id='word_1_70' title='bbox 813 1222 1094 1296; x_wconf 86' lang='lat' dir='ltr'>Osualdi</span> <span class='ocrx_word' id='word_1_71' title='bbox 1175 1222 1498 1318; x_wconf 82' lang='lat' dir='ltr'>Episcopi</span> <span class='ocrx_word' id='word_1_72' title='bbox 1571 1231 1642 1295; x_wconf 91' lang='lat' dir='ltr'>et</span> <span class='ocrx_word' id='word_1_73' title='bbox 1711 1223 2033 1296; x_wconf 87' lang='lat' dir='ltr'>Ecclesie</span> <span class='ocrx_word' id='word_1_74' title='bbox 2100 1245 2226 1295; x_wconf 89' lang='lat' dir='ltr'>sue</span> <span class='ocrx_word' id='word_1_75' title='bbox 2289 1228 2688 1316; x_wconf 88' lang='lat' dir='ltr'>grauamina</span> <span class='ocrx_word' id='word_1_76' title='bbox 2743 1226 3225 1322; x_wconf 89' lang='lat' dir='ltr'>aliquantulum</span> <span class='ocrx_word' id='word_1_77' title='bbox 3278 1230 3345 1299; x_wconf 94' lang='lat' dir='ltr'>in</span> <span class='ocrx_word' id='word_1_78' title='bbox 3400 1227 3530 1298; x_wconf 87' lang='lat' dir='ltr'>hoc</span> <span class='ocrx_word' id='word_1_79' title='bbox 3581 1248 3771 1299; x_wconf 89' lang='lat' dir='ltr'>onere</span> 
     </span>
     <span class='ocr_line' id='line_1_9' title="bbox 475 1326 3771 1423; baseline 0.001 -25"><span class='ocrx_word' id='word_1_80' title='bbox 475 1328 562 1399; x_wconf 91' lang='lat' dir='ltr'>ad</span> <span class='ocrx_word' id='word_1_81' title='bbox 616 1337 883 1421; x_wconf 85' lang='lat' dir='ltr'>tempus</span> <span class='ocrx_word' id='word_1_82' title='bbox 936 1327 1278 1412; x_wconf 66' lang='lat' dir='ltr'>releuare,</span> <span class='ocrx_word' id='word_1_83' title='bbox 1344 1337 1413 1397; x_wconf 89' lang='lat' dir='ltr'>et</span> <span class='ocrx_word' id='word_1_84' title='bbox 1464 1329 1822 1420; x_wconf 77' lang='lat' dir='ltr'>presertim</span> <span class='ocrx_word' id='word_1_85' title='bbox 1877 1347 2003 1421; x_wconf 92' lang='lat' dir='ltr'>pro</span> <span class='ocrx_word' id='word_1_86' title='bbox 2059 1329 2373 1420; x_wconf 86' lang='lat' dir='ltr'>quietiori</span> <span class='ocrx_word' id='word_1_87' title='bbox 2444 1326 2794 1400; x_wconf 88' lang='lat' dir='ltr'>ambarum</span> <span class='ocrx_word' id='word_1_88' title='bbox 2846 1332 3129 1423; x_wconf 88' lang='lat' dir='ltr'>partium</span> <span class='ocrx_word' id='word_1_89' title='bbox 3187 1339 3389 1416; x_wconf 62' lang='lat' dir='ltr'>statu„</span> <span class='ocrx_word' id='word_1_90' title='bbox 3444 1333 3771 1403; x_wconf 86' lang='lat' dir='ltr'>conmise-</span> 
     </span>
     <span class='ocr_line' id='line_1_10' title="bbox 475 1427 3772 1525; baseline 0 -22"><span class='ocrx_word' id='word_1_91' title='bbox 475 1453 708 1503; x_wconf 87' lang='lat' dir='ltr'>ramus</span> <span class='ocrx_word' id='word_1_92' title='bbox 761 1427 1074 1502; x_wconf 83' lang='lat' dir='ltr'>fidelibus</span> <span class='ocrx_word' id='word_1_93' title='bbox 1130 1433 1384 1502; x_wconf 82' lang='lat' dir='ltr'>nostris</span> <span class='ocrx_word' id='word_1_94' title='bbox 1436 1429 2074 1518; x_wconf 68' lang='lat' dir='ltr'>Reuerendissimo,</span> <span class='ocrx_word' id='word_1_95' title='bbox 2128 1429 2696 1525; x_wconf 90' lang='lat' dir='ltr'>Reuerendisque</span> <span class='ocrx_word' id='word_1_96' title='bbox 2749 1435 2819 1502; x_wconf 92' lang='lat' dir='ltr'>in</span> <span class='ocrx_word' id='word_1_97' title='bbox 2875 1432 3144 1504; x_wconf 87' lang='lat' dir='ltr'>Christo</span> <span class='ocrx_word' id='word_1_98' title='bbox 3197 1432 3507 1505; x_wconf 88' lang='lat' dir='ltr'>Patribus</span> <span class='ocrx_word' id='word_1_99' title='bbox 3568 1433 3772 1504; x_wconf 85' lang='lat' dir='ltr'>domi-</span> 
     </span>
     <span class='ocr_line' id='line_1_11' title="bbox 475 1530 3772 1608; baseline 0 -1"><span class='ocrx_word' id='word_1_100' title='bbox 475 1537 586 1608; x_wconf 87' lang='lat' dir='ltr'>nis</span> <span class='ocrx_word' id='word_1_101' title='bbox 655 1530 955 1606; x_wconf 78' lang='lat' dir='ltr'>Gabrieli</span> <span class='ocrx_word' id='word_1_102' title='bbox 1038 1530 1446 1605; x_wconf 78' lang='lat' dir='ltr'>colocensis</span> <span class='ocrx_word' id='word_1_103' title='bbox 1528 1543 1596 1604; x_wconf 92' lang='lat' dir='ltr'>et</span> <span class='ocrx_word' id='word_1_104' title='bbox 1677 1532 2076 1606; x_wconf 89' lang='lat' dir='ltr'>Bacsiensis</span> <span class='ocrx_word' id='word_1_105' title='bbox 2156 1532 2621 1607; x_wconf 87' lang='lat' dir='ltr'>Ecclesiarum</span> <span class='ocrx_word' id='word_1_106' title='bbox 2705 1539 3041 1607; x_wconf 87' lang='lat' dir='ltr'>canonice</span> <span class='ocrx_word' id='word_1_107' title='bbox 3121 1540 3459 1608; x_wconf 88' lang='lat' dir='ltr'>vnitarum</span> <span class='ocrx_word' id='word_1_108' title='bbox 3538 1535 3772 1607; x_wconf 84' lang='lat' dir='ltr'>Archi-</span> 
     </span>
     <span class='ocr_line' id='line_1_12' title="bbox 479 1633 3771 1732; baseline 0.001 -25"><span class='ocrx_word' id='word_1_109' title='bbox 479 1636 854 1732; x_wconf 67' lang='lat' dir='ltr'>Episcopo,</span> <span class='ocrx_word' id='word_1_110' title='bbox 910 1635 1106 1707; x_wconf 88' lang='lat' dir='ltr'>alteri</span> <span class='ocrx_word' id='word_1_111' title='bbox 1155 1633 1455 1707; x_wconf 88' lang='lat' dir='ltr'>Gabrieli</span> <span class='ocrx_word' id='word_1_112' title='bbox 1491 1633 1718 1708; x_wconf 90' lang='lat' dir='ltr'>Alben</span> <span class='ocrx_word' id='word_1_113' title='bbox 1774 1636 2449 1732; x_wconf 69' lang='lat' dir='ltr'>Transyluaniensis,</span> <span class='ocrx_word' id='word_1_114' title='bbox 2504 1637 2945 1730; x_wconf 88' lang='lat' dir='ltr'>Sigismundo</span> <span class='ocrx_word' id='word_1_115' title='bbox 3002 1639 3227 1711; x_wconf 89' lang='lat' dir='ltr'>electo</span> <span class='ocrx_word' id='word_1_116' title='bbox 3282 1650 3353 1711; x_wconf 89' lang='lat' dir='ltr'>et</span> <span class='ocrx_word' id='word_1_117' title='bbox 3405 1637 3771 1710; x_wconf 83' lang='lat' dir='ltr'>confirmato</span> 
     </span>
     <span class='ocr_line' id='line_1_13' title="bbox 479 1736 3772 1834; baseline 0 -24"><span class='ocrx_word' id='word_1_118' title='bbox 479 1740 1272 1834; x_wconf 66' lang='lat' dir='ltr'>Quinqueecclesiensis‚</span> <span class='ocrx_word' id='word_1_119' title='bbox 1345 1737 1635 1810; x_wconf 90' lang='lat' dir='ltr'>Alberto</span> <span class='ocrx_word' id='word_1_120' title='bbox 1691 1736 2226 1833; x_wconf 78' lang='lat' dir='ltr'>vesprimiensis</span> <span class='ocrx_word' id='word_1_121' title='bbox 2283 1749 2352 1810; x_wconf 86' lang='lat' dir='ltr'>et</span> <span class='ocrx_word' id='word_1_122' title='bbox 2401 1739 2697 1812; x_wconf 87' lang='lat' dir='ltr'>Johanni</span> <span class='ocrx_word' id='word_1_123' title='bbox 2769 1739 3259 1814; x_wconf 88' lang='lat' dir='ltr'>Csanadiensis</span> <span class='ocrx_word' id='word_1_124' title='bbox 3339 1742 3772 1814; x_wconf 88' lang='lat' dir='ltr'>Ecclesiarum</span> 
     </span>
     <span class='ocr_line' id='line_1_14' title="bbox 475 1839 3772 1940; baseline -0.001 -24"><span class='ocrx_word' id='word_1_125' title='bbox 475 1843 887 1939; x_wconf 76' lang='lat' dir='ltr'>Episcopis3</span> <span class='ocrx_word' id='word_1_126' title='bbox 940 1844 1103 1915; x_wconf 89' lang='lat' dir='ltr'>item</span> <span class='ocrx_word' id='word_1_127' title='bbox 1155 1839 1544 1935; x_wconf 82' lang='lat' dir='ltr'>Magnificis</span> <span class='ocrx_word' id='word_1_128' title='bbox 1596 1841 1919 1915; x_wconf 91' lang='lat' dir='ltr'>Emerico</span> <span class='ocrx_word' id='word_1_129' title='bbox 1975 1842 2063 1914; x_wconf 90' lang='lat' dir='ltr'>de</span> <span class='ocrx_word' id='word_1_130' title='bbox 2109 1842 2415 1939; x_wconf 78' lang='lat' dir='ltr'>Zapolya</span> <span class='ocrx_word' id='word_1_131' title='bbox 2470 1841 2714 1914; x_wconf 88' lang='lat' dir='ltr'>Comiti</span> <span class='ocrx_word' id='word_1_132' title='bbox 2767 1854 3097 1940; x_wconf 88' lang='lat' dir='ltr'>perpetuo</span> <span class='ocrx_word' id='word_1_133' title='bbox 3152 1855 3339 1917; x_wconf 89' lang='lat' dir='ltr'>terre</span> <span class='ocrx_word' id='word_1_134' title='bbox 3377 1844 3772 1937; x_wconf 88' lang='lat' dir='ltr'>Scepusien-</span> 
     </span>
     <span class='ocr_line' id='line_1_15' title="bbox 480 1943 3772 2040; baseline -0.001 -20"><span class='ocrx_word' id='word_1_135' title='bbox 480 1949 605 2034; x_wconf 63' lang='grc' dir='ltr'>εἰς,</span> <span class='ocrx_word' id='word_1_136' title='bbox 662 1944 903 2018; x_wconf 87' lang='lat' dir='ltr'>Comiti</span> <span class='ocrx_word' id='word_1_137' title='bbox 960 1943 1311 2040; x_wconf 88' lang='lat' dir='ltr'>Stephano</span> <span class='ocrx_word' id='word_1_138' title='bbox 1368 1945 1455 2017; x_wconf 90' lang='lat' dir='ltr'>de</span> <span class='ocrx_word' id='word_1_139' title='bbox 1508 1945 1766 2017; x_wconf 83' lang='lat' dir='ltr'>Bethor</span> <span class='ocrx_word' id='word_1_140' title='bbox 1808 1945 2034 2018; x_wconf 87' lang='lat' dir='ltr'>Judici</span> <span class='ocrx_word' id='word_1_141' title='bbox 2089 1944 2293 2018; x_wconf 87' lang='lat' dir='ltr'>Gurie</span> <span class='ocrx_word' id='word_1_142' title='bbox 2347 1957 2584 2018; x_wconf 90' lang='lat' dir='ltr'>nostre</span> <span class='ocrx_word' id='word_1_143' title='bbox 2638 1946 2887 2040; x_wconf 45' lang='lat' dir='ltr'>Regie2</span> <span class='ocrx_word' id='word_1_144' title='bbox 2958 1947 3254 2020; x_wconf 83' lang='lat' dir='ltr'>Johanni</span> <span class='ocrx_word' id='word_1_145' title='bbox 3306 1947 3552 2022; x_wconf 85' lang='lat' dir='ltr'>Ernstb</span> <span class='ocrx_word' id='word_1_146' title='bbox 3601 1947 3772 2018; x_wconf 88' lang='lat' dir='ltr'>The-</span> 
     </span>
     <span class='ocr_line' id='line_1_16' title="bbox 477 2047 3770 2144; baseline -0.001 -22"><span class='ocrx_word' id='word_1_147' title='bbox 477 2051 790 2132; x_wconf 85' lang='lat' dir='ltr'>saurario</span> <span class='ocrx_word' id='word_1_148' title='bbox 845 2058 1083 2123; x_wconf 86' lang='lat' dir='ltr'>nostro</span> <span class='ocrx_word' id='word_1_149' title='bbox 1140 2058 1211 2120; x_wconf 90' lang='lat' dir='ltr'>et</span> <span class='ocrx_word' id='word_1_150' title='bbox 1264 2048 1455 2121; x_wconf 87' lang='lat' dir='ltr'>Bano</span> <span class='ocrx_word' id='word_1_151' title='bbox 1508 2048 1733 2142; x_wconf 81' lang='lat' dir='ltr'>Regni</span> <span class='ocrx_word' id='word_1_152' title='bbox 1788 2047 2187 2141; x_wconf 74' lang='lat' dir='ltr'>Sclauonie‚</span> <span class='ocrx_word' id='word_1_153' title='bbox 2243 2059 2313 2121; x_wconf 89' lang='lat' dir='ltr'>et</span> <span class='ocrx_word' id='word_1_154' title='bbox 2366 2050 2684 2122; x_wconf 90' lang='lat' dir='ltr'>Emerico</span> <span class='ocrx_word' id='word_1_155' title='bbox 2739 2051 2828 2122; x_wconf 90' lang='lat' dir='ltr'>de</span> <span class='ocrx_word' id='word_1_156' title='bbox 2881 2050 3135 2123; x_wconf 84' lang='lat' dir='ltr'>Palocz</span> <span class='ocrx_word' id='word_1_157' title='bbox 3190 2050 3593 2144; x_wconf 81' lang='lat' dir='ltr'>Agazonum</span> <span class='ocrx_word' id='word_1_158' title='bbox 3650 2071 3770 2120; x_wconf 89' lang='lat' dir='ltr'>uo-</span> 
     </span>
     <span class='ocr_line' id='line_1_17' title="bbox 479 2149 3771 2249; baseline -0.001 -24"><span class='ocrx_word' id='word_1_159' title='bbox 479 2163 777 2226; x_wconf 89' lang='lat' dir='ltr'>strorum</span> <span class='ocrx_word' id='word_1_160' title='bbox 812 2151 1176 2245; x_wconf 90' lang='lat' dir='ltr'>Regalium</span> <span class='ocrx_word' id='word_1_161' title='bbox 1218 2149 1580 2246; x_wconf 70' lang='lat' dir='ltr'>Magistro,</span> <span class='ocrx_word' id='word_1_162' title='bbox 1663 2162 1738 2224; x_wconf 83' lang='lat' dir='ltr'>vt</span> <span class='ocrx_word' id='word_1_163' title='bbox 1789 2156 2067 2224; x_wconf 86' lang='lat' dir='ltr'>nomine</span> <span class='ocrx_word' id='word_1_164' title='bbox 2122 2163 2359 2225; x_wconf 87' lang='lat' dir='ltr'>nostro</span> <span class='ocrx_word' id='word_1_165' title='bbox 2412 2176 2565 2225; x_wconf 88' lang='lat' dir='ltr'>cum</span> <span class='ocrx_word' id='word_1_166' title='bbox 2622 2153 2888 2249; x_wconf 84' lang='lat' dir='ltr'>prefato</span> <span class='ocrx_word' id='word_1_167' title='bbox 2944 2154 3218 2226; x_wconf 92' lang='lat' dir='ltr'>domino</span> <span class='ocrx_word' id='word_1_168' title='bbox 3271 2154 3570 2227; x_wconf 88' lang='lat' dir='ltr'>Osualdo</span> <span class='ocrx_word' id='word_1_169' title='bbox 3618 2152 3771 2246; x_wconf 89' lang='lat' dir='ltr'>Epi-</span> 
     </span>
     <span class='ocr_line' id='line_1_18' title="bbox 475 2254 3773 2352; baseline -0.001 -25"><span class='ocrx_word' id='word_1_170' title='bbox 475 2277 696 2352; x_wconf 78' lang='lat' dir='ltr'>scopo</span> <span class='ocrx_word' id='word_1_171' title='bbox 734 2254 1220 2349; x_wconf 87' lang='lat' dir='ltr'>Zagrabiensi</span> <span class='ocrx_word' id='word_1_172' title='bbox 1299 2276 1507 2351; x_wconf 90' lang='lat' dir='ltr'>super</span> <span class='ocrx_word' id='word_1_173' title='bbox 1584 2255 1689 2328; x_wconf 89' lang='lat' dir='ltr'>his</span> <span class='ocrx_word' id='word_1_174' title='bbox 1744 2264 2118 2327; x_wconf 88' lang='lat' dir='ltr'>tractarent</span> <span class='ocrx_word' id='word_1_175' title='bbox 2195 2256 2800 2350; x_wconf 72' lang='lat' dir='ltr'>disponerentque,</span> <span class='ocrx_word' id='word_1_176' title='bbox 2884 2267 2959 2328; x_wconf 89' lang='lat' dir='ltr'>vt</span> <span class='ocrx_word' id='word_1_177' title='bbox 3009 2258 3464 2330; x_wconf 88' lang='lat' dir='ltr'>consideratis</span> <span class='ocrx_word' id='word_1_178' title='bbox 3542 2276 3773 2329; x_wconf 92' lang='lat' dir='ltr'>neces-</span> 
     </span>
     <span class='ocr_line' id='line_1_19' title="bbox 479 2356 3773 2456; baseline -0.002 -24"><span class='ocrx_word' id='word_1_179' title='bbox 479 2358 794 2440; x_wconf 81' lang='lat' dir='ltr'>sitatibus</span> <span class='ocrx_word' id='word_1_180' title='bbox 865 2356 1114 2454; x_wconf 86' lang='lat' dir='ltr'>prefati</span> <span class='ocrx_word' id='word_1_181' title='bbox 1179 2357 1407 2450; x_wconf 86' lang='lat' dir='ltr'>Regni</span> <span class='ocrx_word' id='word_1_182' title='bbox 1479 2360 1695 2430; x_wconf 90' lang='lat' dir='ltr'>nostri</span> <span class='ocrx_word' id='word_1_183' title='bbox 1772 2361 1924 2453; x_wconf 91' lang='lat' dir='ltr'>ipse</span> <span class='ocrx_word' id='word_1_184' title='bbox 2005 2358 2319 2432; x_wconf 89' lang='lat' dir='ltr'>dominus</span> <span class='ocrx_word' id='word_1_185' title='bbox 2389 2358 2773 2456; x_wconf 89' lang='lat' dir='ltr'>Episcopus</span> <span class='ocrx_word' id='word_1_186' title='bbox 2844 2382 2968 2455; x_wconf 91' lang='lat' dir='ltr'>pro</span> <span class='ocrx_word' id='word_1_187' title='bbox 3042 2371 3267 2432; x_wconf 90' lang='lat' dir='ltr'>mutua</span> <span class='ocrx_word' id='word_1_188' title='bbox 3346 2383 3576 2435; x_wconf 91' lang='lat' dir='ltr'>eorum</span> <span class='ocrx_word' id='word_1_189' title='bbox 3626 2378 3773 2452; x_wconf 88' lang='lat' dir='ltr'>pace</span> 
     </span>
     <span class='ocr_line' id='line_1_20' title="bbox 476 2459 3772 2558; baseline -0.001 -25"><span class='ocrx_word' id='word_1_190' title='bbox 476 2466 549 2533; x_wconf 91' lang='lat' dir='ltr'>in</span> <span class='ocrx_word' id='word_1_191' title='bbox 604 2464 961 2536; x_wconf 89' lang='lat' dir='ltr'>solucione</span> <span class='ocrx_word' id='word_1_192' title='bbox 1015 2459 1429 2556; x_wconf 82' lang='lat' dir='ltr'>prefatamm</span> <span class='ocrx_word' id='word_1_193' title='bbox 1486 2461 1902 2533; x_wconf 85' lang='lat' dir='ltr'>decimarum</span> <span class='ocrx_word' id='word_1_194' title='bbox 1959 2463 2250 2558; x_wconf 88' lang='lat' dir='ltr'>aliquam</span> <span class='ocrx_word' id='word_1_195' title='bbox 2306 2462 2439 2535; x_wconf 89' lang='lat' dir='ltr'>illis</span> <span class='ocrx_word' id='word_1_196' title='bbox 2492 2463 2755 2537; x_wconf 84' lang='lat' dir='ltr'>faceret</span> <span class='ocrx_word' id='word_1_197' title='bbox 2812 2464 3358 2537; x_wconf 89' lang='lat' dir='ltr'>alleuiacionem.</span> <span class='ocrx_word' id='word_1_198' title='bbox 3464 2463 3587 2550; x_wconf 82' lang='lat' dir='ltr'>Qui</span> <span class='ocrx_word' id='word_1_199' title='bbox 3634 2462 3772 2555; x_wconf 88' lang='lat' dir='ltr'>qui-</span> 
     </span>
     <span class='ocr_line' id='line_1_21' title="bbox 481 2556 3775 2663; baseline -0.002 -25"><span class='ocrx_word' id='word_1_200' title='bbox 481 2565 636 2638; x_wconf 91' lang='lat' dir='ltr'>dem</span> <span class='ocrx_word' id='word_1_201' title='bbox 693 2565 945 2638; x_wconf 89' lang='lat' dir='ltr'>Prelati</span> <span class='ocrx_word' id='word_1_202' title='bbox 1001 2575 1069 2637; x_wconf 91' lang='lat' dir='ltr'>et</span> <span class='ocrx_word' id='word_1_203' title='bbox 1122 2563 1432 2638; x_wconf 90' lang='lat' dir='ltr'>Barones</span> <span class='ocrx_word' id='word_1_204' title='bbox 1485 2556 1845 2637; x_wconf 72' lang='lat' dir='ltr'>memorati</span> <span class='ocrx_word' id='word_1_205' title='bbox 1897 2564 1986 2637; x_wconf 89' lang='lat' dir='ltr'>ad</span> <span class='ocrx_word' id='word_1_206' title='bbox 2039 2575 2344 2638; x_wconf 88' lang='lat' dir='ltr'>nostram</span> <span class='ocrx_word' id='word_1_207' title='bbox 2395 2564 2826 2640; x_wconf 79' lang='lat' dir='ltr'>Maiestatem</span> <span class='ocrx_word' id='word_1_208' title='bbox 2879 2568 3327 2654; x_wconf 63' lang='grc' dir='ltr'><strong>τιοοθᾶοιιῐθε,</strong></span> <span class='ocrx_word' id='word_1_209' title='bbox 3383 2564 3775 2663; x_wconf 86' lang='lat' dir='ltr'>presentibus</span> 
     </span>
     <span class='ocr_line' id='line_1_22' title="bbox 480 2620 3774 2766; baseline -0 -26"><span class='ocrx_word' id='word_1_210' title='bbox 480 2671 704 2741; x_wconf 89' lang='lat' dir='ltr'>eciam</span> <span class='ocrx_word' id='word_1_211' title='bbox 757 2666 1060 2764; x_wconf 90' lang='lat' dir='ltr'>partibus</span> <span class='ocrx_word' id='word_1_212' title='bbox 1115 2667 1460 2756; x_wconf 73' lang='lat' dir='ltr'>antefatis,</span> <span class='ocrx_word' id='word_1_213' title='bbox 1514 2667 1912 2756; x_wconf 62' lang='lat' dir='ltr'>retulerunt,</span> <span class='ocrx_word' id='word_1_214' title='bbox 1966 2668 2301 2763; x_wconf 85' lang='lat' dir='ltr'>prefatum</span> <span class='ocrx_word' id='word_1_215' title='bbox 2358 2669 2700 2743; x_wconf 88' lang='lat' dir='ltr'>dominum</span> <span class='ocrx_word' id='word_1_216' title='bbox 2756 2670 3126 2744; x_wconf 88' lang='lat' dir='ltr'>Osualdum</span> <span class='ocrx_word' id='word_1_217' title='bbox 3181 2620 3594 2766; x_wconf 90' lang='lat' dir='ltr'>Episcopum</span> <span class='ocrx_word' id='word_1_218' title='bbox 3640 2668 3774 2740; x_wconf 92' lang='lat' dir='ltr'>No-</span> 
     </span>
     <span class='ocr_line' id='line_1_23' title="bbox 478 2769 3775 2869; baseline -0 -27"><span class='ocrx_word' id='word_1_219' title='bbox 478 2771 790 2867; x_wconf 88' lang='lat' dir='ltr'>bilesque</span> <span class='ocrx_word' id='word_1_220' title='bbox 860 2769 1170 2866; x_wconf 85' lang='lat' dir='ltr'>prefatos</span> <span class='ocrx_word' id='word_1_221' title='bbox 1240 2772 1308 2842; x_wconf 89' lang='lat' dir='ltr'>in</span> <span class='ocrx_word' id='word_1_222' title='bbox 1365 2792 1660 2866; x_wconf 87' lang='lat' dir='ltr'>persona</span> <span class='ocrx_word' id='word_1_223' title='bbox 1734 2774 1954 2843; x_wconf 91' lang='lat' dir='ltr'>tocius</span> <span class='ocrx_word' id='word_1_224' title='bbox 2025 2772 2254 2865; x_wconf 89' lang='lat' dir='ltr'>Regni</span> <span class='ocrx_word' id='word_1_225' title='bbox 2323 2777 2541 2845; x_wconf 88' lang='lat' dir='ltr'>nostri</span> <span class='ocrx_word' id='word_1_226' title='bbox 2611 2772 2980 2847; x_wconf 72' lang='lat' dir='ltr'>Solanonie</span> <span class='ocrx_word' id='word_1_227' title='bbox 3052 2774 3415 2869; x_wconf 89' lang='lat' dir='ltr'>deputatos</span> <span class='ocrx_word' id='word_1_228' title='bbox 3467 2772 3549 2845; x_wconf 88' lang='lat' dir='ltr'>ad</span> <span class='ocrx_word' id='word_1_229' title='bbox 3599 2772 3775 2843; x_wconf 88' lang='lat' dir='ltr'>talem</span> 
     </span>
     <span class='ocr_line' id='line_1_24' title="bbox 478 2873 3776 2974; baseline -0.001 -26"><span class='ocrx_word' id='word_1_230' title='bbox 478 2876 1038 2968; x_wconf 62' lang='lat' dir='ltr'>intelligendam,</span> <span class='ocrx_word' id='word_1_231' title='bbox 1095 2873 1536 2946; x_wconf 87' lang='lat' dir='ltr'>concordiam</span> <span class='ocrx_word' id='word_1_232' title='bbox 1592 2877 1742 2948; x_wconf 90' lang='lat' dir='ltr'>siue</span> <span class='ocrx_word' id='word_1_233' title='bbox 1797 2874 2329 2970; x_wconf 89' lang='lat' dir='ltr'>disposicionem</span> <span class='ocrx_word' id='word_1_234' title='bbox 2395 2876 2789 2963; x_wconf 73' lang='lat' dir='ltr'>reduxisse,</span> <span class='ocrx_word' id='word_1_235' title='bbox 2861 2876 3042 2972; x_wconf 90' lang='lat' dir='ltr'>quod</span> <span class='ocrx_word' id='word_1_236' title='bbox 3095 2881 3408 2973; x_wconf 87' lang='lat' dir='ltr'>quamuis</span> <span class='ocrx_word' id='word_1_237' title='bbox 3460 2879 3586 2974; x_wconf 91' lang='lat' dir='ltr'>ipsi</span> <span class='ocrx_word' id='word_1_238' title='bbox 3632 2876 3776 2947; x_wconf 88' lang='lat' dir='ltr'>vni—</span> 
     </span>
     <span class='ocr_line' id='line_1_25' title="bbox 484 2977 3779 3074; baseline 0 -25"><span class='ocrx_word' id='word_1_239' title='bbox 484 2981 671 3050; x_wconf 91' lang='lat' dir='ltr'>uersi</span> <span class='ocrx_word' id='word_1_240' title='bbox 723 2978 951 3049; x_wconf 91' lang='lat' dir='ltr'>incole</span> <span class='ocrx_word' id='word_1_241' title='bbox 1004 2980 1228 3050; x_wconf 90' lang='lat' dir='ltr'>tocius</span> <span class='ocrx_word' id='word_1_242' title='bbox 1280 2977 1508 3070; x_wconf 83' lang='lat' dir='ltr'>Regni</span> <span class='ocrx_word' id='word_1_243' title='bbox 1562 2982 1780 3052; x_wconf 89' lang='lat' dir='ltr'>nostri</span> <span class='ocrx_word' id='word_1_244' title='bbox 1831 2977 2079 3073; x_wconf 83' lang='lat' dir='ltr'>prefati</span> <span class='ocrx_word' id='word_1_245' title='bbox 2133 2981 2311 3051; x_wconf 89' lang='lat' dir='ltr'>inter</span> <span class='ocrx_word' id='word_1_246' title='bbox 2364 2980 2535 3053; x_wconf 89' lang='lat' dir='ltr'>alias</span> <span class='ocrx_word' id='word_1_247' title='bbox 2588 3002 2704 3053; x_wconf 91' lang='lat' dir='ltr'>res</span> <span class='ocrx_word' id='word_1_248' title='bbox 2762 2980 3136 3054; x_wconf 90' lang='lat' dir='ltr'>decimales</span> <span class='ocrx_word' id='word_1_249' title='bbox 3191 2980 3279 3053; x_wconf 92' lang='lat' dir='ltr'>de</span> <span class='ocrx_word' id='word_1_250' title='bbox 3341 2981 3615 3074; x_wconf 89' lang='lat' dir='ltr'>singulis</span> <span class='ocrx_word' id='word_1_251' title='bbox 3664 2999 3779 3048; x_wconf 88' lang='lat' dir='ltr'>ca-</span> 
     </span>
     <span class='ocr_line' id='line_1_26' title="bbox 479 3078 3779 3177; baseline -0 -27"><span class='ocrx_word' id='word_1_252' title='bbox 479 3082 698 3175; x_wconf 87' lang='lat' dir='ltr'>peciis</span> <span class='ocrx_word' id='word_1_253' title='bbox 751 3078 941 3152; x_wconf 81' lang='lat' dir='ltr'>millii</span> <span class='ocrx_word' id='word_1_254' title='bbox 980 3102 1114 3154; x_wconf 83' lang='lat' dir='ltr'>sex</span> <span class='ocrx_word' id='word_1_255' title='bbox 1167 3079 1491 3154; x_wconf 86' lang='lat' dir='ltr'>denarios</span> <span class='ocrx_word' id='word_1_256' title='bbox 1544 3084 1732 3152; x_wconf 84' lang='lat' dir='ltr'>iuxta</span> <span class='ocrx_word' id='word_1_257' title='bbox 1790 3084 2135 3174; x_wconf 88' lang='lat' dir='ltr'>antiquam</span> <span class='ocrx_word' id='word_1_258' title='bbox 2191 3081 2498 3156; x_wconf 90' lang='lat' dir='ltr'>diuorum</span> <span class='ocrx_word' id='word_1_259' title='bbox 2553 3083 2821 3177; x_wconf 89' lang='lat' dir='ltr'>Regum</span> <span class='ocrx_word' id='word_1_260' title='bbox 2879 3093 2949 3155; x_wconf 89' lang='lat' dir='ltr'>et</span> <span class='ocrx_word' id='word_1_261' title='bbox 3004 3088 3209 3156; x_wconf 90' lang='lat' dir='ltr'>etiam</span> <span class='ocrx_word' id='word_1_262' title='bbox 3262 3094 3565 3157; x_wconf 87' lang='lat' dir='ltr'>nostram</span> <span class='ocrx_word' id='word_1_263' title='bbox 3616 3082 3779 3152; x_wconf 88' lang='lat' dir='ltr'>limi·-</span> 
     </span>
     <span class='ocr_line' id='line_1_27' title="bbox 479 3182 3781 3281; baseline -0.001 -25"><span class='ocrx_word' id='word_1_264' title='bbox 479 3186 826 3257; x_wconf 86' lang='lat' dir='ltr'>tacionem</span> <span class='ocrx_word' id='word_1_265' title='bbox 879 3182 1148 3278; x_wconf 85' lang='lat' dir='ltr'>prefato</span> <span class='ocrx_word' id='word_1_266' title='bbox 1232 3183 1507 3256; x_wconf 87' lang='lat' dir='ltr'>domino</span> <span class='ocrx_word' id='word_1_267' title='bbox 1563 3182 1869 3258; x_wconf 88' lang='lat' dir='ltr'>Osualdo</span> <span class='ocrx_word' id='word_1_268' title='bbox 1923 3184 2269 3281; x_wconf 91' lang='lat' dir='ltr'>Episcopo</span> <span class='ocrx_word' id='word_1_269' title='bbox 2326 3196 2397 3258; x_wconf 92' lang='lat' dir='ltr'>et</span> <span class='ocrx_word' id='word_1_270' title='bbox 2446 3186 2767 3260; x_wconf 91' lang='lat' dir='ltr'>Ecclesie</span> <span class='ocrx_word' id='word_1_271' title='bbox 2823 3209 2947 3260; x_wconf 90' lang='lat' dir='ltr'>sue</span> <span class='ocrx_word' id='word_1_272' title='bbox 3003 3185 3091 3258; x_wconf 90' lang='lat' dir='ltr'>de</span> <span class='ocrx_word' id='word_1_273' title='bbox 3144 3191 3293 3259; x_wconf 89' lang='lat' dir='ltr'>iure</span> <span class='ocrx_word' id='word_1_274' title='bbox 3355 3187 3619 3260; x_wconf 90' lang='lat' dir='ltr'>soluere</span> <span class='ocrx_word' id='word_1_275' title='bbox 3664 3183 3781 3274; x_wconf 87' lang='lat' dir='ltr'>de-</span> 
     </span>
     <span class='ocr_line' id='line_1_28' title="bbox 477 3285 3783 3385; baseline -0.001 -26"><span class='ocrx_word' id='word_1_276' title='bbox 477 3285 752 3377; x_wconf 70' lang='lat' dir='ltr'>berem,</span> <span class='ocrx_word' id='word_1_277' title='bbox 804 3297 1037 3359; x_wconf 88' lang='lat' dir='ltr'>tamen</span> <span class='ocrx_word' id='word_1_278' title='bbox 1090 3286 1418 3382; x_wconf 89' lang='lat' dir='ltr'>deinceps</span> <span class='ocrx_word' id='word_1_279' title='bbox 1470 3310 1595 3384; x_wconf 89' lang='lat' dir='ltr'>pro</span> <span class='ocrx_word' id='word_1_280' title='bbox 1653 3289 1938 3381; x_wconf 88' lang='lat' dir='ltr'>singulis</span> <span class='ocrx_word' id='word_1_281' title='bbox 1996 3292 2298 3385; x_wconf 87' lang='lat' dir='ltr'>capeciis</span> <span class='ocrx_word' id='word_1_282' title='bbox 2350 3289 2716 3362; x_wconf 88' lang='lat' dir='ltr'>Milliorum</span> <span class='ocrx_word' id='word_1_283' title='bbox 2772 3299 3061 3384; x_wconf 91' lang='lat' dir='ltr'>quatuor</span> <span class='ocrx_word' id='word_1_284' title='bbox 3112 3289 3443 3364; x_wconf 89' lang='lat' dir='ltr'>denarios</span> <span class='ocrx_word' id='word_1_285' title='bbox 3508 3297 3783 3361; x_wconf 87' lang='lat' dir='ltr'>tantum-</span> 
     </span>
     <span class='ocr_line' id='line_1_29' title="bbox 471 3390 3788 3511; baseline -0.002 -48"><span class='ocrx_word' id='word_1_286' title='bbox 471 3390 691 3472; x_wconf 80' lang='lat' dir='ltr'>modo</span> <span class='ocrx_word' id='word_1_287' title='bbox 765 3391 1042 3465; x_wconf 90' lang='lat' dir='ltr'>soluere</span> <span class='ocrx_word' id='word_1_288' title='bbox 1115 3400 1494 3464; x_wconf 88' lang='lat' dir='ltr'>teneantur.</span> <span class='ocrx_word' id='word_1_289' title='bbox 1600 3390 1678 3464; x_wconf 95' lang='lat' dir='ltr'>In</span> <span class='ocrx_word' id='word_1_290' title='bbox 1730 3392 1883 3465; x_wconf 89' lang='lat' dir='ltr'>aliis</span> <span class='ocrx_word' id='word_1_291' title='bbox 1935 3401 2166 3464; x_wconf 88' lang='lat' dir='ltr'>autem</span> <span class='ocrx_word' id='word_1_292' title='bbox 2220 3390 2686 3468; x_wconf 90' lang='lat' dir='ltr'>solucionibus</span> <span class='ocrx_word' id='word_1_293' title='bbox 2758 3416 2986 3467; x_wconf 91' lang='lat' dir='ltr'>rerum</span> <span class='ocrx_word' id='word_1_294' title='bbox 3041 3392 3473 3467; x_wconf 86' lang='lat' dir='ltr'>decimalium</span> <span class='ocrx_word' id='word_1_295' title='bbox 3541 3394 3788 3511; x_wconf 89' lang='lat' dir='ltr'>antiqua</span> 
     </span>
     <span class='ocr_line' id='line_1_30' title="bbox 471 3492 3788 3596; baseline -0.002 -27.98"><span class='ocrx_word' id='word_1_296' title='bbox 471 3493 848 3596; x_wconf 37' lang='lat' dir='ltr'>,Priuilegia</span> <span class='ocrx_word' id='word_1_297' title='bbox 907 3492 1085 3567; x_wconf 89' lang='lat' dir='ltr'>dicte</span> <span class='ocrx_word' id='word_1_298' title='bbox 1139 3493 1461 3567; x_wconf 89' lang='lat' dir='ltr'>Ecclesie</span> <span class='ocrx_word' id='word_1_299' title='bbox 1530 3496 1723 3567; x_wconf 84' lang='lat' dir='ltr'>iuxta</span> <span class='ocrx_word' id='word_1_300' title='bbox 1773 3495 2259 3568; x_wconf 88' lang='lat' dir='ltr'>limitacionem</span> <span class='ocrx_word' id='word_1_301' title='bbox 2331 3496 2643 3568; x_wconf 89' lang='lat' dir='ltr'>diuorum</span> <span class='ocrx_word' id='word_1_302' title='bbox 2712 3495 2983 3591; x_wconf 89' lang='lat' dir='ltr'>Regum</span> <span class='ocrx_word' id='word_1_303' title='bbox 3038 3506 3110 3570; x_wconf 92' lang='lat' dir='ltr'>et</span> <span class='ocrx_word' id='word_1_304' title='bbox 3160 3507 3468 3571; x_wconf 88' lang='lat' dir='ltr'>nostram</span> <span class='ocrx_word' id='word_1_305' title='bbox 3537 3496 3788 3567; x_wconf 90' lang='lat' dir='ltr'>omnino</span> 
     </span>
     <span class='ocr_line' id='line_1_31' title="bbox 483 3597 3789 3725; baseline -0.001 -55"><span class='ocrx_word' id='word_1_306' title='bbox 483 3597 960 3670; x_wconf 84' lang='lat' dir='ltr'>obseruentur.</span> <span class='ocrx_word' id='word_1_307' title='bbox 1065 3598 1490 3695; x_wconf 88' lang='lat' dir='ltr'>Interpositis</span> <span class='ocrx_word' id='word_1_308' title='bbox 1546 3601 1753 3671; x_wconf 90' lang='lat' dir='ltr'>etiam</span> <span class='ocrx_word' id='word_1_309' title='bbox 1803 3597 2319 3671; x_wconf 89' lang='lat' dir='ltr'>condicionibus</span> <span class='ocrx_word' id='word_1_310' title='bbox 2372 3598 2550 3671; x_wconf 87' lang='lat' dir='ltr'>infra</span> <span class='ocrx_word' id='word_1_311' title='bbox 2605 3599 3095 3689; x_wconf 63' lang='lat' dir='ltr'>memorandis,</span> <span class='ocrx_word' id='word_1_312' title='bbox 3151 3603 3418 3725; x_wconf 45' lang='lat' dir='ltr'>primo,·</span> <span class='ocrx_word' id='word_1_313' title='bbox 3458 3598 3630 3695; x_wconf 89' lang='lat' dir='ltr'>quod</span> <span class='ocrx_word' id='word_1_314' title='bbox 3678 3615 3789 3692; x_wconf 89' lang='lat' dir='ltr'>per</span> 
     </span>
     <span class='ocr_line' id='line_1_32' title="bbox 483 3695 3787 3802; baseline -0.001 -28"><span class='ocrx_word' id='word_1_315' title='bbox 483 3704 687 3774; x_wconf 88' lang='lat' dir='ltr'>istam</span> <span class='ocrx_word' id='word_1_316' title='bbox 739 3695 1298 3795; x_wconf 73' lang='lat' dir='ltr'>intelligenciam,</span> <span class='ocrx_word' id='word_1_317' title='bbox 1353 3701 1888 3797; x_wconf 86' lang='lat' dir='ltr'>disposicionem</span> <span class='ocrx_word' id='word_1_318' title='bbox 1943 3706 2094 3774; x_wconf 90' lang='lat' dir='ltr'>siue</span> <span class='ocrx_word' id='word_1_319' title='bbox 2142 3701 2585 3775; x_wconf 89' lang='lat' dir='ltr'>concordiam</span> <span class='ocrx_word' id='word_1_320' title='bbox 2637 3705 2927 3798; x_wconf 79' lang='lat' dir='ltr'>antiquis</span> <span class='ocrx_word' id='word_1_321' title='bbox 2980 3703 3239 3780; x_wconf 88' lang='lat' dir='ltr'>iuribus</span> <span class='ocrx_word' id='word_1_322' title='bbox 3286 3708 3501 3802; x_wconf 89' lang='lat' dir='ltr'>ipsius</span> <span class='ocrx_word' id='word_1_323' title='bbox 3550 3700 3787 3774; x_wconf 89' lang='lat' dir='ltr'>Eccle-</span> 
     </span>
     <span class='ocr_line' id='line_1_33' title="bbox 486 3799 3789 3898; baseline -0.001 -22"><span class='ocrx_word' id='word_1_324' title='bbox 486 3807 593 3886; x_wconf 85' lang='lat' dir='ltr'>sie</span> <span class='ocrx_word' id='word_1_325' title='bbox 646 3803 1136 3898; x_wconf 89' lang='lat' dir='ltr'>Zagrabiensis</span> <span class='ocrx_word' id='word_1_326' title='bbox 1193 3813 1265 3876; x_wconf 88' lang='lat' dir='ltr'>et</span> <span class='ocrx_word' id='word_1_327' title='bbox 1316 3808 1520 3876; x_wconf 88' lang='lat' dir='ltr'>etiam</span> <span class='ocrx_word' id='word_1_328' title='bbox 1576 3806 1785 3898; x_wconf 90' lang='lat' dir='ltr'>partis</span> <span class='ocrx_word' id='word_1_329' title='bbox 1841 3805 2150 3892; x_wconf 71' lang='lat' dir='ltr'>alterius,</span> <span class='ocrx_word' id='word_1_330' title='bbox 2212 3827 2345 3878; x_wconf 92' lang='lat' dir='ltr'>nec</span> <span class='ocrx_word' id='word_1_331' title='bbox 2393 3828 2533 3878; x_wconf 89' lang='lat' dir='ltr'>non</span> <span class='ocrx_word' id='word_1_332' title='bbox 2584 3799 3125 3882; x_wconf 88' lang='lat' dir='ltr'>limitationibus</span> <span class='ocrx_word' id='word_1_333' title='bbox 3166 3809 3479 3881; x_wconf 90' lang='lat' dir='ltr'>diuorum</span> <span class='ocrx_word' id='word_1_334' title='bbox 3543 3804 3789 3898; x_wconf 82' lang='lat' dir='ltr'>Regum</span> 
     </span>
     <span class='ocr_line' id='line_1_34' title="bbox 483 3907 3787 4006; baseline -0.001 -27"><span class='ocrx_word' id='word_1_335' title='bbox 483 3917 558 3979; x_wconf 91' lang='lat' dir='ltr'>et</span> <span class='ocrx_word' id='word_1_336' title='bbox 609 3912 815 3980; x_wconf 84' lang='lat' dir='ltr'>etiam</span> <span class='ocrx_word' id='word_1_337' title='bbox 868 3911 1122 3981; x_wconf 91' lang='lat' dir='ltr'>nostris</span> <span class='ocrx_word' id='word_1_338' title='bbox 1172 3930 1313 3980; x_wconf 90' lang='lat' dir='ltr'>non</span> <span class='ocrx_word' id='word_1_339' title='bbox 1366 3907 1846 4003; x_wconf 89' lang='lat' dir='ltr'>preiudicetur.</span> <span class='ocrx_word' id='word_1_340' title='bbox 1954 3907 2292 4004; x_wconf 85' lang='lat' dir='ltr'>Quodque</span> <span class='ocrx_word' id='word_1_341' title='bbox 2345 3909 2733 3982; x_wconf 87' lang='lat' dir='ltr'>huiusmodi</span> <span class='ocrx_word' id='word_1_342' title='bbox 2803 3910 3176 4006; x_wconf 88' lang='lat' dir='ltr'>disposicio</span> <span class='ocrx_word' id='word_1_343' title='bbox 3230 3916 3299 3984; x_wconf 91' lang='lat' dir='ltr'>iu</span> <span class='ocrx_word' id='word_1_344' title='bbox 3357 3907 3787 4003; x_wconf 87' lang='lat' dir='ltr'>intelligencia</span> 
     </span>
     <span class='ocr_line' id='line_1_35' title="bbox 483 4010 3787 4110; baseline -0.002 -24"><span class='ocrx_word' id='word_1_345' title='bbox 483 4014 636 4086; x_wconf 89' lang='lat' dir='ltr'>siue</span> <span class='ocrx_word' id='word_1_346' title='bbox 685 4010 1062 4084; x_wconf 87' lang='lat' dir='ltr'>concordia</span> <span class='ocrx_word' id='word_1_347' title='bbox 1113 4014 1396 4084; x_wconf 85' lang='lat' dir='ltr'>viuente</span> <span class='ocrx_word' id='word_1_348' title='bbox 1450 4010 1779 4083; x_wconf 84' lang='lat' dir='ltr'>duntaxat</span> <span class='ocrx_word' id='word_1_349' title='bbox 1829 4015 1983 4107; x_wconf 91' lang='lat' dir='ltr'>ipso</span> <span class='ocrx_word' id='word_1_350' title='bbox 2039 4010 2315 4085; x_wconf 88' lang='lat' dir='ltr'>domino</span> <span class='ocrx_word' id='word_1_351' title='bbox 2371 4011 2676 4086; x_wconf 88' lang='lat' dir='ltr'>Osualdo</span> <span class='ocrx_word' id='word_1_352' title='bbox 2732 4013 3078 4110; x_wconf 91' lang='lat' dir='ltr'>Episcopo</span> <span class='ocrx_word' id='word_1_353' title='bbox 3135 4012 3582 4108; x_wconf 88' lang='lat' dir='ltr'>Zagrabiensi</span> <span class='ocrx_word' id='word_1_354' title='bbox 3637 4031 3787 4108; x_wconf 89' lang='lat' dir='ltr'>per-</span> 
     </span>
     <span class='ocr_line' id='line_1_36' title="bbox 486 4113 3789 4211; baseline -0.001 -24"><span class='ocrx_word' id='word_1_355' title='bbox 486 4114 705 4187; x_wconf 86' lang='lat' dir='ltr'>duret.</span> <span class='ocrx_word' id='word_1_356' title='bbox 810 4114 925 4186; x_wconf 86' lang='lat' dir='ltr'>Ad</span> <span class='ocrx_word' id='word_1_357' title='bbox 980 4113 1161 4208; x_wconf 88' lang='lat' dir='ltr'>quod</span> <span class='ocrx_word' id='word_1_358' title='bbox 1213 4136 1293 4187; x_wconf 91' lang='lat' dir='ltr'>se</span> <span class='ocrx_word' id='word_1_359' title='bbox 1348 4113 1551 4187; x_wconf 82' lang='lat' dir='ltr'>ambe</span> <span class='ocrx_word' id='word_1_360' title='bbox 1605 4124 1835 4210; x_wconf 88' lang='lat' dir='ltr'>partes</span> <span class='ocrx_word' id='word_1_361' title='bbox 1891 4124 2137 4211; x_wconf 80' lang='lat' dir='ltr'>sponte</span> <span class='ocrx_word' id='word_1_362' title='bbox 2191 4115 2596 4211; x_wconf 86' lang='lat' dir='ltr'>obligarunt.</span> <span class='ocrx_word' id='word_1_363' title='bbox 2690 4116 2841 4190; x_wconf 86' lang='lat' dir='ltr'>Tali</span> <span class='ocrx_word' id='word_1_364' title='bbox 2894 4121 3100 4190; x_wconf 87' lang='lat' dir='ltr'>etiam</span> <span class='ocrx_word' id='word_1_365' title='bbox 3153 4118 3469 4192; x_wconf 86' lang='lat' dir='ltr'>firmitate</span> <span class='ocrx_word' id='word_1_366' title='bbox 3523 4115 3789 4197; x_wconf 76' lang='lat' dir='ltr'>adiecta,</span> 
     </span>
     <span class='ocr_line' id='line_1_37' title="bbox 485 4216 3788 4317; baseline -0.001 -26"><span class='ocrx_word' id='word_1_367' title='bbox 485 4216 669 4314; x_wconf 88' lang='lat' dir='ltr'>quod</span> <span class='ocrx_word' id='word_1_368' title='bbox 723 4220 783 4291; x_wconf 92' lang='lat' dir='ltr'>si</span> <span class='ocrx_word' id='word_1_369' title='bbox 834 4216 1084 4315; x_wconf 85' lang='lat' dir='ltr'>prefati</span> <span class='ocrx_word' id='word_1_370' title='bbox 1136 4217 1424 4293; x_wconf 91' lang='lat' dir='ltr'>Nobiles</span> <span class='ocrx_word' id='word_1_371' title='bbox 1479 4228 1549 4290; x_wconf 92' lang='lat' dir='ltr'>et</span> <span class='ocrx_word' id='word_1_372' title='bbox 1601 4220 1828 4302; x_wconf 91' lang='lat' dir='ltr'>incole</span> <span class='ocrx_word' id='word_1_373' title='bbox 1882 4216 2109 4314; x_wconf 86' lang='lat' dir='ltr'>Regni</span> <span class='ocrx_word' id='word_1_374' title='bbox 2163 4222 2380 4293; x_wconf 88' lang='lat' dir='ltr'>nostri</span> <span class='ocrx_word' id='word_1_375' title='bbox 2434 4219 2831 4312; x_wconf 74' lang='lat' dir='ltr'>Sclauonie‚</span> <span class='ocrx_word' id='word_1_376' title='bbox 2900 4221 3014 4294; x_wconf 90' lang='lat' dir='ltr'>uel</span> <span class='ocrx_word' id='word_1_377' title='bbox 3066 4220 3273 4317; x_wconf 90' lang='lat' dir='ltr'>aliqui</span> <span class='ocrx_word' id='word_1_378' title='bbox 3327 4246 3423 4295; x_wconf 86' lang='lat' dir='ltr'>ex</span> <span class='ocrx_word' id='word_1_379' title='bbox 3472 4224 3576 4295; x_wconf 90' lang='lat' dir='ltr'>eis</span> <span class='ocrx_word' id='word_1_380' title='bbox 3624 4228 3788 4291; x_wconf 87' lang='lat' dir='ltr'>tem-</span> 
     </span>
     <span class='ocr_line' id='line_1_38' title="bbox 485 4320 3787 4420; baseline -0 -26"><span class='ocrx_word' id='word_1_381' title='bbox 485 4343 730 4418; x_wconf 88' lang='lat' dir='ltr'>porum</span> <span class='ocrx_word' id='word_1_382' title='bbox 784 4323 854 4393; x_wconf 90' lang='lat' dir='ltr'>in</span> <span class='ocrx_word' id='word_1_383' title='bbox 907 4344 1247 4396; x_wconf 90' lang='lat' dir='ltr'>successu</span> <span class='ocrx_word' id='word_1_384' title='bbox 1298 4324 1369 4395; x_wconf 91' lang='lat' dir='ltr'>in</span> <span class='ocrx_word' id='word_1_385' title='bbox 1425 4323 1777 4396; x_wconf 92' lang='lat' dir='ltr'>soluendis</span> <span class='ocrx_word' id='word_1_386' title='bbox 1832 4321 2220 4396; x_wconf 89' lang='lat' dir='ltr'>huiusmodi</span> <span class='ocrx_word' id='word_1_387' title='bbox 2274 4322 2558 4398; x_wconf 88' lang='lat' dir='ltr'>decimis</span> <span class='ocrx_word' id='word_1_388' title='bbox 2613 4323 2882 4420; x_wconf 87' lang='lat' dir='ltr'>prefato</span> <span class='ocrx_word' id='word_1_389' title='bbox 2938 4323 3215 4398; x_wconf 88' lang='lat' dir='ltr'>domino</span> <span class='ocrx_word' id='word_1_390' title='bbox 3282 4326 3586 4400; x_wconf 88' lang='lat' dir='ltr'>Osualdo</span> <span class='ocrx_word' id='word_1_391' title='bbox 3635 4320 3787 4415; x_wconf 88' lang='lat' dir='ltr'>Epi-</span> 
     </span>
     <span class='ocr_line' id='line_1_39' title="bbox 485 4426 3788 4548; baseline -0.002 -49"><span class='ocrx_word' id='word_1_392' title='bbox 485 4446 704 4520; x_wconf 92' lang='lat' dir='ltr'>scopo</span> <span class='ocrx_word' id='word_1_393' title='bbox 760 4428 1351 4548; x_wconf 81' lang='lat' dir='ltr'>tergiuersacione</span> <span class='ocrx_word' id='word_1_394' title='bbox 1407 4428 1745 4521; x_wconf 81' lang='lat' dir='ltr'>exquisita</span> <span class='ocrx_word' id='word_1_395' title='bbox 1805 4436 2247 4499; x_wconf 90' lang='lat' dir='ltr'>contumaces</span> <span class='ocrx_word' id='word_1_396' title='bbox 2316 4438 2577 4517; x_wconf 69' lang='lat' dir='ltr'>essent,</span> <span class='ocrx_word' id='word_1_397' title='bbox 2650 4427 3090 4523; x_wconf 81' lang='lat' dir='ltr'>prefatasque</span> <span class='ocrx_word' id='word_1_398' title='bbox 3161 4428 3471 4505; x_wconf 88' lang='lat' dir='ltr'>decimas</span> <span class='ocrx_word' id='word_1_399' title='bbox 3542 4426 3788 4502; x_wconf 89' lang='lat' dir='ltr'>soluere</span> 
     </span>
     <span class='ocr_line' id='line_1_40' title="bbox 484 4528 3790 4626; baseline -0.002 -23"><span class='ocrx_word' id='word_1_400' title='bbox 484 4528 772 4609; x_wconf 67' lang='lat' dir='ltr'>nollent„</span> <span class='ocrx_word' id='word_1_401' title='bbox 826 4530 944 4603; x_wconf 81' lang='lat' dir='ltr'>vel</span> <span class='ocrx_word' id='word_1_402' title='bbox 1000 4532 1375 4603; x_wconf 90' lang='lat' dir='ltr'>occasione</span> <span class='ocrx_word' id='word_1_403' title='bbox 1430 4551 1670 4601; x_wconf 89' lang='lat' dir='ltr'>earum</span> <span class='ocrx_word' id='word_1_404' title='bbox 1724 4551 1962 4602; x_wconf 88' lang='lat' dir='ltr'>coram</span> <span class='ocrx_word' id='word_1_405' title='bbox 2016 4529 2242 4620; x_wconf 70' lang='lat' dir='ltr'>nobis,</span> <span class='ocrx_word' id='word_1_406' title='bbox 2307 4531 2424 4603; x_wconf 88' lang='lat' dir='ltr'>vel</span> <span class='ocrx_word' id='word_1_407' title='bbox 2477 4531 2647 4605; x_wconf 90' lang='lat' dir='ltr'>alias</span> <span class='ocrx_word' id='word_1_408' title='bbox 2704 4531 3089 4626; x_wconf 86' lang='lat' dir='ltr'>vbicunque</span> <span class='ocrx_word' id='word_1_409' title='bbox 3161 4534 3471 4606; x_wconf 90' lang='lat' dir='ltr'>locorum</span> <span class='ocrx_word' id='word_1_410' title='bbox 3545 4532 3790 4603; x_wconf 88' lang='lat' dir='ltr'>lamen-</span> 
     </span>
     <span class='ocr_line' id='line_1_41' title="bbox 485 4633 3791 4722; baseline -0.001 -18"><span class='ocrx_word' id='word_1_411' title='bbox 485 4642 817 4722; x_wconf 71' lang='lat' dir='ltr'>tarentur,</span> <span class='ocrx_word' id='word_1_412' title='bbox 891 4633 1006 4705; x_wconf 92' lang='lat' dir='ltr'>vel</span> <span class='ocrx_word' id='word_1_413' title='bbox 1078 4633 1231 4706; x_wconf 88' lang='lat' dir='ltr'>lites</span> <span class='ocrx_word' id='word_1_414' title='bbox 1288 4634 1725 4721; x_wconf 71' lang='lat' dir='ltr'>suscitarent,</span> <span class='ocrx_word' id='word_1_415' title='bbox 1800 4654 2036 4705; x_wconf 91' lang='lat' dir='ltr'>rursus</span> <span class='ocrx_word' id='word_1_416' title='bbox 2093 4643 2162 4706; x_wconf 90' lang='lat' dir='ltr'>et</span> <span class='ocrx_word' id='word_1_417' title='bbox 2212 4638 2458 4706; x_wconf 90' lang='lat' dir='ltr'>iterato</span> <span class='ocrx_word' id='word_1_418' title='bbox 2514 4633 2601 4707; x_wconf 89' lang='lat' dir='ltr'>ad</span> <span class='ocrx_word' id='word_1_419' title='bbox 2657 4636 3078 4709; x_wconf 89' lang='lat' dir='ltr'>solucionem</span> <span class='ocrx_word' id='word_1_420' title='bbox 3155 4659 3283 4710; x_wconf 86' lang='lat' dir='ltr'>sex</span> <span class='ocrx_word' id='word_1_421' title='bbox 3359 4637 3791 4709; x_wconf 89' lang='lat' dir='ltr'>denariorum</span> 
     </span>
     <span class='ocr_line' id='line_1_42' title="bbox 487 4733 3794 4857; baseline -0.002 -48"><span class='ocrx_word' id='word_1_422' title='bbox 487 4757 663 4857; x_wconf 79' lang='lat' dir='ltr'>quos</span> <span class='ocrx_word' id='word_1_423' title='bbox 715 4734 803 4808; x_wconf 89' lang='lat' dir='ltr'>de</span> <span class='ocrx_word' id='word_1_424' title='bbox 858 4736 1146 4829; x_wconf 89' lang='lat' dir='ltr'>siugulis</span> <span class='ocrx_word' id='word_1_425' title='bbox 1201 4737 1502 4831; x_wconf 86' lang='lat' dir='ltr'>capeciis</span> <span class='ocrx_word' id='word_1_426' title='bbox 1555 4733 1917 4807; x_wconf 87' lang='lat' dir='ltr'>Milliorum</span> <span class='ocrx_word' id='word_1_427' title='bbox 1973 4739 2164 4808; x_wconf 83' lang='lat' dir='ltr'>iuxta</span> <span class='ocrx_word' id='word_1_428' title='bbox 2219 4738 2701 4811; x_wconf 88' lang='lat' dir='ltr'>limitacionem</span> <span class='ocrx_word' id='word_1_429' title='bbox 2758 4744 3096 4835; x_wconf 84' lang='lat' dir='ltr'>antiquam</span> <span class='ocrx_word' id='word_1_430' title='bbox 3153 4750 3222 4814; x_wconf 90' lang='lat' dir='ltr'>et</span> <span class='ocrx_word' id='word_1_431' title='bbox 3259 4743 3461 4813; x_wconf 87' lang='lat' dir='ltr'>etiam</span> <span class='ocrx_word' id='word_1_432' title='bbox 3518 4746 3794 4811; x_wconf 89' lang='lat' dir='ltr'>nostram</span> 
     </span>
     <span class='ocr_line' id='line_1_43' title="bbox 491 4836 3795 4939; baseline -0.001 -27"><span class='ocrx_word' id='word_1_433' title='bbox 491 4840 579 4912; x_wconf 90' lang='lat' dir='ltr'>de</span> <span class='ocrx_word' id='word_1_434' title='bbox 631 4843 782 4912; x_wconf 90' lang='lat' dir='ltr'>iure</span> <span class='ocrx_word' id='word_1_435' title='bbox 838 4840 1114 4913; x_wconf 90' lang='lat' dir='ltr'>soluere</span> <span class='ocrx_word' id='word_1_436' title='bbox 1189 4836 1465 4926; x_wconf 90' lang='lat' dir='ltr'>debent</span> <span class='ocrx_word' id='word_1_437' title='bbox 1540 4838 1918 4912; x_wconf 79' lang='lat' dir='ltr'>reincidunt</span> <span class='ocrx_word' id='word_1_438' title='bbox 1991 4862 2078 4913; x_wconf 92' lang='lat' dir='ltr'>eo</span> <span class='ocrx_word' id='word_1_439' title='bbox 2133 4838 2340 4913; x_wconf 83' lang='lat' dir='ltr'>facto.</span> <span class='ocrx_word' id='word_1_440' title='bbox 2446 4841 2561 4915; x_wconf 88' lang='lat' dir='ltr'>Ad</span> <span class='ocrx_word' id='word_1_441' title='bbox 2616 4864 2819 4938; x_wconf 89' lang='lat' dir='ltr'>quam</span> <span class='ocrx_word' id='word_1_442' title='bbox 2870 4843 3142 4939; x_wconf 88' lang='lat' dir='ltr'>quidem</span> <span class='ocrx_word' id='word_1_443' title='bbox 3208 4843 3631 4917; x_wconf 90' lang='lat' dir='ltr'>solucionem</span> <span class='ocrx_word' id='word_1_444' title='bbox 3682 4854 3795 4912; x_wconf 80' lang='lat' dir='ltr'>sex</span> 
     </span>
     <span class='ocr_line' id='line_1_44' title="bbox 487 4938 3797 5042; baseline -0 -26"><span class='ocrx_word' id='word_1_445' title='bbox 487 4943 927 5018; x_wconf 85' lang='lat' dir='ltr'>denariorum</span> <span class='ocrx_word' id='word_1_446' title='bbox 997 4965 1129 5016; x_wconf 90' lang='lat' dir='ltr'>nos</span> <span class='ocrx_word' id='word_1_447' title='bbox 1179 4964 1305 5015; x_wconf 91' lang='lat' dir='ltr'>eos</span> <span class='ocrx_word' id='word_1_448' title='bbox 1361 4942 1777 5037; x_wconf 87' lang='lat' dir='ltr'>compellere</span> <span class='ocrx_word' id='word_1_449' title='bbox 1850 4941 2260 5033; x_wconf 72' lang='lat' dir='ltr'>tenebimur,</span> <span class='ocrx_word' id='word_1_450' title='bbox 2338 4955 2453 5017; x_wconf 90' lang='lat' dir='ltr'>aut</span> <span class='ocrx_word' id='word_1_451' title='bbox 2503 4945 2676 5018; x_wconf 88' lang='lat' dir='ltr'>Bani</span> <span class='ocrx_word' id='word_1_452' title='bbox 2727 4947 2846 5019; x_wconf 88' lang='lat' dir='ltr'>vel</span> <span class='ocrx_word' id='word_1_453' title='bbox 2893 4946 3228 5020; x_wconf 91' lang='lat' dir='ltr'>Vicebani</span> <span class='ocrx_word' id='word_1_454' title='bbox 3296 4947 3543 5042; x_wconf 84' lang='lat' dir='ltr'>prefati</span> <span class='ocrx_word' id='word_1_455' title='bbox 3597 4938 3797 5033; x_wconf 82' lang='lat' dir='ltr'>Regni</span> 
     </span>
     <span class='ocr_line' id='line_1_45' title="bbox 488 5047 3797 5148; baseline -0.002 -27"><span class='ocrx_word' id='word_1_456' title='bbox 488 5048 710 5121; x_wconf 85' lang='lat' dir='ltr'>nostri</span> <span class='ocrx_word' id='word_1_457' title='bbox 759 5067 883 5142; x_wconf 88' lang='lat' dir='ltr'>pro</span> <span class='ocrx_word' id='word_1_458' title='bbox 939 5056 1249 5140; x_wconf 89' lang='lat' dir='ltr'>tempore</span> <span class='ocrx_word' id='word_1_459' title='bbox 1315 5048 1683 5136; x_wconf 65' lang='lat' dir='ltr'>constituti⁹</span> <span class='ocrx_word' id='word_1_460' title='bbox 1756 5047 1976 5121; x_wconf 91' lang='lat' dir='ltr'>solum</span> <span class='ocrx_word' id='word_1_461' title='bbox 2028 5050 2276 5143; x_wconf 79' lang='lat' dir='ltr'>vigore</span> <span class='ocrx_word' id='word_1_462' title='bbox 2329 5052 2791 5145; x_wconf 58' lang='lat' dir='ltr'>presencium„</span> <span class='ocrx_word' id='word_1_463' title='bbox 2842 5073 2982 5124; x_wconf 89' lang='lat' dir='ltr'>non</span> <span class='ocrx_word' id='word_1_464' title='bbox 3040 5060 3447 5148; x_wconf 80' lang='lat' dir='ltr'>exspectato</span> <span class='ocrx_word' id='word_1_465' title='bbox 3501 5049 3634 5122; x_wconf 90' lang='lat' dir='ltr'>alio</span> <span class='ocrx_word' id='word_1_466' title='bbox 3684 5065 3797 5116; x_wconf 90' lang='lat' dir='ltr'>su-</span> 
     </span>
     <span class='ocr_line' id='line_1_46' title="bbox 490 5147 3798 5276; baseline -0.002 -54"><span class='ocrx_word' id='word_1_467' title='bbox 490 5149 778 5246; x_wconf 79' lang='lat' dir='ltr'>perinde</span> <span class='ocrx_word' id='word_1_468' title='bbox 833 5148 1175 5222; x_wconf 86' lang='lat' dir='ltr'>maudato.</span> <span class='ocrx_word' id='word_1_469' title='bbox 1282 5147 1557 5222; x_wconf 84' lang='lat' dir='ltr'>Extunc</span> <span class='ocrx_word' id='word_1_470' title='bbox 1609 5173 1733 5246; x_wconf 91' lang='lat' dir='ltr'>per</span> <span class='ocrx_word' id='word_1_471' title='bbox 1770 5153 2168 5243; x_wconf 85' lang='lat' dir='ltr'>grauamina</span> <span class='ocrx_word' id='word_1_472' title='bbox 2225 5163 2604 5248; x_wconf 90' lang='lat' dir='ltr'>opportuna</span> <span class='ocrx_word' id='word_1_473' title='bbox 2662 5154 3078 5276; x_wconf 89' lang='lat' dir='ltr'>compellere</span> <span class='ocrx_word' id='word_1_474' title='bbox 3137 5177 3262 5230; x_wconf 87' lang='lat' dir='ltr'>eos</span> <span class='ocrx_word' id='word_1_475' title='bbox 3316 5165 3385 5226; x_wconf 92' lang='lat' dir='ltr'>et</span> <span class='ocrx_word' id='word_1_476' title='bbox 3441 5156 3798 5242; x_wconf 86' lang='lat' dir='ltr'>astringere</span> 
     </span>
     <span class='ocr_line' id='line_1_47' title="bbox 494 5251 3799 5354; baseline -0.002 -28"><span class='ocrx_word' id='word_1_477' title='bbox 494 5253 793 5326; x_wconf 91' lang='lat' dir='ltr'>debeant</span> <span class='ocrx_word' id='word_1_478' title='bbox 845 5264 915 5326; x_wconf 91' lang='lat' dir='ltr'>et</span> <span class='ocrx_word' id='word_1_479' title='bbox 968 5263 1368 5343; x_wconf 80' lang='lat' dir='ltr'>teneantur3</span> <span class='ocrx_word' id='word_1_480' title='bbox 1450 5258 1849 5327; x_wconf 85' lang='lat' dir='ltr'>auctoritate</span> <span class='ocrx_word' id='word_1_481' title='bbox 1922 5265 2157 5328; x_wconf 88' lang='lat' dir='ltr'>nostra</span> <span class='ocrx_word' id='word_1_482' title='bbox 2232 5256 2663 5352; x_wconf 88' lang='lat' dir='ltr'>presentibus</span> <span class='ocrx_word' id='word_1_483' title='bbox 2738 5260 2904 5352; x_wconf 90' lang='lat' dir='ltr'>ipsis</span> <span class='ocrx_word' id='word_1_484' title='bbox 2959 5261 3026 5329; x_wconf 91' lang='lat' dir='ltr'>in</span> <span class='ocrx_word' id='word_1_485' title='bbox 3084 5258 3213 5331; x_wconf 90' lang='lat' dir='ltr'>bac</span> <span class='ocrx_word' id='word_1_486' title='bbox 3262 5266 3457 5354; x_wconf 84' lang='lat' dir='ltr'>parte</span> <span class='ocrx_word' id='word_1_487' title='bbox 3512 5251 3799 5328; x_wconf 83' lang='lat' dir='ltr'>attributa</span> 
     </span>
     <span class='ocr_line' id='line_1_48' title="bbox 495 5350 3798 5454; baseline 0.001 -28"><span class='ocrx_word' id='word_1_488' title='bbox 495 5355 860 5431; x_wconf 86' lang='lat' dir='ltr'>mediante.</span> <span class='ocrx_word' id='word_1_489' title='bbox 968 5357 1193 5453; x_wconf 91' lang='lat' dir='ltr'>Super</span> <span class='ocrx_word' id='word_1_490' title='bbox 1246 5381 1378 5453; x_wconf 89' lang='lat' dir='ltr'>qua</span> <span class='ocrx_word' id='word_1_491' title='bbox 1433 5357 1701 5452; x_wconf 89' lang='lat' dir='ltr'>quidem</span> <span class='ocrx_word' id='word_1_492' title='bbox 1761 5357 2225 5454; x_wconf 89' lang='lat' dir='ltr'>disposicione</span> <span class='ocrx_word' id='word_1_493' title='bbox 2282 5362 2429 5432; x_wconf 91' lang='lat' dir='ltr'>siue</span> <span class='ocrx_word' id='word_1_494' title='bbox 2485 5361 2855 5434; x_wconf 88' lang='lat' dir='ltr'>concordia</span> <span class='ocrx_word' id='word_1_495' title='bbox 2913 5362 3174 5436; x_wconf 88' lang='lat' dir='ltr'>litteras</span> <span class='ocrx_word' id='word_1_496' title='bbox 3228 5359 3638 5435; x_wconf 86' lang='lat' dir='ltr'>fassionales</span> <span class='ocrx_word' id='word_1_497' title='bbox 3689 5350 3798 5428; x_wconf 83' lang='lat' dir='ltr'>sub</span> 
     </span>
    </p>
   </div>
  </div>
 </body>
</html>
