3950 5917
449 370 605 449 124

450 577 833 652 eonflrmati
884 570 1255 653 Ecclesiae
1286 574 1884 676 wesprimiensis,
1939 579 2140 654 aulae
2191 587 2476 656 nostrae
2511 575 2952 671 Cancellarii,
3005 576 3226 653 fidelis
3263 572 3524 669 ‘nosti-i,
3580 584 3808 651 sexto

448 680 799 758 Kalendas
851 682 1092 778 Aprili.
1145 681 1354 756 Anno
1410 682 1498 755 ab
1549 682 2031 757 lncarnatione
2081 684 2354 758 Domini
2408 680 2768 757 MGGGH.

448 885 529 939 Ex
554 883 863 1023 ιυὺωξοο
897 883 1531 1025 mmmpwEStepbm
1589 883 1743 937 Ducis
1777 885 2197 954 'Fr-minniac,
2234 886 2403 939 fratris
2437 884 2692 940 Ludovici
2727 885 2904 955 Regis.
2950 912 3021 925 --
3065 882 3238 952 1²05&-
3275 881 3405 937 Cod.
3439 882 3578 951 Dipl.
3613 881 3812 951 flu*

803 985 908 1024 on.
943 970 1031 1025 [x.
1065 970 1184 1025 Vol.
1317 987 1370 1039 p.
1398 970 1487 1023 81.

1913 1519 2306 1603 xclv.

1157 1832 1366 1905 Anno
1437 1830 1675 1905 1354.
1731 1833 1846 1903 die
1905 1830 2028 1903 15.
2085 1832 2253 1904 Mai.
2333 1832 2417 1904 1η
2467 1839 2710 1905 castro
2765 1832 3076 1905 leanicb.

450 2095 1072 2199 Stephanus,
1158 2098 1472 2173 totius
1552 2093 2138 2198 Slavoniae,
2213 2093 2683 2174 Croatiae
2762 2103 2859 2173 et
2935 2092 3486 2173 Dalmatiae
3545 2091 3796 2197 Dux,

448 2231 993 2313 nonnullos
1056 2228 1466 2311 Nobiles
1513 2229 2211 2336 Jobbagiones
2266 2231 2603 2312 Castri
2654 2229 3191 2311 Moroucha
3234 2229 3795 2334 (Μαι-υνδε]

1524 2393 1834 2448 veros
1908 2368 2322 2450 Nobiles
2400 2380 2716 2449 creat,
3001 2378 3010 2387 '

762 2637 911 2714 Nos
967 2638 1380 2735 Stephanus,
1435 2638 1566 2710 Dei
1620 2640 1839 2732 gratia
1890 2642 2100 2711 totius
2155 2636 2598 2730 Sclaveniae,
2662 2635 2984 2712 croatiae
3039 2645 3111 2711 et
3158 2636 3539 2710 Dalmatiae
3591 2636 3798 2727 Dux,

448 2745 827 2817 memoriae
882 2740 1443 2816 commendantes
1521 2750 1767 2814 tenore
1819 2743 2283 2839 praesentium
2338 2740 2803 2836 significamus
2857 2739 3100 2837 quibus
3156 2738 3431 2837 expedit
3483 2743 3802 2814 vniuer-

447 2849 601 2922 sis:
656 2843 859 2933 Quod
884 2840 1213 2920 Nicolaus
1267 2845 1444 2920 filius
1496 2843 1787 2935 Katchk,
1842 2843 2091 2918 nobilis
2141 2842 2508 2943 Jobbagyo
2548 2843 2770 2920 Castri
2807 2842 2895 2917 de
2932 2842 3332 2933 Moroucba,
3387 2865 3540 2934 sua,
3581 2843 3801 2920 lwan

448 2958 526 3023 et
580 2946 891 3042 Georgij,
968 2948 1260 3021 filiorum
1330 2946 1599 3021 Nicolai
1667 2946 1951 3021 fratrum
2004 2949 2434 3044 patruelium,
2487 2972 2575 3020 ac
2623 2946 2920 3038 Martini,
2997 2946 3114 3041 filij
3169 2945 3446 3020 Brokon
3523 2951 3794 3037 vitrici,

448 3067 761 3141 suorum,
814 3074 946 3124 nec
994 3073 1134 3125 non
1179 3049 1399 3143 Bank,
1453 3050 1568 3144 filij
1626 3049 1838 3143 Petri,
1908 3052 2217 3125 similiter
2263 3049 2603 3124 Nobilium
2659 3049 3126 3126 Castrensium
3182 3049 3266 3123 de
3320 3049 3568 3124 eodem
3621 3050 3792 3123 Go-

449 3154 687 3226 mitatu
711 3152 1115 3246 Moroucha,
1164 3156 1235 3228 iu
1286 3156 1631 3250 personis,
1687 3153 1773 3227 ad
1809 3165 2092 3228 nostrae
2130 3152 2534 3229 Serenitatis
2590 3154 2989 3229 accedendo
3045 3162 3488 3249 conspectum
3543 3152 3792 3227 fideli-

448 3265 630 3330 tates
685 3267 755 3330 et
808 3258 1089 3330 servitia
1144 3256 1370 3329 fidelia
1424 3257 1889 3352 praefatorum
1940 3257 2196 3346 Patrui,
2251 3256 2533 3331 fratrum
2587 3268 2658 3331 et
2707 3260 2933 3330 vitrici
2985 3278 3287 3343 suorum,
3354 3260 3425 3329 in
3479 3256 3794 3331 diversis

451 3363 721 3454 regni
775 3363 1074 3435 nostri
1132 3359 1706 3458 expeditionibus,
1758 3377 1894 3433 una
1934 3383 2088 3433 cum
2123 3359 2488 3454 magnifico
2525 3363 2679 3434 viro
2724 3358 3006 3458 Mykoh,
3060 3361 3400 3456 quondam
3443 3360 3802 3433 dictorum

449 3463 850 3557 Regnorum
886 3462 1304 3537 sclavoniae
1359 3473 1430 3536 et
1466 3460 1783 3536 croatiae
1827 3464 2049 3554 Bane,
2105 3473 2341 3536 contra
2395 3467 2594 3558 regni
2648 3464 2989 3553 aemulos,
3043 3474 3262 3536 morte
3316 3473 3388 3536 et
3421 3466 3796 3557 sanguinis

445 3564 818 3656 effusione,
891 3565 1486 3662 membrorumque
1557 3566 2116 3657 mutilationibus,
2188 3590 2275 3638 ac
2328 3569 2479 3642 aliis
2551 3566 2963 3640 multimodis
3032 3567 3633 3664 periclitationibus
3692 3590 3798 3640 ae

448 3667 1046 3762 captivationibus,
1127 3692 1306 3765 quae
1385 3671 1612 3741 omnia
1674 3691 1801 3764 per
1854 3673 2108 3743 seriem
2160 3670 2440 3764 longum
2493 3681 2686 3744 esset
2738 3692 3089 3760 enarrare,
3169 3669 3794 3744 Excellentissimo

446 3768 745 3843 Domino
773 3769 1129 3844 Lodovico
1181 3775 1334 3866 regi
1367 3770 1762 3864 Hungariae
1814 3771 2009 3844 fratri
2060 3783 2300 3846 nostro
2357 3776 2716 3847 carissimo
2773 3784 2843 3845 et
2876 3774 3073 3847 nobis
3128 3796 3255 3869 per
3308 3795 3794 3869 consequenS,

446 3884 652 3969 prout
704 3896 745 3946 a
797 3873 1275 3971 praesentibus
1328 3873 1705 3969 potioribus
1757 3878 1957 3968 regni
2009 3878 2228 3948 nostri
2276 3874 2630 3949 Nobilibus
2713 3877 2965 3950 exinde
3017 3876 3576 3949 certitudinaliter
3625 3876 3798 3950 fui-

446 3999 601 4050 mus
654 3977 1025 4068 informati,
1089 4000 1410 4075 suprema
1464 4000 1617 4050 cum
1654 3977 1980 4050 aviditate
2034 3977 2374 4054 fidelitatis
2431 3979 2728 4052 exhibita
2785 3990 2856 4052 et
2889 3984 3222 4076 impensa,
3275 3992 3559 4053 nostrae
3607 3980 3798 4053 Ma-

434 4083 682 4172 jestati
742 4103 1137 4179 proponens
1209 4098 1280 4153 et
1341 4081 1702 4156 declarans
1775 4104 1860 4153 ae
1927 4085 1998 4154 in
2070 4086 2286 4155 nostri
2365 4082 2779 4156 reducentes
2833 4087 3230 4156 memoriam
3284 4105 3439 4156 cum
3493 4083 3790 4172 affectu,

444 4185 839 4279 supplicans
912 4185 1166 4257 exinde
1238 4194 1543 4260 nostram
1611 4184 1952 4258 humiliter
2005 4196 2075 4257 et
2128 4185 2380 4259 deuote
2430 4184 2887 4276 Maiestatem,
2955 4197 3029 4259 ut
3073 4209 3227 4258 cum
3280 4185 3544 4260 eisdem
3595 4211 3794 4281 gra-

445 4289 633 4358 tiose
687 4287 985 4382 agendo,
1038 4291 1233 4384 ipsos
1288 4310 1372 4361 ac
1408 4311 1650 4361 eorum
1701 4287 2045 4362 haeredes
2100 4290 2300 4362 simul
2352 4310 2504 4362 cum
2540 4288 3099 4385 possessionibus
3154 4312 3392 4362 eorum
3430 4290 3518 4363 de
3554 4313 3798 4386 prae-

310 4442 321 4451 .
447 4392 666 4462 misso
721 4389 949 4464 Nobili
990 4389 1494 4486 Jobbagionatu
1550 4389 1772 4463 Castri
1819 4413 1913 4463 ex
1948 4395 2203 4487 pietate
2253 4391 2478 4465 ducali
2532 4414 2878 4486 generose
2932 4397 3242 4466 eximere
3296 4393 3798 4487 dignaremur:

442 4491 598 4565 Nos
649 4498 877 4589 itaque
957 4499 1071 4590 qui
1124 4499 1427 4590 suscepti
1478 4498 1694 4567 nostri
1747 4497 2102 4587 regiminis
2166 4495 2397 4568 officio
2472 4505 2868 4569 cunctorum
2938 4495 3236 4569 fidelium
3307 4497 3802 4573 famulantium

443 4597 633 4668 ‘votis
687 4619 892 4670 aures
940 4602 1213 4692 pietatis
1266 4599 1596 4670 inclinare
1652 4607 1989 4685 tenemur,
2043 4603 2446 4693 praesertim
2500 4599 2657 4696 hys,
2727 4603 2839 4696 qui
2891 4620 2970 4672 se
3024 4610 3096 4672 et
3149 4622 3274 4675 sua
3328 4623 3684 4696 personae
3715 4659 3734 4675 .
3773 4662 3796 4677 .

438 4698 754 4792 pericula
807 4721 931 4791 pro
987 4704 1368 4773 constantia
1421 4698 1765 4772 fidelitatis
1819 4699 2094 4775 casibus
2160 4702 2476 4776 fortunae
2548 4725 2903 4801 exponere
2956 4725 3094 4777 non
3147 4703 3538 4796 formidant,
3593 4728 3800 4803 sup-—

451 4798 928 4896 plicationibus
981 4807 1195 4898 ipsius
1246 4803 1514 4875 Nicolai
1568 4802 1683 4895 filij
1739 4801 2032 4895 Katchk,
2106 4828 2240 4900 quo
2298 4828 2502 4902 supra
2555 4807 2788 4896 modo,
2859 4805 3057 4880 nobis
3111 4813 3474 4903 porrectis,
3527 4808 3800 4883 Dueali

448 4901 957 4976 favorabilitate
1010 4907 1336 4996 inclinati,
1390 4909 1755 4980 recensitis
1810 4906 2243 4982 fidelitatibus
2281 4919 2351 4982 et
2387 4913 2689 5003 servitijs
2725 4913 3392 5007 praenominatorum
3429 4910 3794 4988 Nobilium

446 5004 956 5100 Jobbagionum
1010 5008 1215 5082 modo
1269 5007 1667 5104 praehabito
1721 5013 2077 5106 impensis,
2130 5013 2292 5084 lieet
2343 5014 2555 5105 ijdem
2606 5036 2729 5110 pro
2782 5016 3182 5109 praemissis
3231 5016 3541 5111 ampliori
3588 5016 3794 5091 dono

450 5112 764 5205 insigniri
843 5121 1076 5187 nostra
1148 5123 1575 5188 mererentur
1649 5112 2039 5205 Maiestate,
2118 5126 2347 5188 tamen
2411 5116 2499 5189 ad
2552 5139 2885 5213 praeseus
2937 5121 3006 5190 in
3058 5123 3802 5215 recompensationem

448 5216 889 5289 servitiorum
960 5219 1261 5313 ipsorum
1334 5218 1720 5313 aliqualem,
1790 5218 1970 5291 hauc
2040 5219 2303 5293 eisdem
2356 5218 2685 5294 libertatis
2755 5224 3309 5318 praerogativam
3362 5245 3488 5320 pro
3543 5227 3792 5298 innata

444 5315 695 5391 Ducali
745 5317 1162 5415 benignitate
1218 5321 1532 5396 duximus
1596 5320 2053 5415 annuendam,
2124 5321 2306 5418 quod
2374 5324 2723 5420 praefatos
2794 5323 3153 5398 Nicolaum
3218 5324 3429 5399 filium
3476 5326 3798 5421 Katcblx,
