3950 5917
3259 455 3419 580 335
3460 533 3470 540 .

76 684 273 759 Salis
344 688 563 760 nostri
634 687 950 758 maritimi
1020 682 1523 758 Commercium
1601 681 2054 778 redintegrari
2125 684 2442 779 incipiat3
2520 680 2829 755 Necdum
2903 693 3129 757 tamen
3201 706 3420 780 prae-

81 792 303 862 notati
374 788 555 862 Salis
625 787 898 861 Turcici
966 809 1135 862 usus
1207 809 1303 861 ex
1354 790 1625 882 integro
1698 796 1768 860 et
1818 786 2070 882 ubique
2121 789 2193 859 in
2249 783 2567 859 Croatiae
2648 795 2718 858 et
2770 786 3187 862 Sclavoniae
3262 787 3420 859 Re·-

82 895 243 986 gnis
324 894 579 965 nostris
659 890 964 964 sublatus
1039 899 1260 980 esset,
1341 912 1429 962 ac
1480 890 1724 965 Seriae
1797 900 2084 964 eatenus
2154 888 2597 962 Inhibitiones
2669 899 2948 964 nostrae
3021 913 3174 963 cum
3227 890 3418 963 Vili-

77 992 338 1089 pendio
391 993 842 1087 benignorum
889 992 1366 1067 Mandatorum
1420 1015 1529 1066 ac'
1559 994 1808 1066 damno
1838 1002 1934 1065 ·et
1984 991 2406 1089 praejudicio
2490 995 2737 1085 aerarij
2811 996 3030 1067 nostri
3082 1015 3222 1066 non
3276 993 3416 1066 ob-

89 1107 556 1171 servarentur.

402 1198 831 1296 Quapropter
896 1197 1363 1274 Fidelitatibus
1432 1195 1703 1274 Vestris
1773 1199 2013 1272 barum
2086 1200 2269 1274 serie
2339 1200 2585 1272 iterato
2659 1207 2730 1270 et
2780 1196 3063 1272 firmiter
3129 1202 3414 1295 praeci-

84 1304 357 1397 pientes
426 1304 905 1376 committimus
954 1310 1028 1375 et
1078 1300 1503 1391 mandamus,
1557 1312 1889 1398 quatenus
1944 1302 2033 1375 ad
2077 1305 2375 1376 mentem
2428 1304 2782 1398 praecitati
2834 1305 3082 1399 prioris
3135 1301 3417 1397 benigni

85 1403 392 1478 Mandati
441 1407 660 1480 nostri
735 1407 1392 1501 praementionatam
1446 1405 1629 1480 Salis
1680 1404 1952 1479 Turcici
2004 1406 2228 1503 palam
2284 1404 2400 1477 vel
2455 1406 2725 1478 occulte
2779 1405 3239 1479 attentandam
3294 1411 3413 1479 in-

86 1506 504 1598 ductionem,
557 1518 942 1606 quaemum,
993 1506 1301 1604 Ejusque
1354 1530 1579 1598 usum,
1633 1509 1860 1583 denuo
1909 1519 1981 1583 et
2016 1508 2330 1582 absolute
2383 1506 2718 1594 inhibere.
2774 1509 3087 1604 adeoque
3139 1513 3411 1604 penitus

89 1610 469 1702 eliminare,
547 1614 859 1684 maritimi
927 1632 1104 1684 vero
1174 1610 1473 1706 legalem
1541 1634 1740 1685 usum
1819 1615 2225 1686 continuare
2302 1612 2520 1685 velint
2595 1611 3024 1707 debeantque
3101 1612 3415 1686 Eaedem

84 1705 483 1789 Fidelitates
552 1709 872 1788 Vestrae.
981 1711 1212 1787 Gratia
1282 1717 1352 1788 in
1421 1715 1687 1811 reliquo
1765 1725 2001 1790 nostra
2083 1713 2706 1809 Caesareo-Regia
2787 1715 3031 1807 ijsdem
3112 1713 3414 1810 benigne

86 1820 414 1912 propensi
490 1839 866 1892 manemus.
969 1816 1218 1890 Datum
1294 1820 1366 1889 in
1437 1817 1725 1892 Ciuitate
1799 1829 2038 1893 nostra
2085 1817 2358 1892 Vienna
2434 1819 2789 1910 Ausa-iae,
2871 1818 2982 1892 die
3051 1816 3412 1915 vigesima

89 1918 413 1993 Secunda
465 1918 727 1994 Mensis
778 1919 990 2014 Iunii,
1043 1919 1252 1994 Anno
1304 1918 1669 1999 Millesimo
1724 1925 2335 2019 septingentesimo
2391 1920 2660 1994 decimo
2715 1931 2976 2018 quarto.

402 2122 744 2201 Carolus
796 2148 885 2200 m.
937 2147 1005 2223 p.

1545 2329 1902 2406 Ladislaus
1956 2329 2266 2404 Adamus
2322 2329 2574 2406 Comes
2627 2329 2913 2430 Erdody
2955 2354 3023 2406 m
3064 2354 3132 2430 p.

2087 2454 2381 2526 Episcopus
2414 2454 2704 2511 nitriam.
2789 2455 2796 2458 ’

1851 2655 2206 2731 Ladislaus
2259 2656 2601 2755 Hunyady
2654 2681 2743 2732 m.
2794 2679 2861 2755 p.

1582 2937 1638 3000 Δ
1696 2943 1871 3020 teryo
1888 2961 1913 3002 .·

14 3019 17 3172 μ
393 3126 852 3215 Βευοιοιιᾶίε,
930 3127 1487 3221 Honorabilibus,
1567 3128 2067 3226 spectabilibus
2146 3152 2233 3203 ac
2300 3128 2712 3224 magnificis,
2791 3129 3202 3226 magnificis,
3246 3135 3407 3206 item

78 3230 403 3326 Egregiis
476 3241 547 3303 et
598 3230 1001 3324 Nobilibus,
1070 3254 1207 3307 nec
1266 3253 1404 3307 non
1474 3232 1924 3309 Prudentibus
1997 3254 2082 3305 ac
2136 3231 2664 3331 Circumspectis
2732 3232 2816 3306 N.
2871 3232 2954 3305 N.
3008 3233 3407 3328 Regnorum

74 3333 485 3513 {mam
494 3334 1324 3515 ngssliff⁸ffissgflgr⁰⁸fi⁸⁰
1368 3339 1436 3410 dt
1471 3333 1885 3411 Sclauoniae
1936 3334 2300 3438 Vniuersis
2356 3335 2659 3413 Statibus
2729 3346 2801 3412 et
2851 3333 3217 3412 Ordinibus
3271 3339 3402 3410 dec.

597 3642 1077 3722 Varasdinum.

1586 3847 1701 3941 (L.
1774 3846 1892 3942 S.)

20 4101 21 4146 *
62 4126 212 4201 orig.
248 4131 308 4183 u
341 4127 573 4183 mum
615 4127 788 4200 ungat
823 4128 1081 4184 emuna.
1115 4128 1250 4185 Aa·
1282 4127 1452 4200 ιιοςιι
1486 4125 1677 4198 congr.
1714 4126 1780 4182 A.
1807 4126 1961 4182 ¹⁷¹4.
1998 4126 2060 4182 ιι.
2097 4127 2148 4182 s.

265 5555 1102 5628 (tulmentum)
2876 5526 2980 5601 49
