3950 5917
3306 349 3461 426 445

132 552 508 630 viduarum
573 561 644 625 et
694 552 1108 648 Pupillorum
1153 551 1646 628 Manutentioni
1697 554 2231 647 invigilatumm,
2295 556 2578 650 praevia
2648 553 2880 629 itidem
2936 551 3254 648 Supremi
3305 550 3463 630 Go-

133 659 317 731 initis
371 654 866 729 candidatione
937 658 1389 743 constituent,
1459 655 1949 730 Malefactores
2004 659 2292 751 quosvis
2343 659 2412 730 in
2469 654 2746 729 Gremio
2802 657 2909 730 sui
2961 654 3222 752 absque
3275 657 3474 730 Per—·

132 781 456 834 sonarum
512 768 830 854 respectu
885 758 1397 853 comprehendi,
1472 757 2020 854 carceribusque
2074 758 2303 831 debite
2358 764 2424 832 dc
2477 781 2725 832 secure
2780 759 3106 832 custodiri
3175 759 3470 848 facient,

129 862 403 957 hocque
474 860 612 934 fine
677 865 1122 935 necessarios
1195 866 1402 934 etiam
1454 862 1746 954 Vigiles,
1820 862 2194 943 Satellites,
2264 862 2512 956 vulgo‘
2556 860 2913 953 Hajdones
2981 862 3308 935 videlicet
3392 872 3466 936 et

132 968 193 1038 si
247 986 615 1038 necessum
670 963 1035 1053 videbitur,
1100 968 1301 1036 etiam
1359 964 1448 1037 ob
1503 966 1633 1036 alia
1687 987 1810 1061 pro
1865 969 1967 1037 rei
2023 967 2369 1059 exigentia
2426 986 2798 1037 occursura
2852 964 3175 1057 Negotia,
3230 964 3459 1060 Equi-

128 1076 239 1140 tes
278 1065 651 1161 Stipendijs
698 1067 1054 1140 moderate
1106 1067 1601 1161 providendos,
1651 1067 2191 1163 vestiendosque
2247 1067 2656 1141 conducent.-
2758 1066 2834 1140 Id
2886 1089 3097 1162 porro
3152 1068 3463 1163 diligen·-

24 1229 25 1260 ÷
131 1180 243 1244 ter
295 1169 663 1258 cavebunt,
717 1191 806 1241 ne
862 1170 1353 1266 Delinquentes
1407 1174 1801 1266 incaptivati
1855 1174 1924 1242 in
1960 1167 2370 1244 carceribus
2424 1169 2790 1242 admodum
2842 1170 3010 1243 dure
3061 1180 3461 1257 tractentur,

132 1272 266 1347 sed
318 1272 407 1345 de
460 1295 698 1346 eorum
752 1272 955 1345 Victu
1028 1282 1098 1345 et
1175 1276 1597 1366 necessariJs
1648 1272 2117 1368 provideatur,
2195 1296 2380 1347 neve
2458 1274 2756 1367 longiori
2826 1272 2914 1346 ob
2984 1274 3468 1369 prolongatam.

134 1375 516 1451 Causarum
554 1375 896 1467 ejusmodi
922 1375 1371 1449 Revisionem
1411 1375 1778 1449 carcerum
1810 1376 2148 1471 Squalore
2184 1386 2641 1464 macerentur,
2681 1399 2766 1449 ac
2800 1376 2962 1449 ideo
2991 1375 3260 1456 Causae
3296 1377 3468 1451 illo·-⁸

129 1501 281 1552 rum
335 1482 405 1552 in
459 1477 882 1574 frequentius
943 1482 1147 1551 etism
1203 1478 1634 1552 celebrandis
1688 1479 1984 1553 Sedibus
2032 1476 2505 1552 criminalibus
2560 1481 2784 1551 statim
2837 1483 2907 1552 in
2959 1480 3464 1558 discussionem

130 1591 572 1658 assumantur
606 1591 677 1653 et
711 1602 839 1655 suo
874 1582 1083 1675 legali
1136 1582 1343 1654 modo
1398 1581 1837 1669 decidantur3
1892 1605 2045 1658 cum
2103 1581 2238 1654 fine
2292 1593 2517 1654 autem
2572 1584 2878 1674 cujusvis
2925 1582 3109 1655 Anni
3154 1581 3465 1660 Extrac-

131 1695 246 1758 tus
299 1683 676 1756 Causarum
733 1682 1192 1757 criminalium
1248 1684 1761 1777 dijudicatarum
1813 1684 2006 1756 Bano
2060 1688 2126 1756 dc
2179 1683 2479 1757 Statibus
2528 1684 2757 1779 Regni
2825 1684 3270 1777 exhibebunt,
3339 1707 3468 1781 per

130 1788 265 1861 bos
321 1786 645 1859 altefatae
682 1786 869 1858 Suae
922 1788 1448 1860 Sacratissimae
1485 1785 2156 1880 caesareo-Regiae
2195 1786 2641 1883 Apostolicae
2677 1787 3026 1879 Majestati
3079 1810 3231 1860 cum
3289 1792 3466 1878 suis,

128 1893 193 1963 si
249 1910 427 1985 quae
482 1900 952 1980 occurrerent,
1006 1889 1525 1964 Reflexionibus
1581 1890 2098 1965 submittendos.
2203 1889 2391 1963 Ultra
2448 1889 2624 1962 haec

451 2071 571 2141 15.
680 2068 879 2142 circa
924 2069 1256 2142 Actorum
1313 2092 1435 2165 per
1470 2066 1821 2144 Officiales
1875 2071 1961 2144 ad
2001 2070 2399 2143 Archivium
2439 2067 2813 2143 Comitatus
2865 2071 3464 2164 Resignationem,

129 2173 392 2246 Rerum
465 2172 873 2246 victualium
942 2172 1465 2261 Limitationem,
1544 2171 2017 2246 Mensurarum
2098 2184 2232 2246 tam
2304 2173 2673 2260 aridorum,
2756 2195 2956 2268 quam
3026 2173 3464 2269 Liquidorum

125 2275 686 2369 Regulationem,
740 2275 1241 2349 Excedentium
1284 2274 1735 2363 Punitionem,
1790 2276 2227 2349 Teloniorum
2282 2275 2917 2368 Investigationem,
2963 2275 3247 2354 Viarum
3297 2275 3459 2349 Re·-

128 2382 587 2476 parationem,
655 2378 1067 2474 Pupillorum
1141 2389 1210 2451 et
1263 2377 1347 2450 ad
1416 2379 1545 2451 hos
1597 2382 2074 2475 pertinentium
2130 2378 2475 2452 Bonorum
2532 2379 2837 2452 sedulam
2897 2377 3335 2455 Cui-ationem
3390 2383 3467 2451 et'

126 2483 265 2562 elia
323 2481 392 2553 id
447 2503 670 2574 genus
723 2485 1035 2578 positivis
1091 2482 1315 2573 Regni
1368 2481 1667 2576 Legibus
1722 2480 2169 2555 comitatibus
2222 2484 2475 2578 passim
2532 2481 2844 2556 attributa
2888 2479 3145 2571 Mania,
3202 2480 3464 2555 obser-

132 2582 482 2683 vabuntur
541 2582 857 2680 publicae
908 2582 1133 2680 Regni
1190 2584 1747 2659 Constitutiones.
3447 2617 3458 2624 ·

128 2839 301 2908 copia
336 2840 392 2891 in
431 2838 658 2892 Arcbivo
695 2838 863 2910 Regni
899 2837 1155 2891 croatiae·
1194 2838 1319 2890 Acts
1359 2838 1523 2908 Regni
1562 2837 1757 2906 congr.
1792 2855 1840 2890 ι.
1882 2839 2033 2894 1759.
2072 2837 2158 2890 Ur.
2196 2838 2282 2890 55.

140 3036 203 3094 ,1,

1483 3141 2111 3155 m

1566 3516 2030 3601 (30le-

1072 3807 1278 3882 Anno
1340 3805 1574 3880 1761.
1630 3808 1746 3878 dic
1796 3805 1873 3878 8.
1928 3807 2127 3896 Majae'.
2194 3805 2521 3878 Vtennae.

244 4093 783 4175 lntimatum
846 4092 1250 4198 Regium
1346 4096 1615 4172 circa
1702 4092 2096 4172 diversa
2180 4090 2903 4171 Postulatorum
2985 4098 3336 4194 puncta

1084 4231 1228 4312 SS.
1289 4241 1382 4310 et
1420 4229 1592 4310 00.
1655 4226 2123 4310 croatiae
2187 4228 2520 4309 datum.

128 4502 442 4578 MARIA
492 4502 950 4576 THERESIA
1002 4501 1156 4573 DEI
1210 4503 1439 4575 Gratia
1495 4501 1959 4574 Romanorum
2029 4501 2456 4595 Imperatrix,
2529 4498 2969 4587 Germaniae,
3044 4495 3470 4591 Hungariac‚

128 4606 540 4696 Bobemiae,
617 4606 1031 4692 Dalmatiae,
1113 4602 1432 4678 croatiae
1518 4606 2085 4799 {usstlcilgigorgze
2165 4602 2431 4698 Regina
2513 4601 2962 4697 Apostolica,
3039 4598 3470 4676 Archi-nux

452 4964 874 5054 Reverendi,
945 4961 1426 5054 Honorabiles,
1482 4961 1937 5059 Spectabiles.
1963 4985 2048 5034 ac
2102 4959 2470 5056 Magnifici,
2550 4957 2897 5054 Magnifici
2966 4962 3128 5032 item
3179 4957 3467 5053 Egregij

136 5079 213 5145 et
264 5067 577 5161 Nobiles,
628 5090 765 5142 nec
816 5088 955 5142 uon
1005 5068 1387 5144 Prudentes
1441 5089 1527 5139 ac
1581 5065 2097 5162 circumspecti,
2148 5062 2425 5148 Fideles
2477 5061 2694 5137 Nobis
2746 5062 3041 5135 Dilectil
3147 5060 3472 5134 Demisse

136 5173 361 5249 reluta
415 5182 575 5247 sunt
622 5169 838 5247 Nobis
892 5171 1170 5246 diversa
1224 5171 1337 5244 illa
1390 5168 1890 5244 Postulatorum
1912 5194 1917 5198 ·
1943 5168 2228 5260 Puncta,
2280 5188 2477 5264 quae·
2508 5164 2903 5239 Fidelitates
2952 5163 3255 5239 Vestrae
3307 5184 3470 5238 me-

136 5275 259 5352 dio
313 5286 603 5351 eatenus
681 5274 903 5349 isthuc
973 5276 1262 5350 exmissi
1314 5272 1629 5370 Deputati
1711 5275 1843 5362 sui,
1926 5263 2180 5346 Fidelis
2261 5278 2496 5368 utpote
2564 5267 2799 5343 Nostri
2849 5266 3135 5364 Egregij
3201 5264 3474 5341 Nicolai
