3950 5917
3355 426 3519 515 275

192 655 555 730 servitium
604 663 789 726 tuum
852 653 1069 747 gratia
1142 660 1379 726 nostra
1448 646 1671 745 Regia
1741 641 2358 745 compensabimus.
2462 646 2656 721 Haec
2725 646 2986 722 referet
3049 646 3168 722 tibi
3236 643 3522 723 nomine

192 757 455 834 Nostro
505 759 706 831 latius
756 756 941 831 idem
990 754 1385 852 Deceliam„
1456 756 1569 827 cui
1620 752 1825 826 fldem
1875 749 2313 826 indubitatam
2367 749 2692 826 adbibere
2747 750 3027 827 debeas.
3133 749 3355 827 Secus
3421 766 3521 827 ne

194 862 476 938 feceris.
579 861 829 935 Datum
882 859 1118 936 Budae
1170 858 1345 934 feria
1399 857 1469 931 3.
1521 867 1679 955 post
1728 855 1983 931 festum
2033 853 2506 933 Pentecostes.
2559 856 2765 930 Anno
2817 856 3092 931 Domini
3142 856 3365 930 1525.

1687 1062 1746 1125 Δ
1797 1071 1972 1143 teu-90
1991 1085 2015 1124 .-

506 1255 878 1353 lhgnifieo
928 1256 1307 1334 Francisco
1360 1254 1449 1330 de
1500 1254 1864 1351 Batthyau‚
1917 1253 2316 1349 Regnorum
2369 1263 2759 1328 nostrorum
2810 1252 3221 1347 Dalmatiae,
3276 1251 3522 1328 Oroa-

189 1366 331 1436 tiae
386 1372 460 1436 et
508 1362 887 1438 Slavouiae
931 1361 1127 1438 Bane
1180 1383 1267 1434 ac
1317 1359 1804 1436 Pincemarum
1872 1368 2264 1434 nostrorum
2315 1356 2678 1453 Magistro,
2749 1356 2936 1433 fideli
2986 1356 3185 1434 nobis
3240 1357 3520 1433 dilecto.

1702 1539 1816 1634 (L.
1887 1539 2003 1633 S.)

188 1771 335 1846 Orig-
370 1780 479 1828 aut.
516 1771 693 1830 chum
724 1773 780 1826 in
814 1770 1043 1828 archivo
1078 1770 1473 1826 Komeudienai
1506 1768 1692 1824 nimir.
1726 1768 1978 1838 Principis
2010 1766 2305 1840 Bathymi.

1490 2401 2220 2487 (mmlx.

529 2696 739 2768 Anno
809 2693 1048 2768 1525.
1110 2694 1332 2767 Fer-ia
1384 2695 1462 2770 4.
1510 2700 1672 2789 post
1720 2694 1974 2786 festum
2027 2691 2490 2765 Elisabethae
2564 2692 2842 2766 Veuuae.
2900 2692 3169 2765 Eudae.

184 2957 763 3038 Ludovicus
854 2957 946 3038 11.
1040 2957 1237 3038 Rex
1329 2957 1589 3038 Bano
1681 2956 1767 3037 F.
1858 2956 2351 3062 Batthyan
2444 2958 2864 3064 scribit,
2960 2970 3057 3038 ut
3149 2985 3518 3041 omnem

190 3121 520 3176 curam
632 3095 1162 3202 adhibeat,
1272 3121 1456 3201 quo
1549 3094 1989 3176 Joannes
2085 3095 2350 3199 Tahy
2453 3101 2993 3177 occasione
3096 3097 3512 3179 Diaetae

191 3235 799 3314 Slavonicae
894 3261 935 3313 a
997 3237 1558 3340 regnicolis
1642 3239 1735 3315 in
1811 3238 2334 3341 pristinam
2395 3234 2830 3314 Banatus
2917 3235 3518 3341 dignitatem

598 3378 1195 3480 recipiatur,
1261 3385 1353 3453 et
1410 3372 1691 3481 Jajce
1754 3372 2366 3453 victualibus
2427 3374 3113 3477 provideatur.

2049 3642 2424 3707 Commi-wie
2461 3643 2741 3724 propria
2785 3641 3052 3705 Domini
3094 3642 3306 3724 Reyt's.

713 3857 1131 3952 ludovicus,
1182 3858 1318 3933 Dei
1363 3857 1594 3934 Gratia
1647 3857 1808 3935 Rex
1850 3862 2245 3957 Hungariae
2302 3870 2373 3935 et
2423 3858 2800 3935 Bohemiae
2855 3867 2987 3933 etc.

503 4066 873 4162 Magnifice
926 4068 1145 4143 fidelis
1197 4067 1397 4144 nobis
1450 4066 1700 4141 dilecti.
1805 4066 1958 4141 Fuit
2008 4066 2121 4140 hic
2173 4067 2395 4141 fidelis
2443 4079 2684 4145 noster
2742 4067 3148 4163 Magnificus
3202 4070 3516 4147 Joannes

188 4169 463 4267 Tbahy‚
545 4194 747 4268 quem
825 4178 1214 4249 remisimus
1295 4173 1383 4247 ad
1462 4171 1776 4245 Diaetam
1855 4170 2368 4264 Sclavenicam,
2453 4195 2538 4245 ea
2616 4196 2768 4269 spe,
2847 4182 2922 4245 ut
2990 4195 3117 4271 per
3197 4183 3513 4250 oratores

184 4285 499 4367 nostros,
553 4297 727 4372 quos
778 4277 939 4350 illuc
990 4277 1511 4368 destinavimu8‚
1584 4279 1642 4350 si
1694 4274 2096 4371 Reguicolis
2147 4273 2217 4346 id
2267 4276 2674 4372 persvaderi
2744 4280 3018 4374 poterit,
3088 4281 3159 4351 in
3214 4278 3513 4354 officium

184 4399 389 4453 suum
440 4391 848 4475 reponatur:
904 4382 1206 4477 alioquin
1256 4384 1489 4470 invitis
1538 4380 1699 4473 illis,
1771 4402 1930 4453 eum
1980 4400 2119 4452 non
2171 4388 2527 4476 reponent.
2634 4379 2921 4454 Vadatis
2993 4386 3197 4477 igitur
3251 4387 3387 4458 cito
3442 4393 3518 4459 et

183 4505 323 4557 vos
378 4481 467 4555 ad
518 4484 700 4556 illam
753 4485 1094 4569 Diaetam„
1147 4496 1218 4560 et
1270 4484 1647 4559 adhibeatis
1726 4506 1999 4558 omnem
2071 4505 2380 4580 operam,
2461 4484 2659 4558 simul
2714 4507 2868 4557 cum
2923 4486 3310 4562 oratoribus
3366 4510 3511 4563 uo-

182 4590 380 4677 stris,
449 4596 522 4660 ut
569 4598 803 4684 partes
873 4589 1288 4665 dissidentes
1358 4590 1447 4663 ad
1516 4589 1957 4663 concordiam
2027 4596 2472 4679 revocentur,
2544 4597 2615 4660 et
2686 4588 2867 4682 quod
2935 4592 3086 4683 ipse
3152 4591 3514 4669 Jobannes

178 4689 433 4787 'l'haby
483 4714 637 4764 eum
690 4697 837 4767 suis
888 4693 1310 4769 adversariis
1362 4693 1793 4768 concordare
1842 4696 2105 4790 possit3
2186 4715 2344 4766 nam
2397 4694 2458 4767 si
2507 4690 2579 4765 id
2633 4691 2852 4782 fieret,
2937 4691 3207 4769 facilius
3260 4705 3516 4790 posset

180 4795 322 4870 illis
375 4796 959 4871 consentientibus
1009 4800 1081 4872 in
1133 4797 1464 4873 Banatum
1508 4800 1771 4894 reponi.
1859 4797 2015 4870 Non
2071 4806 2260 4895 optat
2327 4806 2553 4871 autem
2605 4795 2817 4889 longo
2869 4804 3182 4892 tempore
3233 4797 3390 4871 fore
3436 4802 3510 4872 iu

184 4898 464 4990 officioz,
531 4922 759 4997 neque
810 4924 943 4977 nos
997 4906 1305 5000 cupimus
1357 4903 1494 4977 hoc
1545 4905 1615 4974 in
1667 4903 1872 4974 alium
1923 4898 2158 4994 finem,
2226 4903 2386 4994 nisi,
2454 4910 2529 4973 ut
2580 4910 2651 4974 et
2706 4899 3011 4994 dignitati
3079 4910 3363 4974 nostrae
3437 4910 3516 4974 et

184 5005 349 5096 ejus
398 5002 644 5077 honori
695 5005 894 5079 fieret
946 5011 1134 5081 satis.
1238 5006 1412 5080 Baui
1462 5009 1680 5081 nostri
1730 5006 2161 5102 Jayczenses
2213 5006 2535 5079 victualia
2604 5013 2981 5102 posuerunt
3034 5001 3122 5076 ad
3172 5001 3512 5102 Jayczam

184 5112 342 5188 sine
393 5110 726 5205 periculo,
798 5109 924 5185 sed
973 5133 1236 5208 pauca;
1294 5132 1595 5186 necesse
1652 5119 1758 5182 est
1807 5113 2035 5204 igitur,
2108 5118 2180 5181 ut
2231 5113 2562 5185 citissime
2631 5109 2823 5205 plura
2875 5106 3278 5199 inferantur,
3352 5109 3507 5203 quia

186 5217 341 5293 siue
410 5212 545 5288 illis
614 5219 1020 5294 conservari
1093 5237 1235 5290 nou
1302 5218 1572 5312 poterit.
1678 5212 2031 5289 Johannes
2083 5212 2326 5310 Tbahy
2396 5217 2458 5290 si
2525 5221 2976 5311 reponeretur
3043 5215 3116 5286 in
3187 5211 3518 5304 officium,

182 5341 326 5398 nou
380 5333 740 5399 recusaret
790 5321 1099 5395 laborem
1150 5319 1488 5394 inferendi
1539 5316 1860 5392 victualia
1916 5316 2003 5390 ad
2037 5315 2411 5414 Jayczam3
2464 5319 2647 5414 quod
2700 5322 2761 5392 si
2813 5338 2953 5391 non
3003 5314 3148 5411 flet,
3200 5318 3514 5392 tractetis

182 5449 345 5502 eum
404 5426 790 5503 oratoribus
841 5429 1097 5502 nostris
1150 5434 1223 5499 et
1272 5445 1428 5498 cum
1479 5421 1879 5519 Regnicolis
1949 5421 2129 5497 illius
2193 5418 2420 5519 Regni
2471 5425 2688 5498 nostri
2759 5421 3178 5600 Sclaxgogae
3231 5421 3319 5497 de
3369 5422 3514 5497 alio
