3950 5917
456 429 555 507 16

454 639 645 714 vrbis
698 639 945 714 Rome.
1050 635 1207 736 Ego
1262 635 1588 717 Crasimir
1635 638 1796 714 Rex
1842 631 2386 738 Dalmatinorum
2439 647 2510 713 et
2562 637 2991 733 Groatorum,
3061 640 3332 716 insimul
3380 641 3555 715 meis
3609 661 3774 716 cum

456 859 761 923 nostram
807 852 1290 946 suscipientes,
1357 849 1675 925 volumus
1747 857 1818 921 et
1864 856 2199 946 perpetuo
2265 846 2431 922 Jure
2485 852 2958 923 assencientes
3019 847 3389 941 firmamus,
3458 859 3535 923 ut
3585 849 3775 922 dicta

458 952 777 1027 Ecclesia
828 952 1079 1027 habeat
1140 975 1303 1027 suas
1353 953 1746 1049 parochias,
1816 953 2084 1027 scilicet
2124 950 2438 1049 Juppam,
2509 975 2641 1049 que
2710 953 2837 1026 fuit
2904 951 3030 1028 sub
3100 952 3388 1050 alpibus,
3441 976 3483 1025 a
3535 962 3778 1027 castro

455 1059 666 1131 latine
717 1058 980 1130 murula
1044 1062 1373 1149 uocitato,
1446 1059 1844 1130 sclauonice
1917 1059 2249 1146 stenizza,
2318 1079 2536 1152 usque
2600 1056 2686 1128 ad
2738 1056 2988 1131 flumen
3041 1061 3346 1154 copriue,
3400 1066 3471 1132 et
3520 1058 3782 1131 eccle-

461 1164 630 1234 siam
686 1164 905 1235 sancti
943 1159 1228 1258 Georgy
1257 1165 1329 1234 in
1362 1160 1582 1234 Ruina
1638 1160 1838 1253 (Luc.
1867 1170 1938 1234 et
1962 1160 2141 1233 Farl.
2169 1160 2494 1253 Vazuna)
2552 1158 2841 1235 Clissam
2896 1164 3038 1236 suis
3092 1184 3244 1234 cum
3297 1163 3772 1257 pertinenciJ'S,

456 1275 686 1338 tamen
740 1261 942 1358 (Luc.
972 1273 1042 1338 et
1067 1265 1246 1337 Farl.
1298 1268 1595 1358 tantum)
1648 1268 2024 1338 retinentes
2078 1264 2166 1337 de
2211 1267 2368 1357 jure
2422 1286 2549 1339 suo
2600 1287 2850 1362 paruas
2906 1265 3107 1359 (Luc.
3145 1274 3215 1339 et
3240 1265 3418 1338 Farl.
3463 1267 3777 1361 paucas)

456 1370 659 1442 villas
711 1370 908 1464 Pagi,
945 1367 1228 1466 Pecani,
1261 1368 1717 1461 Murouulani,
1750 1367 2043 1465 Vlasici,
2094 1387 2264 1465 quas
2317 1376 2389 1442 et
2441 1371 2503 1445 si
2551 1387 2677 1466 pro
2728 1371 2911 1443 malo
2962 1367 3168 1443 habet
3216 1390 3402 1442 nouo
3457 1368 3780 1442 dedimus

457 1478 786 1570 episcopo
823 1477 1140 1563 nonensi,
1175 1474 1462 1569 Juppam
1488 1473 1724 1564 Liche,
1775 1472 2065 1570 Juppam
2099 1474 2404 1568 Baccani
2442 1472 2780 1567 (Buzani)
2818 1482 2888 1549 et
2911 1472 3204 1547 Borachi
3261 1474 3462 1565 (Luc.
3490 1483 3562 1545 et
3585 1472 3774 1545 Farl.

455 1577 815 1670 Bocadri).
892 1577 981 1648 Et
1032 1577 1166 1649 hoc
1220 1587 1536 1650 statutum
1593 1578 1906 1650 uolumus
1959 1581 2029 1650 in
2081 1588 2481 1674 perpetuum
2530 1576 2923 1652 inviolabile
2978 1599 3283 1665 manere,
3340 1581 3514 1650 sicut
3565 1599 3780 1650 sem-—

456 1704 585 1776 per
634 1705 675 1752 a
729 1679 1098 1754 maioribus
1151 1690 1313 1753 natu
1366 1681 1746 1770 didicimus,
1820 1677 2000 1753 dicte
2051 1684 2188 1754 iam
2241 1680 2544 1756 ecclesie
2613 1681 3005 1755 inuiolabile
3071 1685 3477 1777 prestitisse.
3584 1680 3778 1768 Qui-

460 1808 750 1880 cumque
832 1796 1057 1857 autem
1127 1789 1382 1859 nostris
1449 1785 1538 1858 de
1608 1783 2130 1859 successorihus
2226 1786 2361 1858 hoc
2431 1787 2857 1881 priuilegium
2931 1794 3351 1859 contemtare
3431 1787 3764 1881 (pertur-

457 1889 665 1981 bare)
721 1900 790 1962 et
842 1893 910 1961 ei
961 1892 1102 1961 vim
1154 1889 1420 1961 referre
1491 1890 1715 1985 aliquo
1785 1890 2130 1962 molimine
2200 1893 2720 1986 attemptauerit,
2799 1900 3036 1963 nostro
3089 1889 3337 1962 iudicio
3388 1889 3687 1985 pellatur
3728 1909 3780 1960 e

455 1991 726 2086 Regno.
832 1994 938 2065 De
1001 1992 1434 2065 inferioribus
1489 1997 1831 2066 sancimus
1903 2015 2321 2090 componere
2393 2004 2662 2066 centum
2730 1992 2939 2069 libras
3010 1996 3181 2084 auri,
3258 1992 3508 2086 Regali
3576 1991 3778 2064 curie

455 2098 915 2185 medietatem,
972 2107 1040 2168 et
1096 2099 1318 2169 silicet
1371 2097 1570 2190 (Luc.
1601 2109 1672 2170 et
1696 2099 1873 2170 Farl.
1904 2099 2225 2189 sanctae)
2279 2097 2585 2192 predicte
2638 2096 2913 2171 arbensi
2966 2096 3266 2172 ecclesie
3301 2101 3506 2169 etiam
3562 2095 3772 2187 (Luc.

457 2212 524 2272 et
550 2203 728 2273 Farl.
760 2201 999 2293 aliam)
1055 2201 1515 2293 medietatem,
1589 2201 1674 2274 ad
1727 2200 2049 2275 roborem
2102 2210 2174 2273 et
2223 2204 2566 2295 vigorem,
2635 2211 3006 2298 nostreque
3069 2202 3325 2274 cartule
3380 2200 3774 2274 donationis

455 2308 1002 2400 assentionisque
1064 2305 1334 2380 Justitie
1388 2308 1677 2395 mitram,
1761 2308 2054 2378 nominis
2106 2307 2325 2378 nostri
2374 2307 2727 2400 impressis
2806 2307 3071 2393 litteris,
3151 2304 3481 2402 prelibate
3534 2302 3774 2376 dona-—

455 2432 604 2504 mus
660 2409 988 2499 ecclesie,
1060 2419 1132 2481 et
1181 2411 1399 2483 nostri
1451 2409 1654 2503 sigilli
1715 2412 2168 2504 impressione
2240 2407 2570 2482 firmando
2622 2410 3048 2483 roboramus.
3126 2409 3502 2482 Indictione
3553 2406 3774 2480 vlm.

451 2512 699 2585 Datum
747 2523 855 2586 est
897 2512 1034 2585 hoc
1067 2513 1491 2609 priuilegium
1532 2510 1807 2586 arbensi
1841 2513 2162 2586 Ecclesie
2196 2515 2267 2584 in
2312 2522 2541 2586 castro
2593 2511 2937 2609 Belgrado
2987 2537 3115 2610 per
3164 2536 3435 2586 manum
3478 2512 3778 2585 Joannis

452 2617 725 2691 diaconi
776 2627 847 2689 et
899 2616 1152 2691 domini
1202 2616 1419 2710 Regis
1472 2619 1748 2709 notarij,
1801 2639 2037 2690 coram
2092 2620 2364 2689 comuni
2418 2620 2627 2690 curia.

453 2769 612 2839 Copia
648 2770 857 2837 antiqua
893 2770 943 2819 in
980 2784 1094 2820 mea
1132 2767 1441 2820 collectione
1476 2766 1620 2821 MSC.
1691 2766 1903 2821 Farlati:
1948 2768 2209 2836 illyricum
2244 2767 2458 2822 Sacrum
2491 2765 2550 2822 T.
2585 2768 2645 2822 V.
2681 2787 2734 2839 p.
2768 2770 2888 2822 229.

1999 3281 2210 3364 IX.

1308 3570 1517 3642 Anno
1576 3568 1616 3641 1
1624 3568 1735 3642 07
1741 3569 1815 3642 6.
1869 3570 2119 3641 Mense
2176 3566 2485 3640 Octobri.
2553 3567 2892 3640 salonae.

447 3808 1007 3886 Demetrius
1101 3807 1598 3910 Svinimir,
1691 3809 2110 3884 unanimi
2191 3808 2503 3883 totius
2568 3803 2837 3883 Cleri
2921 3804 3467 3908 populique
3531 3826 3780 3881 con-

447 3970 748 4024 sensu
825 3944 1026 4025 Rex
1120 3945 1699 4025 Croatorum
1800 3943 2768 4047 Dalmatinorumque
2865 3944 3306 4048 electus,
3400 3947 3493 4020 in
3590 3941 3778 4020 Sa-

450 4085 879 4164 lonitana
990 4083 1439 4164 Basilica
1532 4083 1612 4163 S.
1706 4081 1980 4162 Petri
2078 4094 2664 4186 coronatur,
2774 4080 3260 4162 Pontifici
3363 4105 3780 4160 romano

448 4249 856 4329 regnum
920 4248 1189 4303 suum
1252 4224 1719 4326 devovet,
1803 4221 2245 4326 Sedique
2316 4222 2980 4326 Apostolicae
3061 4220 3774 4299 Monasterium

1721 4360 2110 4440 Vranae
2175 4360 2494 4440 donat.

755 4583 835 4655 ln
887 4586 1163 4656 nomine
1219 4592 1499 4658 sanctae
1556 4590 1625 4654 et
1676 4579 2066 4654 individuae
2120 4581 2492 4674 Trinitatis,
2561 4601 2739 4652 anno
2808 4579 3209 4653 Dominicae
3279 4581 3778 4654 incarnationis

448 4687 807 4760 millesimo
855 4691 1365 4784 septuagesimo
1432 4695 1661 4775 sexto,
1733 4684 2111 4758 Indictione
2185 4685 2447 4756 decima
2522 4695 2783 4779 quarta,
2855 4695 3096 4758 mense
3166 4681 3505 4757 Octobris.
3608 4680 3782 4778 Ego

447 4791 862 4882 DemetriuS,
943 4796 1058 4886 qui
1111 4802 1180 4864 et
1232 4791 1560 4865 Svinimir
1619 4811 1997 4885 nuncupor,
2069 4789 2199 4862 Dei
2254 4792 2470 4882 gratia
2546 4787 2863 4861 Croatiae
2915 4788 3429 4883 Dalmatiaeque
3480 4787 3671 4878 DuX,
3733 4811 3774 4859 a

445 4905 516 4967 te
569 4896 865 4968 Domino
922 4893 1210 4986 Gebizo,
1284 4919 1377 4968 ex
1430 4895 1853 4991 apostolicae
1909 4893 2097 4968 sedis
2150 4895 2522 4987 legatione,
2575 4894 2849 4966 Domini
2897 4896 3115 4965 nostri
3164 4892 3392 4987 Papae
3448 4890 3779 4983 Gregorii

446 5008 856 5095 potestatem
918 4997 1291 5082 obtinente,
1336 5003 1405 5071 in
1444 4998 1841 5072 Salonitana
1876 4997 2174 5072 Basilica
2211 4997 2444 5071 Sancti
2478 4998 2686 5089 Petri,
2741 4995 3054 5093 synodali
3091 5005 3162 5068 et
3195 4995 3523 5068 concordi
3557 4998 3778 5069 totius

452 5102 634 5176 Cleri
706 5113 777 5177 et
826 5104 1056 5200 populi
1127 5105 1493 5191 electione,
1570 5103 1656 5176 de
1729 5098 2132 5175 Groatorum
2202 5101 2873 5196 Dalmatinorumque
2942 5103 3141 5193 regni
3208 5103 3570 5194 regimine,
3641 5122 3783 5195 per

449 5209 805 5300 vexillum,
877 5218 1490 5305 ensem,sceptrum
1544 5216 1613 5280 et
1666 5229 1995 5280 coronam
2065 5209 2450 5298 inuestituS,
2516 5215 2717 5302 atque
2772 5207 3177 5278 constitutus
3227 5227 3382 5295 rex,
3453 5202 3572 5276 tibi
3626 5203 3778 5275 de-

448 5331 707 5403 uoveo,
782 5313 1118 5410 spondeo,
1201 5321 1270 5386 et
1338 5312 1697 5408 polliceor,
1768 5333 1880 5384 me
1951 5310 2590 5384 incommutabiliter
2659 5309 3191 5404 complecturum
3263 5311 3516 5400 omnia,
3588 5330 3778 5402 quae

444 5415 611 5489 mihi
663 5427 775 5490 tua
828 5414 1210 5492 reuerenda
1262 5419 1549 5512 iniungit
1600 5413 1968 5506 Sanctitas,
2023 5413 2373 5506 videlicet,
2444 5417 2514 5486 in
2566 5412 2904 5506 omnibus,
2976 5423 3047 5487 et
3096 5435 3223 5510 per
3274 5415 3501 5487 omnia
3553 5411 3786 5508 Apo-

456 742 894 840 principibus,
950 746 1281 838 justitiam
1348 743 1688 819 Arbensis
1758 740 2082 819 Ecclesie
2149 746 2525 821 retinentes
2580 746 2763 839 (sic)
2820 753 2892 819 et
2942 767 3098 819 eam
3149 747 3220 818 in
3267 749 3774 842 protectionem
3889 681 3950 845 ζ

3917 793 3934 836 ε

3897 875 3950 946 {tes

3933 1005 3950 1050 τ
