3950 5917
3274 404 3428 481 417

1489 925 2056 1094 ccxssvl.

1050 1263 1258 1335 Anno
1318 1262 1552 1336 1745.
1609 1264 1721 1335 die
1785 1262 1850 1334 1.
1910 1262 2105 1336 Julcaez
2168 1262 2495 1335 Viennae.

92 1523 679 1605 Instructio
742 1528 1026 1605 novis
1087 1529 1567 1630 supremis
1645 1525 2176 1605 comitibus
2240 1537 2325 1604 et
2385 1525 2713 1604 officii
2779 1529 3197 1630 supremi
3261 1549 3425 1603 co·-

98 1666 383 1742 mitis
457 1662 1241 1743 administratori
1340 1669 1429 1743 in
1511 1662 2164 1744 Comitatibus
2256 1663 2787 1746 Inferioris
2879 1663 3422 1744 Slavoniae

947 1828 984 1882 a
1050 1804 1235 1883 Sua
1305 1801 1388 1883 C.
1453 1804 1525 1880 dc
1587 1801 1675 1883 R.
1738 1801 2267 1909 MaJestate
2351 1802 2591 1883 data.

422 2072 724 2147 MARIA
774 2074 1225 2148 THERFSIA
1276 2078 1454 2167 (tit.)
1506 2075 1722 2148 Fideli
1772 2067 2042 2169 no'st'ro,
2095 2071 2461 2169 Magnifice
2515 2075 2767 2149 Baroni
2818 2076 3134 2151 Ladislao
3190 2075 3421 2173 Vajay

100 2176 200 2250 de
279 2176 459 2270 Vaja
558 2200 688 2273 qna
761 2177 1133 2252 Comitatus
1231 2178 1317 2252 de
1394 2180 1668 2274 Posega
1757 2178 1982 2273 officij
2072 2181 2406 2275 Supremi‘
2466 2179 2745 2254 Comitis
2841 2180 3422 2270 Administratori,

100 2281 420 2353 Salutem
507 2292 576 2354 et
663 2281 982 2355 Gratiam.
1114 2282 1462 2378 Siquidem
1558 2283 1643 2355 ad
1719 2294 2014 2356 mentem
2092 2285 2380 2357 Articuli
2460 2284 2558 2356 18
2639 2295 2708 2357 et
2785 2284 2885 2356 50
2971 2284 3415 2358 Novissimae

94 2384 407 2459 Diaetae
482 2383 674 2459 1741
767 2387 1125 2460 Districtus
1206 2387 1456 2484 Syrmij
1532 2398 1602 2460 et
1668 2387 2013 2461 inferioris
2102 2388 2560 2481 Sclavoniae,
2669 2393 2979 2485 exceptis
3059 2386 3417 2480 Confinijs,

96 2488 350 2561 Banali
439 2499 509 2561 et
574 2489 984 2565 Provinciali
1070 2490 1463 2585 Regnorum
1534 2491 1961 2578 Dalmatiae,
2060 2490 2378 2565 Croatiae
2468 2502 2537 2565 et
2607 2492 3022 2566 Sclavoniae
3111 2490 3417 2565 Jurisdi-

94 2596 321 2666 ctioni
397 2595 845 2689 incorporari,
914 2595 1231 2690 illosque,
1301 2596 1565 2670 incluso
1629 2594 2107 2683 Valkoviensi,
2178 2599 2246 2669 in
2325 2606 2465 2670 tres
2548 2595 2964 2684 Comitatus,
3045 2595 3415 2691 Syrmien-

96 2717 259 2772 sem
340 2705 598 2792 utpote,
665 2697 1097 2793 Poseganum
1177 2709 1249 2771 et
1294 2698 1809 2774 Veroczensem
1872 2699 2211 2775 subdividi
2285 2701 2819 2790 resolverimust,
2898 2723 2993 2773 ex
3061 2700 3168 2771 bis
3239 2722 3412 2772 vero

94 2799 650 2874 Moderationem
702 2799 1074 2876 Comitatus
1117 2802 1204 2875 de
1237 2803 1510 2897 Posega
1566 2802 1736 2893 Tibi,
1793 2827 1920 2900 qua
1960 2803 2214 2896 Officij,
2263 2808 2359 2877 uti
2409 2807 2856 2900 praemissum
2912 2813 3043 2888 est,
3100 2803 3415 2898 Supremi

100 2902 395 2978 Comitis
462 2926 587 3000 pro
657 2908 926 2978 interim
975 2905 1555 2998 Administratori,
1625 2906 2298 2981 concrediderimus:
2378 2908 2616 3003 Igitur,
2693 2918 2767 2980 ut
2833 2918 2967 2980 tam
3021 2907 3148 2997 Tu,
3213 2929 3416 3001 quam

96 3009 350 3103 reliqui
386 3006 770 3082 Subalterni
808 3031 1078 3105 quoque
1124 3010 1434 3103 ejusdem
1471 3009 1844 3085 Comitatus
1880 3010 2257 3103 Officiales,
2311 3011 2441 3083 hac
2475 3016 2631 3085 vice
2685 3034 2809 3106 per
2843 3010 3417 3086 Commissionem

98 3121 413 3186 nostram
487 3111 804 3206 Regiam,
884 3110 971 3186 ad
1048 3116 1665 3210 incorporationem
1741 3114 2204 3211 praefatorum
2273 3114 2710 3188 Districtuum
2782 3115 3414 3209 Limitationemque

101 3226 177 3289 et
227 3216 725 3310 regulationem
779 3217 1227 3290 antelatorum
1263 3221 1461 3290 trium
1515 3216 1963 3290 Comitatuum
2019 3240 2171 3290 cum
2222 3216 2577 3315 Deputatis
2631 3218 2963 3292 dictorum
3013 3218 3413 3312 Regnorum

97 3319 192 3393 ad
275 3318 524 3393 faciem
594 3318 760 3392 Loci
813 3325 1128 3416 proxime
1182 3321 1698 3394 descensuram.
1766 3324 2153 3416 provisorie
2207 3320 2292 3396 ad
2347 3321 2861 3396 ratificationem
2916 3330 3216 3394 nostram
3272 3320 3413 3390 eli-

98 3422 320 3517 gendi
371 3433 443 3497 et
494 3424 979 3515 constituendi,
1059 3422 1453 3499 Muneribus
1523 3435 1593 3497 et
1645 3423 1908 3517 OfficiJs
1961 3424 2230 3499 Vestris
2309 3435 2494 3498 tanto
2551 3430 2863 3500 exactius
2943 3422 3408 3512 satisfaciatis,

97 3526 328 3602 Vobis
396 3537 536 3600 tam
605 3530 671 3600 in
728 3526 1083 3601 Communi
1153 3551 1351 3624 qnam
1404 3529 1790 3625 particulari
1861 3538 2258 3625 sequentem
2330 3528 2847 3602 Instructionem
2903 3528 3194 3601 dandam
3246 3548 3412 3602 esse

97 3630 450 3721 duximus,
504 3630 591 3703 Et
638 3630 955 3727 quidem:

413 3787 744 3860 Primo:
798 3787 967 3860 Tam
1015 3787 1589 3878 Administratori,
1627 3811 1823 3885 quam
1879 3789 2157 3883 reliquis
2211 3787 2615 3864 subalternis
2655 3786 3028 3860 Comitatus
3066 3783 3411 3861 officiali-

92 3887 227 3965 bns
283 3900 442 3964 ante
496 3894 720 3965 omnia
790 3890 1158 3984 incumbet,
1225 3903 1299 3965 ut
1347 3895 1416 3965 in
1470 3889 1802 3965 Comitatu
1856 3894 2025 3987 ipsis
2081 3893 2476 3967 concredito
2549 3895 2878 3976 continuo,
2942 3890 3290 3965 resideant
3341 3899 3413 3964 et

92 3994 366 4069 Officiis
420 3998 561 4070 suis
617 3995 978 4090 diligenter
1029 3999 1355 4091 praesint,
1408 3998 1797 4090 cumprimis
1845 4016 2021 4069 vero
2078 3994 2379 4070 Gloriam
2430 3997 2564 4070 Dei
2616 3997 3108 4093 omnipotentis
3147 4004 3216 4068 et
3250 3994 3410 4068 Re-

90 4100 425 4194 ligionem
475 4098 941 4173 Orthodoxam
995 4100 1306 4174 Romano
1342 4097 1785 4187 Catholicam,
1836 4122 1960 4195 pro
2018 4103 2363 4194 exigentia
2418 4101 2675 4196 Legum
2730 4101 2981 4195 Regni,
3036 4121 3156 4196 pro
3210 4107 3408 4195 parte

90 4201 559 4300 praefatorum
611 4203 1011 4297 Regnorum
1062 4203 1468 4295 Dalmatiae,
1542 4202 1857 4276 Croatiae
1912 4213 1984 4276 et
2036 4203 2452 4279 Sclavoniae
2507 4205 2954 4293 conditarum,
3017 4201 3408 4276 omnimode

92 4327 514 4403 promovere
566 4317 637 4382 et
710 4329 1093 4404 propagare
1146 4318 1480 4403 satagant.
1585 4307 1728 4382 Sed
1796 4310 1951 4403 quia
2023 4308 2276 4405 Syrmij
2347 4307 2626 4383 Incolae
2699 4308 2864 4402 (ab)
2917 4308 3076 4382 olim
3134 4329 3407 4402 quoqne

90 4411 531 4506 Religionem
604 4411 895 4505 (Graeci
947 4416 1116 4486 ritus
1169 4434 1309 4486 non
1360 4414 1653 4504 unitam)
1724 4410 2227 4507 profiterentur,
2302 4412 2370 4485 bi
2438 4436 2613 4487 vero
2682 4435 2838 4486 cum
2917 4411 3121 4485 Clero
3202 4414 3407 4507 ipso-

91 4538 246 4589 rum
314 4513 613 4610 benigna
689 4515 911 4611 Regia
989 4515 1359 4611 Privilegia
1437 4515 1808 4607 baberent,
1885 4538 2013 4612 per
2086 4515 2516 4609 Majestatem
2599 4540 2868 4614 quoque
2937 4516 3260 4590 Nostram
3335 4518 3406 4588 in

90 4619 305 4693 Anno
350 4616 553 4694 1743
607 4617 1096 4714 benignissime
1167 4618 1588 4706 confirmata,
1657 4619 1816 4693 ideo
1887 4619 2173 4694 eosdem
2243 4619 2514 4695 Incolas
2583 4643 2799 4717 penes
2857 4620 3100 4695 eadem
3169 4618 3407 4692 Privi-

90 4723 281 4817 legia
333 4745 487 4814 sua,
554 4733 797 4797 tenore
868 4725 1073 4796 etiam
1124 4723 1235 4795 hic
1290 4721 1654 4820 Copialiter
1723 4745 2144 4798 annexarum
2214 4723 2658 4819 benignarum
2731 4725 3174 4799 Patentalium
3243 4721 3404 4796 No-

92 4836 414 4917 strarum,
491 4829 661 4923 ipsis
738 4830 1013 4901 noviter
1064 4825 1589 4916 extradatarum,
1652 4827 2135 4922 imperturbate
2186 4840 2623 4903 conservent.
2730 4828 2806 4903 In
2858 4830 3120 4924 reliquo
3173 4837 3399 4900 autem

91 4929 337 5006 sedulo
417 4930 764 5004 attendent
838 4929 1152 5026 praefati
1199 4928 1569 5005 Comitatus
1639 4929 2015 5022 OfficialeS,
2088 4955 2177 5006 ne
2227 4933 2460 5029 Popae
2515 4957 2599 5006 ac
2654 4932 2903 5008 Graeci
2973 4933 3168 5005 Ritus
3219 4929 3398 5027 Epi-

94 5038 289 5132 scopi
358 5035 623 5109 illorum
673 5032 757 5107 ab
809 5036 1053 5127 ijsdem
1126 5035 1299 5109 ullas
1349 5035 1616 5109 illicitas
1670 5043 1741 5107 et
1792 5033 2183 5109 arbitrarius
2254 5035 2621 5128 Collectas,
2692 5039 2977 5111 mulctas
3046 5040 3207 5109 item
3259 5055 3400 5131 pe-

93 5141 463 5227 cuniarias,
539 5139 804 5212 aliasve
856 5142 1295 5215 extorsiones
1360 5159 1481 5235 pro
1560 5137 1770 5211 lubitu
1836 5145 2139 5235 ipsorum
2211 5143 2498 5236 exigere
2549 5152 2621 5214 et
2669 5151 3083 5237 extorquere
3161 5147 3399 5212 atten-

94 5252 274 5334 tent3
356 5241 485 5319 sed
556 5264 739 5316 neve
808 5246 1009 5316 etiam
1080 5242 1350 5318 Domini
1420 5242 1814 5316 Terrestres
1866 5242 2191 5316 Normam
2260 5244 2516 5338 ijsdem·
2575 5248 2643 5318 in
2695 5246 2901 5318 Anno
2947 5241 3188 5335 1737,
3264 5264 3397 5315 re-

96 5358 333 5448 spectu
405 5345 904 5442 obligationum
980 5350 1151 5445 ipsis
1222 5370 1263 5420 a
1332 5346 1631 5426 Subditis
1684 5350 1827 5422 suis
1903 5346 2488 5444 praestandamm,
2564 5353 3096 5447 praescriptam,
3173 5367 3398 5446 usque

298 5525 453 5592 (rm
482 5522 523 5578 1.
566 5523 739 5578 rrtvn.
773 5532 827 5578 et
857 5523 1077 5593 mort.)
2877 5498 2976 5573 53
