3950 5917
3262 401 3434 494 ‘m

1598 961 1964 1096 colat.

934 1291 1145 1370 Auno
1204 1291 1441 1368 1750.
1492 1295 1610 1414 dfe
1666 1287 1793 1418 (ἐξ.
1835 1259 2236 1404 lanium-23⁶.
2314 1295 2643 1378 W’ennae.

122 1554 947 1638 Haria'fheresia
1010 1467 1737 1663 regulationeiu
1778 1509 2466 1666 Confiuimrum
2527 1559 3017 1648 banalium
3075 1563 3443 1668 sancit,

635 1696 1310 1801 nonnullaque
1371 1689 1931 1840 Prijilegia
1993 1671 2314 1836 Regiii
2376 1681 2928 1784 c'ont'irmat.

1136 1967 1575 2041 lustitia
1656 1977 1755 2042 et
1825 1963 2420 2043 Clementia.

441 2171 589 2247 Nos
657 2167 871 2245 Maria
920 2171 1278 2258 Theresia,
1349 2173 1595 2247 Divina
1656 2173 1967 2247 Faveute
2039 2172 2410 2252 Clementia
2488 2174 2950 2251 Romanorum
3027 2172 3440 2276 Imperatr&

126 2298 220 2350 ae
274 2275 539 2369 Regina
592 2277 1009 2372 Huugariae,
1061 2277 1458 2368 Bohemiae,
1513 2276 1916 2368 Dalmatiae,
1973 2276 2317 2367 Croatiae,
2389 2278 2830 2367 Sclavouiae,
2899 2276 3187 2363 Ramao,
3243 2279 3435 2352 Ser-

126 2384 322 2463 viae,
378 2379 732 2470 Galliciae,
783 2380 1256 2466 Lodomeriae,
1315 2377 1710 2468 Gum'anlae,
1759 2381 2149 2475 Bulgariae,
2214 2383 2566 2456 Archidux
2613 2383 2960 2470 Austriae,
3028 2381 3189 2454 Dux
3239 2381 3435 2455 Bur-
3527 2453 3536 2464 ,

10 2489 11 2494 ’
128 2483 457 2576 gaudine,
528 2482 957 2571 Brabautiae,
1028 2487 1399 2584 superioris
1452 2495 1523 2557 et
1573 2481 1916 2558 inferioris
1970 2485 2290 2575 Silesiae,
2358 2485 2751 2575 Mediolani,
2821 2485 3122 2582 Styriae,
3171 2482 3437 2558 Garin-

126 2588 342 2678 tbiae,
396 2586 808 2676 Garuioliae,
860 2587 1203 2676 Mantuae,
1272 2587 1584 2677 Parmae,
1646 2587 2063 2678 Placentiae,
2133 2588 2586 2683 Limburgiae,
2655 2589 3194 2682 Lucemburgae,
3249 2587 3435 2663 (301-

126 2690 352 2780 driue,
420 2687 727 2764 Marchio
799 2692 995 2764 Sacri
1046 2691 1337 2764 Romani
1387 2692 1683 2787 Imperii,
1714 2735 1718 2740 ·
1753 2692 2173 2787 Burgoviae,
2241 2691 2618 2780 Morauiae,
2690 2696 3060 2794 superioris
3115 2702 3187 2766 et
3235 2691 3433 2766 iufe—

124 2797 334 2868 rioris
386 2794 730 2885 Lusatiae,
809 2793 1060 2869 Comes
1113 2794 1523 2890 Habspurgi,
1602 2796 1985 2886 Flaudriae,
2059 2795 2357 2893 Tyrolis,
2436 2797 2763 2885 Fen-otis,
2850 2795 3181 2891 Kyburgi,
3259 2793 3425 2869 Go-

128 2901 356 2983 ritiae,
439 2897 811 2972 Gradiscae
877 2909 947 2972 et
996 2898 1386 2987 Arthesiae,
1466 2898 1895 2994 Landgravia
1972 2900 2309 2984 Alsaliae,
2394 2899 2643 2974 Comes
2714 2899 3059 2988 Namurci,
3135 2899 3497 2973 Dominu-

126 3000 478 3076 Harchiae
530 3002 1015 3091 sclavonicae,
1071 3003 1313 3074 Portus
1366 3003 1651 3090 Naonis,
1707 3004 2087 3076 Salinarum
2141 3015 2210 3076 et
2259 3003 2663 3077 Mechliniae
2716 3008 2844 3075 dcc.
2884 3008 3011 3075 dcc.

443 3105 817 3180 Memoriae
866 3107 1417 3180 commendamus
1470 3117 1712 3179 tenore
1779 3111 2235 3204 praesentium
2308 3107 2771 3200 significantes
2848 3106 3090 3201 quibus
3150 3107 3436 3203 expedit

12 3235 13 3250 ¹
124 3211 497 3282 universis.
601 3209 883 3302 Regalis
950 3208 1252 3283 Muneris
1320 3215 1535 3282 nostri
1604 3212 1801 3294 ratio,
1875 3209 2053 3302 quod
2108 3209 2290 3281 DEO
2344 3210 2623 3283 favente
2691 3211 3098 3299 obtinemus,
3169 3219 3241 3281 et
3291 3229 3430 3302 qu·

126 3315 199 3386 iu
250 3312 495 3407 Regna
549 3323 619 3386 et
671 3314 977 3386 Ditiones
1027 3323 1297 3387 nostras
1351 3312 1840 3385 haereditarias
1893 3313 2176 3388 ferimur
2229 3336 2565 3408 propensa
2620 3314 3040 3406 Beniguilas,
3112 3311 3426 3383 Deside-

130 3419 304 3490 rium
361 3415 730 3510 Studiaque
782 3427 1013 3490 nostra
1066 3439 1154 3490 eo
1210 3419 1596 3511 cumprimis
1649 3415 1898 3510 dirigit,
1952 3426 2284 3511 quatenus
2355 3416 2787 3490 Subditorum
2855 3415 3074 3489 Nobis
3122 3413 3424 3508 Regno-

124 3535 277 3593 rum
334 3519 710 3594 commodis
764 3520 1150 3594 omnimode
1201 3523 1775 3616 prospiceremus,
1840 3521 2153 3592 Devotos
2205 3541 2413 3616 porro
2464 3529 2536 3591 et
2586 3517 2825 3593 fideles
2897 3529 3199 3607 nostros,
3267 3517 3430 3592 illo·

126 3627 558 3721 praesertim,
612 3627 723 3718 qui
776 3634 1013 3718 gratos
1067 3624 1414 3697 subditalis
1451 3624 1775 3719 Obsequij
1834 3634 2118 3697 conatus
2162 3626 2419 3718 jugiter
2461 3622 2674 3695 Nobis
2727 3622 3140 3717 impendunt,
3195 3641 3428 3715 quos-

126 3749 223 3801 ve
274 3731 545 3824 propria
599 3727 928 3801 Virtutum
984 3732 1221 3800 merita
1276 3727 1758 3801 commendare
1811 3730 2152 3816 videntur,
2223 3728 2583 3824 peculiaris
2638 3725 2913 3799 Gratiae
2966 3736 3039 3799 et
3089 3723 3431 3798 Clemen-

124 3835 265 3904 tiae
346 3840 623 3904 nostrae
705 3830 1368 3925 Caesareo-Regiae
1447 3830 1829 3904 Favoribus
1910 3833 2539 3928 complecteremur.
2643 3827 2819 3903 Hine
2891 3839 3027 3921 est,
3105 3828 3288 3926 quod
3353 3836 3434 3903 ut

124 3937 412 4031 primum
461 3945 811 4031 paternum
882 3935 1143 4009 Solium
1214 3935 1744 4007 conscendendo
1814 3935 2084 4030 Imperij
2140 3934 2374 4008 fasces
2426 3935 2715 4029 adeptae
2785 3956 3045 4022 sumus,
3114 3954 3200 4005 ea
3250 3953 3431 4028 spe-

126 4040 326 4111 cialis
379 4048 582 4134 atque
634 4040 900 4113 solicita
955 4038 1132 4112 Cura
1185 4048 1419 4113 nostra
1472 4041 1791 4111 contiuuo
1845 4037 2072 4124 fuerit,
2138 4040 2427 4133 qualiter
2474 4040 2907 4112 Incremento
2956 4037 3430 4131 Felicitatiquo

130 4141 528 4235 Regnorum
600 4153 671 4214 et
718 4142 1226 4217 Provinciarum
1308 4151 1689 4216 nostrarum
1771 4141 2370 4216 haereditariarum
2450 4165 2650 4237 quam
2730 4146 2981 4239 optime
3058 4141 3431 4214 consulere

126 4247 507 4319 valeamus.
595 4246 967 4342 Beniguam
1021 4247 1198 4320 hauc
1246 4248 1694 4320 Intentiouem
1748 4255 2050 4319 nostram
2102 4250 2172 4320 iu
2208 4250 2500 4343 cupitum
2550 4246 2866 4319 effectum
2920 4242 3430 4341 perducendam

126 4350 702 4446 praepediverunt
754 4351 1059 4446 adusque
1108 4360 1211 4423 tot
1258 4351 1628 4440 Bellorum,
1697 4349 1937 4446 quibus
1992 4372 2159 4422 mox
2209 4373 2251 4423 a
2305 4359 2612 4445 tempore
2681 4352 2983 4446 suscepti
3039 4348 3425 4444 Regiminin

123 4456 517 4527 continuata
571 4457 754 4527 serie
817 4453 1265 4550 undequaque
1337 4457 1676 4551 impetitae
1742 4453 2018 4541 fuimus,
2085 4454 2432 4549 lnjuriae;
2505 4453 2662 4526 Jam
2707 4476 2883 4527 vero
2933 4455 3241 4527 restituta
3293 4454 3421 4525 in-

16 4643 17 4650 *
120 4554 311 4630 finita
358 4556 488 4630 Dei
540 4555 1009 4632 Misericordia
1062 4559 1239 4630 alma
1291 4557 1500 4646 Pace,
1572 4566 1799 4655 optata
1852 4558 2135 4653 affulget
2186 4560 2492 4647 occasio,
2563 4578 2699 4653 quo
2754 4555 3063 4630 fidelibus
3133 4554 3427 4632 subditi·

16 4661 19 4760 f
122 4663 384 4735 nostris
420 4660 760 4735 uberrima
801 4662 1067 4756 Regiae
1101 4660 1546 4756 Benignitatis
1581 4672 1885 4751 nostrae,
1942 4684 2073 4757 qua
2127 4661 2412 4736 eosdem
2451 4661 2983 4757 complectimur,
3034 4659 3235 4733 Dona
3267 4659 3427 4731 lar-

16 4769 17 4774 ’
124 4767 418 4858 giamur,
469 4764 979 4862 Maternamque
1034 4765 1549 4839 sollicitudinem
1603 4776 1905 4841 nostram
1951 4769 2019 4839 iu
2059 4769 2488 4857 omnigenam
2565 4764 2837 4837 lllorum
2889 4764 3427 4862 Prosperitaten

16 4937 17 4950 ,
120 4871 330 4941 unice
408 4867 737 4941 directam
806 4891 884 4941 re
953 4871 1098 4965 ipsa
1170 4879 1801 4943 commonstremus.
1907 4868 2168 4957 Quibus
2245 4867 2484 4943 fideles
2562 4867 2957 4963 Regnorum
3032 4877 3424 4942 nostrorum

127 4970 534 5062 Dalmatiae,
615 4971 931 5047 croatiae
1005 4983 1078 5045 et
1136 4972 1550 5046 Sclavouiae
1628 4973 1861 5047 Status
1913 4982 1986 5045 et
2036 4972 2328 5046 Ordines
2407 4981 2594 5045 tanto
2667 4971 3066 5045 cumulatius
3145 4969 3422 5068 quiden

124 5073 340 5149 beare
388 5078 762 5173 cupiamus,
816 5098 950 5172 quo
1001 5075 1213 5150 Iidem
1264 5085 1512 5150 testata
1574 5079 1759 5150 omui
1810 5087 2123 5172 tempore
2188 5079 2614 5163 intemerata,
2683 5098 2837 5149 cum
2891 5075 3093 5149 Vitae
3158 5073 3426 5149 Facul-

122 5187 472 5277 tatumque
524 5202 797 5254 suarum
850 5181 1263 5271 discrimine,
1315 5179 1697 5271 Fidelitate,
1749 5181 2291 5275 homagialisque
2331 5178 2643 5272 obsequij
2691 5179 2932 5253 Studio
2990 5178 3081 5252 de
3131 5188 3427 5274 august·

124 5281 353 5357 Domo
406 5293 641 5358 nostra
687 5282 1136 5375 benemerito,
1186 5288 1258 5359 iu
1308 5286 1632 5379 postremi
1703 5306 1972 5380 quoque
2025 5285 2419 5377 gravissimi
2484 5282 2657 5356 Belli
2724 5280 3017 5357 Motibus
3072 5281 3302 5357 Vitam
3347 5292 3432 5357 a

114 5385 549 5484 sanguinea
600 5409 823 5476 suum,
872 5392 942 5463 iu
987 5410 1243 5464 novam
1290 5388 1691 5486 praeclarae
1724 5386 2100 5463 Fidelitatis
2142 5387 2536 5477 Tesseram,
2584 5407 2710 5484 pro
2744 5379 3108 5481 Uajoeute'
3153 5395 3436 5479 nom
