3950 5917
528 407 690 490 214

524 613 834 695 rantibus
911 624 1080 716 ipsis
1157 620 1622 693 intelleximus
1697 620 2198 711 tribulationes,
2278 625 2632 713 angustias
2688 631 2759 694 et
2811 622 3234 694 calamitates
3314 624 3524 716 ipsius
3600 622 3829 717 Regni,

529 747 702 821 quas
756 747 882 819 per
932 723 1309 798 Turcorum
1392 727 1738 796 incursum
1818 728 2196 797 nouissime
2278 728 2626 819 percepit3
2708 725 2795 796 de
2852 724 3093 819 quibus
3150 725 3311 797 licet
3362 729 3657 798 maxime
3705 728 3827 800 do-

525 829 854 901 luerimus
917 837 986 899 et
1037 837 1226 900 tanto
1301 831 1629 899 maiorem
1701 832 2171 922 receperimus
2243 831 2468 900 animo
2543 829 2953 914 molestiam,
3026 837 3276 922 quanto
3350 831 3557 922 ipsius
3625 827 3826 922 Regni

531 936 746 1005 nostri
826 930 1334 1003 incommodum
1387 929 1727 1002 Maiestati
1781 941 2020 1003 nostre
2073 935 2295 1023 magis
2367 953 2587 1026 quarm
2623 933 2817 1003 alteri
2871 937 3021 1008 iure
3075 930 3439 1002 dolendum
3494 935 3594 1004 sit.
3695 932 3825 1004 Ta·-

534 1057 686 1107 men
741 1034 809 1106 id
866 1032 1064 1106 nobis
1135 1055 1354 1128 graue
1433 1036 1759 1129 imprimis
1814 1045 1882 1106 et
1936 1034 2296 1107 molestum
2353 1045 2486 1116 est.
2569 1034 2750 1129 quod
2818 1035 2903 1106 ad
2958 1034 3088 1106 alia
3147 1038 3446 1106 maxime
3525 1041 3823 1128 urgencia

533 1137 754 1232 Regni
808 1140 1028 1211 nostri
1082 1140 1379 1231 negocia
1436 1140 1747 1232 occupati
1797 1147 1867 1209 et
1902 1138 2207 1210 distracti
2260 1136 2646 1210 defensioni
2702 1138 2879 1211 illius
2933 1136 3158 1231 Regni
3210 1138 3656 1232 personaliter
3705 1161 3823 1211 non

528 1245 898 1335 possimuS.
972 1252 1177 1336 provt
1247 1243 1549 1312 maxime
1622 1250 2042 1335 optaremus.
2116 1263 2551 1330 succurrere,
2624 1252 2696 1312 et
2748 1262 2879 1313 nos
2932 1244 3125 1335 ipsos
3196 1244 3384 1313 iuxta
3439 1240 3821 1315 desiderium

529 1354 833 1417 nostrum
916 1366 1271 1440 exponere
1325 1347 1392 1415 in
1448 1346 1944 1438 protectionem
2025 1347 2238 1439 ipsius
2312 1343 2534 1438 Regni
2607 1348 2844 1418 nostri.
2951 1343 3210 1417 Verum
3262 1366 3354 1416 ne
3407 1342 3604 1417 nohis
3653 1344 3824 1418 hisce

529 1446 685 1520 belli
740 1446 1344 1542 occupacionibus,
1400 1447 1486 1518 ad
1542 1446 1722 1541 quod
1779 1447 2045 1520 hostilis
2117 1448 2405 1520 insultus
2460 1458 2530 1520 et
2580 1451 2881 1520 maxime
2932 1446 3160 1541 Regni
3238 1451 3457 1521 nostri
3535 1446 3821 1521 defensio

533 1573 662 1624 nos
718 1555 1070 1639 excitauit.
1149 1554 1453 1640 intentis,
1533 1554 1796 1622 interea
1853 1550 2169 1645 Regnum
2223 1551 2411 1637 illud.
2492 1574 2587 1622 ex
2641 1551 3102 1643 negligencia.
3186 1554 3446 1624 maiora
3526 1554 3821 1644 suscipiat

526 1653 815 1750 dampna
872 1665 943 1726 et
992 1658 1316 1736 iacturas..
1398 1653 1892 1750 prouidendum
1947 1656 2293 1740 duximus.
2350 1664 2424 1727 vt
2475 1654 2562 1727 ad
2600 1675 3032 1727 communem
3084 1653 3311 1747 Regni
3362 1654 3539 1728 illius
3592 1652 3819 1725 defen-

530 1761 823 1848 sionem,
896 1768 1031 1829 tam
1113 1762 1444 1829 maiorum
1527 1780 1729 1852 quam
1799 1761 2135 1830 minorum
2212 1760 2466 1830 auxilia
2546 1769 3001 1846 concurrant3
3079 1768 3156 1830 vt
3208 1757 3477 1830 collatis
3552 1760 3815 1829 inuicem

523 1860 784 1934 viribus
840 1860 1134 1934 facilitas
1188 1860 1504 1962 Regnum
1558 1861 1951 1933 incursandi
2004 1858 2388 1936 infidelibus
2444 1865 2786 1956 eripiatur.
2874 1859 3358 1936 commisimus
3410 1864 3613 1954 igitur
3657 1858 3816 1932 fide-

523 1963 697 2037 libus
751 1971 1004 2037 nostris
1058 1962 1442 2056 Magnificis
1492 1964 1788 2037 Johanni
1840 1964 2032 2037 Thuz
2087 1964 2177 2036 de
2229 1963 2399 2052 Lak,
2453 1974 2525 2038 et
2558 1964 2877 2038 Ladislao
2914 1964 3004 2036 de
3042 1963 3403 2058 Egervara
3453 1963 3814 2056 Regnorum

523 2079 912 2142 nostrorum
986 2068 1358 2140 Sclauonie
1412 2077 1483 2140 et
1533 2066 1811 2140 Croatie
1861 2068 2082 2155 Bano.
2154 2079 2230 2141 vt
2280 2072 2411 2163 ipsi
2463 2071 2891 2142 vniuersitati
2961 2068 3142 2141 illius
3210 2065 3440 2161 Regni
3507 2070 3711 2139 nostri
3757 2075 3813 2136 et

521 2171 835 2244 omnihus
887 2170 1091 2244 vobis
1144 2194 1350 2244 vnam
1405 2173 1807 2266 generalem
1862 2169 2509 2266 Congregacionem
2563 2172 2888 2259 indicant,
2961 2181 3033 2244 et
3084 2170 3173 2243 ad
3224 2193 3435 2242 vnum
3490 2170 3660 2242 diem
3707 2190 3811 2263 per

515 2277 709 2370 ipsos
763 2273 1235 2371 prefigendum
1288 2277 1806 2348 vniuersitatem
1858 2276 2038 2347 illius
2090 2273 2317 2368 Regni
2370 2279 2585 2349 nostri
2638 2287 2712 2349 et
2753 2297 2887 2350 vos
2924 2296 3195 2362 omnes,
3249 2277 3525 2348 nemine
3575 2275 3810 2368 penitus

517 2390 843 2475 excepto.
914 2379 1374 2474 personaliter
1442 2388 1849 2450 conuocent.
1955 2377 2359 2451 Mandemus
2430 2382 2662 2475 itaque
2734 2378 3033 2452 fidelitati
3101 2387 3343 2452 vestre
3415 2388 3482 2451 et
3543 2385 3811 2450 vestrum

517 2481 877 2555 cuiuslibet
932 2480 1058 2555 sub
1113 2482 1337 2555 debita
1386 2480 1728 2554 fidelitatis
1811 2481 2243 2572 obediencia,
2323 2492 2657 2578 quatenus
2737 2486 3037 2578 receptis
3115 2481 3576 2578 presentibus.
3648 2482 3807 2551 iuxta

514 2589 1047 2682 requisicionem
1101 2595 1169 2658 et
1220 2584 1791 2658 informacionem
1875 2584 2292 2681 prefatorum
2373 2585 2706 2659 Johannis
2782 2586 2974 2658 Thuz
3029 2595 3100 2658 et
3150 2583 3451 2658 Ladislai
3530 2584 3687 2655 Bani
3732 2579 3803 2652 ad

516 2687 695 2762 diem
751 2700 821 2761 et
870 2691 1123 2777 locum.
1196 2710 1396 2783 quem
1470 2692 1599 2784 ipsi
1660 2688 1865 2761 vobis
1936 2689 2363 2786 prefixerint.
2436 2693 2612 2762 inter
2685 2691 2858 2764 alios
2914 2688 3155 2762 fideles
3227 2699 3534 2776 nostros,
3598 2682 3806 2780 quibus

513 2794 756 2865 similia
813 2796 1061 2886 scripta
1121 2795 1452 2879 misimus.
1507 2795 1908 2883 conuenire,
1965 2802 2036 2864 et
2090 2792 2183 2882 id,
2258 2793 2438 2887 quod
2492 2793 2629 2864 illic
2684 2796 2869 2865 circa
2925 2791 3409 2865 defensionem
3460 2791 3628 2862 illius
3676 2786 3805 2859 Re-

513 2898 805 2990 gni‘per
854 2898 1374 2968 Vniuersitatem
1445 2894 1810 2985 Nobilium,
1884 2907 1953 2969 et
2005 2918 2133 2992 per
2183 2918 2317 2968 vos
2374 2918 2615 2969 omnes
2683 2900 2830 2992 pari
2900 2897 3252 2968 voluntate
3327 2895 3705 2968 conclusum
3751 2898 3807 2958 et

519 2998 899 3070 ordinatum
955 2997 1183 3089 fuerit.
1239 2997 1618 3073 obseruare
1672 2999 2010 3090 debeatis,
2065 3010 2135 3071 et
2187 2999 2394 3090 aliud,
2447 3011 2651 3096 provt
2701 2999 2953 3072 honum
3024 2999 3203 3071 illius
3256 2997 3485 3092 Regni
3553 2993 3805 3068 deside—

515 3104 707 3191 ratis,
763 3111 832 3172 et
884 3102 1197 3174 mandata
1254 3112 1487 3175 nostra
1544 3102 1921 3176 obseruare
1975 3104 2208 3190 vultis.
2270 3102 2509 3175 facere
2563 3125 2700 3175 non
2755 3102 3087 3175 debeatis.
3167 3102 3418 3173 Datum
3468 3104 3535 3173 in
3577 3095 3804 3192 Oppido

518 3214 755 3278 nostro
835 3204 1292 3298 Korneuburg
1359 3209 1428 3278 in
1491 3205 1672 3279 festo
1755 3207 1972 3279 sancti
2052 3204 2238 3278 Luce
2312 3205 2776 3299 Euangeliste.
2857 3206 3064 3278 Anno
3134 3204 3413 3278 Domini
3479 3202 3804 3276 Millesimo

515 3306 1203 3401 Quadringentesimo
1261 3314 1771 3405 septuagesimo
1829 3313 2146 3405 septimo,
2195 3308 2595 3403 Regnorum
2633 3320 3021 3383 nostrorum
3058 3309 3414 3403 Hungarie
3450 3317 3574 3379 etc.
3621 3307 3805 3394 vige-

516 3413 716 3499 simo,
772 3410 1103 3484 Bohemie
1156 3434 1330 3485 vero
1385 3435 1592 3485 nono.

1389 3693 1711 3773 (Siqillun
1760 3693 2021 3771 Reyium
2088 3692 2288 3755 rubra
2333 3711 2485 3755 cera
2533 3696 2962 3775 impressum.)

509 3982 773 4053 originale
805 3985 858 4036 in
895 3985 1122 4036 Archivo
1161 3985 1327 4055 Regni
1365 3983 1618 4039 croatiae.
1676 3983 1810 4038 Prlv.
1847 3984 2033 4039 Neu.
2079 3986 2136 4052 ⁴')

610 5392 674 5456 ⁵)
709 5393 822 5445 llut-
858 5393 1082 5461 pertinet
1114 5392 1493 5448 Documentum
1533 5395 1772 5461 superins
1806 5393 1902 5448 mh
1939 5393 2062 5449 Nro.
2098 5393 2304 5449 cxnm.
2339 5411 2562 5451 erroneo
2597 5396 2664 5450 ad
2702 5411 2895 5451 annum
2934 5399 3088 5453 ¹⁴⁶2.
3124 5399 3362 5469 ponium.
