3950 5917
472 373 626 451 15ss

468 586 946 676 conspectum,
1019 579 1089 650 in
1142 597 1271 651 aaa
1323 599 1408 651 ae
1460 585 1851 651 ceterorum
1928 575 2298 665 Nobilium,
2378 572 2644 651 Cinium
2722 584 2794 649 et
2867 573 3255 649 [scolarum
3333 568 3640 645 Giuitatia
3717 578 3794 644 et

465 691 654 757 terre
707 689 945 755 nostre
1000 678 1262 754 Scrisie
1317 681 1468 754 siue
1526 678 1673 775 Bag
1723 690 2004 772 vocate,
2075 678 2383 754 exhibuit
2432 678 2634 754 nohis
2701 688 2773 753 et
2821 678 3243 776 presentauit
3294 673 3584 773 quedam
3637 676 3794 771 pri-

461 784 751 880 uilegia,
826 782 1278 881 pendentibus
1358 783 1601 878 sigillis
1682 780 2032 874 confecta,
2109 806 2246 880 que
2321 784 2391 857 in
2464 805 2544 858 se
2614 782 2978 857 nonnullas
3054 778 3406 855 libertates
3486 787 3558 851 et
3615 798 3794 873 pre-

464 890 825 983 rogatiuas
903 885 1286 960 libertatum
1366 884 1677 960 eiusdem
1756 889 2051 961 ciuitatis
2104 895 2177 960 et
2223 896 2411 960 terre
2463 896 2700 960 nostre
2756 886 3178 959 continuisse
3239 877 3802 956 dinoscehantur.

465 988 613 1065 Sed
667 992 988 1087 quoniam
1037 988 1281 1064 eadem
1332 990 1719 1087 priuilegia,
1773 991 1923 1063 siue
1973 999 2256 1087 propter
2305 990 2554 1062 malam
2606 998 2679 1063 et
2727 991 3068 1062 incautam
3112 983 3487 1060 eorundem
3541 1003 3804 1057 consor

466 1096 862 1183 nacionem,
944 1095 1093 1167 siue
1164 1101 1444 1191 propter
1496 1093 1699 1166 alium
1754 1114 2227 1189 quemcunque
2280 1113 2519 1168 casum
2572 1091 2749 1166 adeo
2806 1099 3122 1186 corrupta
3177 1098 3248 1163 et
3299 1099 3375 1161 vt
3425 1084 3806 1183 apparebat

465 1199 667 1375 33:³3
694 1194 2633 1396 ,mm53⁰32ss:.5?‘3;¹¹m135‘325m1232⁸31⁵2322⁰
2660 1195 2992 1394 3333&
3012 1191 3806 1392 ῗέζῑῖἓᾞέιὲἰωῗ

1561 1353 1584 1389 9

467 1405 581 1502 pla
639 1402 1018 1478 eorundem
1068 1400 1615 1497 Priuilegiorum,
1636 1488 1645 1497 ο
1666 1411 1745 1477 vt
1795 1400 2070 1476 dicebat
2119 1424 2245 1501 per
2294 1423 2538 1477 manus
2586 1400 2852 1476 Notarii
2893 1398 3168 1498 publici,
3222 1407 3582 1494 antequam
3631 1394 3803 1469 Pri-

468 1507 738 1602 uilegia
810 1509 961 1602 ipsa
1029 1506 1328 1582 totaliter
1397 1504 1694 1583 fuissent
1761 1514 2107 1603 corrupta,
2168 1505 2559 1601 exemplata
2629 1515 2702 1579 et
2761 1511 3245 1599 transsumpta,
3310 1509 3628 1574 tenorum
3678 1502 3806 1571 in·

467 1607 1054 1709 trason-iptorum,
1133 1609 1523 1707 supplicans
1590 1607 1935 1684 Maiestati
2000 1619 2239 1683 nostre
2306 1606 2689 1701 humiliter,
2754 1618 2832 1681 vt
2900 1605 3147 1682 eadem
3208 1604 3577 1699 Priuilegia
3645 1603 3807 1675 sci-

466 1714 643 1789 licet
693 1724 766 1786 et
816 1714 1045 1787 omnia
1102 1721 1174 1787 et
1224 1712 1494 1807 singula
1545 1715 1615 1785 in
1667 1714 2066 1809 prescriptis
2147 1713 2366 1808 copiis
2435 1721 2510 1786 et
2576 1711 2913 1807 exemplis
2993 1707 3368 1784 eorundem
3448 1713 3809 1797 contenta,

486 1827 663 1908 rata,
733 1826 927 1912 grata
983 1825 1056 1888 et
1106 1826 1392 1912 accepta
1472 1815 1834 1907 habentes,
1910 1837 2036 1912 pro
2109 1815 2373 1890 eisdem
2428 1814 2692 1890 ciuibus
2745 1824 2817 1888 et
2867 1810 3426 1903 inhabitatoribus
3506 1811 3809 1883 ciuitatis

471 1931 548 1994 et
606 1929 792 1994 terre
851 1929 1091 1994 nostre
1160 1920 1467 2016 predicte
1538 1931 1868 2016 perpetuo
1954 1919 2246 1993 valitura
2314 1916 2649 1992 roborare
2719 1916 3196 2012 dignaremur3
3276 1935 3562 2010 quorum
3631 1913 3807 2009 qui·—

472 2023 633 2099 dem
691 2022 1213 2118 Priuilegiorum
1289 2026 1440 2098 siue
1522 2021 1998 2118 exemplorum
2078 2020 2454 2097 eorundem
2533 2024 2781 2118 prioris
2860 2030 3064 2094 tenor
3138 2022 3445 2115 sequitur
3522 2018 3595 2090 in
3663 2013 3808 2087 hee

469 2127 738 2204 verba:
845 2126 993 2200 Nos
1044 2125 1428 2217 Johannes,
1480 2124 1660 2200 lilius
1713 2125 1877 2198 olim
1927 2123 2112 2200 hone
2165 2128 2498 2199 memorie
2551 2124 2842 2214 Thome,
2913 2145 2999 2195 ac
3049 2120 3301 2195 Paulus
3353 2131 3426 2196 et
3477 2116 3806 2207 Carolus,

473 2228 591 2325 filij
668 2230 979 2305 similiter
1046 2230 1210 2303 olim
1269 2227 1495 2304 felicis
1569 2227 2091 2303 recordacionis
2164 2226 2394 2302 Caroli
2474 2224 2758 2302 Comitis
2833 2225 3173 2301 Corhauie
3226 2234 3390 2314 etc.,
3462 2224 3805 2297 memorie

475 2332 1037 2408 commendamus
1107 2341 1350 2407 tenore
1411 2334 1845 2431 presencium
1900 2330 2373 2426 significantes
2426 2330 2669 2427 quihus
2724 2328 3005 2426 expedit
3054 2330 3429 2418 vniuersis,
3491 2337 3562 2400 et
3611 2345 3808 2421 quo-

472 2460 625 2512 rum
677 2440 747 2509 in
799 2439 1148 2533 presentia
1195 2457 1486 2532 presens
1536 2438 1787 2530 pag-ina
1838 2446 2077 2510 nostra
2131 2438 2549 2532 peruenerit,
2619 2432 3058 2509 Manifestum
3111 2430 3540 2520 confitemur,
3611 2426 3810 2523 quod

475 2541 928 2615 aduenientes
999 2542 1218 2614 nostri
1286 2542 1355 2612 in
1427 2549 1875 2636 conspectum
1924 2537 2210 2613 Nobiles
2273 2548 2346 2612 et
2394 2539 2660 2635 prouidi
2723 2540 2860 2611 viri
2912 2535 3256 2630 Georgius
3310 2530 3807 2631 Myrkowych,

474 2641 805 2718 Nicolaus
874 2641 1175 2740 Jursych
1229 2650 1301 2715 et
1348 2640 1667 2717 Matheus
1718 2641 2054 2735 Bugnich,
2128 2644 2322 2717 ciues
2384 2652 2456 2714 et
2507 2640 2925 2714 habitatores
2978 2640 3115 2713 loci
3170 2638 3602 2724 Scrisieasis,
3674 2656 3812 2708 sua

476 2757 548 2821 et
600 2748 1083 2821 vniversorum
1156 2748 1407 2818 ciuium
1460 2754 1529 2818 et
1580 2744 2032 2818 habitatorum
2100 2746 2239 2818 loci
2311 2745 2594 2841 predicti
2665 2743 3074 2818 Scrisiensis
3130 2746 3196 2815 in
3252 2742 3595 2837 personis,
3651 2759 3808 2811 ex-

471 2849 837 2925 hibuerunt
885 2847 1087 2922 nohis
1140 2847 1470 2944 quasdam
1522 2850 1783 2923 litteras
1835 2848 2301 2944 priuilegiales
2349 2848 2924 2944 predecessorum
2977 2855 3392 2934 nostrorum,
3462 2838 3804 2916 Clarissi-

478 2975 749 3026 morum
796 2950 1135 3025 Comitum
1188 2949 1554 3044 Gorhauie,
1603 2950 1892 3026 Poeiteli
1944 2961 2017 3026 et
2069 2949 2355 3041 Scrisie,
2409 2955 2478 3024 in
2531 2955 2835 3047 ipsorum
2887 2951 3378 3046 premissorum
3431 2947 3681 3019 ciuium
3729 2953 3810 3016 et

477 3053 934 3129 habitatorum
965 3054 1104 3128 loci
1137 3053 1422 3152 predicti
1441 3054 1850 3130 Scrisiensis
1885 3067 1955 3129 et
1982 3053 2236 3130 liberas
2264 3054 2640 3128 eorundem
2665 3052 3016 3127 libertates
3050 3061 3383 3150 perpetue
3410 3059 3481 3123 et
3505 3052 3802 3123 inreuo-

482 3156 798 3233 eahiliter
864 3157 1222 3235 duraturas
1290 3158 1631 3234 confectis
1700 3167 1770 3232 et
1841 3161 2175 3233 emanatis
2246 3156 2373 3232 suh
2443 3179 2684 3231 eorum
2752 3157 2994 3252 sigillis
3072 3158 3424 3229 consuetis
3504 3173 3812 3249 appres-

480 3262 683 3337 sione
752 3264 1245 3352 communitas3
1319 3286 1445 3360 per
1496 3261 1721 3337 fidelia
1776 3262 2179 3352 eorundem,
2250 3273 2328 3336 vt
2377 3260 2646 3353 dicitur,
2717 3282 2932 3356 opera
2984 3256 3408 3350 exercenda,
3479 3278 3610 3329 nec
3663 3276 3813 3330 non

480 3373 701 3441 status
754 3364 1093 3441 decorare
1147 3370 1502 3464 cupientes
1553 3389 1682 3464 per
1728 3364 2043 3456 eosdem,
2114 3386 2289 3461 quos
2344 3385 2619 3460 semper
2672 3362 2758 3436 ah
2812 3366 3087 3460 antiquo
3161 3373 3471 3459 tempore
3535 3361 3601 3431 in
3658 3360 3812 3432 suis

477 3469 1035 3561 immunitatibus,
1089 3468 1694 3545 consuetudinibus
1747 3479 1819 3544 et
1867 3466 2289 3543 libertatibus
2360 3490 2402 3541 a
2453 3465 2761 3562 Regibus
2795 3477 2883 3540 -et
2932 3463 3345 3563 principibus
3408 3473 3611 3537 antea
3661 3462 3812 3535 ha-

476 3568 801 3665 huerunt,
851 3571 1333 3664 retribuend03
1385 3613 1490 3628 --
1542 3574 1961 3669 suplicantes
1998 3593 2129 3646 nos
2167 3571 2507 3645 humiliter
2542 3593 2626 3644 ac
2667 3568 2893 3644 debita
2931 3592 3085 3643 cum
3121 3571 3467 3657 instantia,
3518 3576 3596 3639 vt
3630 3586 3818 3641 eas—

484 3675 643 3750 dem
693 3676 985 3767 litteras,
1053 3686 1268 3767 ratas,
1339 3687 1573 3770 gratas
1626 3685 1700 3750 et
1750 3685 2075 3772 acceptas
2126 3673 2488 3765 hahentes,
2566 3672 2891 3748 Nostrum
2941 3672 3337 3748 beniuolum
3390 3689 3821 3745 consensum

482 3780 739 3874 pariter
789 3789 883 3852 et.
908 3799 1275 3854 assensum
1323 3776 1721 3875 prebentes,
1788 3787 2029 3853 nostro
2089 3777 2458 3873 Priuilegio
2531 3776 2944 3875 approhare,
3013 3775 3355 3850 ratificare
3417 3785 3489 3849 et
3536 3771 3819 3848 conflr-

483 3901 676 3955 mare
729 3880 1210 3976 dignaremur3
1264 3903 1551 3979 quorum
1598 3890 1804 3956 tenor
1854 3885 1959 3956 sio
2010 3884 2282 3980 incipit:
2333 3880 2482 3957 Nos
2507 3879 2864 3972 Nicolaus,
2919 3880 3176 3956 Tomas
3229 3890 3301 3953 et
3349 3876 3638 3966 Butcho,
3691 3873 3821 3950 lilii

487 3984 651 4057 olim
722 3981 1006 4060 Comitis
1075 3984 1405 4079 Budislai,
1475 3995 1548 4058 et
1595 3984 1876 4077 Paulus,
1954 3984 2134 4060 filius
2205 3986 2366 4059 olim
2439 3982 2722 4059 Comitis
2780 3983 3039 4076 Caroli,
3108 3995 3181 4058 et
3249 3980 3565 4071 Carolus,
3632 3977 3822 4057 lilius

485 4086 652 4160 olim
685 4085 968 4163 Comitis
1023 4087 1373 4184 Gregorii,
1419 4085 1788 4179 Gorhauie,
1839 4088 2102 4187 Lyche,
2154 4089 2496 4182 Bussane,
2549 4087 2812 4164 Scrisie
2861 4088 3138 4163 Domini
3190 4097 3263 4162 et
3315 4084 3620 4162 Comites
3673 4105 3822 4158 na-

483 4190 764 4266 turales.
867 4190 1229 4267 Vniuersis
1301 4202 1374 4265 et
1441 4193 1760 4287 singulis,
1834 4191 1922 4266 ad
1992 4213 2168 4290 quos
2238 4202 2601 4289 presentes
2666 4194 3105 4290 peruenerint
3121 4244 3148 4281 ,
3216 4201 3455 4265 notum
3521 4188 3822 4264 facimus

486 4303 564 4366 et
597 4293 1047 4370 manifestum.
1103 4294 1303 4384 Quod
1339 4295 1428 4369 ad
1459 4306 1763 4370 nostram
1798 4298 2234 4394 presenciam
2286 4308 2813 4392 comparuerunt
2865 4299 2997 4370 viri
3047 4294 3318 4370 nobiles
3351 4295 3552 4369 Vitus
3597 4290 3823 4366 Caci-

493 4396 858 4494 chiewych
894 4408 966 4472 et
998 4398 1258 4496 Hlapaz
1287 4397 1678 4497 Obrosych,
1715 4397 1891 4473 Vice
1928 4410 2001 4474 et
2026 4400 2304 4474 nomine
2343 4402 2845 4475 communitatis
2879 4410 3064 4473 terre
3100 4409 3337 4474 nostre
3365 4395 3626 4472 Scrisie
3663 4398 3824 4470 siue

492 4497 715 4593 Bagh,
768 4503 1224 4599 supplicantes
1276 4502 1617 4577 humiliter
1668 4512 1740 4576 et
1791 4502 2049 4577 devote
2100 4505 2552 4601 postulantes,
2623 4513 2701 4577 vt
2760 4506 2866 4578 eis
2920 4502 3456 4601 approbaremus
3509 4509 3581 4575 et
3631 4521 3828 4575 con-

480 4600 768 4677 firmare
818 4606 1129 4680 nolemus
1184 4628 1423 4680 eorum
1475 4610 1650 4696 iura,
1727 4603 2081 4681 libertates
2136 4616 2208 4679 et
2258 4609 2743 4698 immunitates,
2817 4629 2901 4679 ac
2955 4628 3196 4682 eorum
3267 4607 3577 4703 antiquas
3627 4625 3829 4679 con-

494 4705 919 4801 suetudines,
977 4708 1220 4807 quihus
1276 4708 1590 4785 omnibus
1643 4706 1729 4781 ab
1785 4713 2062 4804 antiquo
2139 4720 2452 4807 tempore
2502 4713 2696 4808 potiti
2749 4719 2944 4801 sunt3
2999 4752 3100 4766 —
3154 4733 3286 4787 nos
3339 4732 3516 4784 vero
3569 4710 3828 4782 consi·—

491 4809 821 4885 derantes
876 4820 949 4884 et
997 4792 1168 4933 pisis
1221 4813 1554 4887 dictorum
1608 4811 1907 4886 fidelium
1975 4822 2370 4888 nostrorum
2443 4835 2822 4911 eorumque
2893 4819 3408 4911 progenitorum
3461 4835 3634 4909 erga
3685 4833 3826 4886 nos

490 4932 780 5010 operum
833 4912 1129 4990 fidelium
1178 4914 1494 5008 effectus,
1572 4925 1988 5013 nostrosque
2038 4920 2548 5014 progenitores,
2621 4922 2735 5015 qui
2789 4940 3066 5016 semper
3116 4942 3286 5013 erga
3357 4924 3606 4994 statum
3677 4937 3830 4990 no-

494 5027 709 5091 strum
780 5018 1234 5094 eleuationem
1309 5029 1381 5093 et
1450 5020 1938 5094 exaltationem
2009 5042 2150 5094 non
2219 5032 2678 5119 pepercerunt
2733 5024 3054 5118 personis
3109 5027 3254 5097 suis
3305 5040 3532 5119 neque
3584 5019 3828 5094 facul-—

489 5119 769 5213 tatibus,
841 5142 1117 5217 semper
1164 5124 1616 5220 persistentes
1668 5127 1739 5199 ia
1792 5133 1951 5197 actu
2004 5122 2346 5200 fidelitatis
2401 5148 2668 5216 eorum,
2740 5130 2810 5198 in
2862 5147 2993 5199 nos
3064 5136 3136 5199 et
3186 5129 3256 5200 in
3310 5126 3606 5199 culmine
3661 5133 3831 5198 sta-

491 5235 605 5297 tas
657 5227 920 5313 nostri3
986 5246 1127 5321 que
1194 5225 1399 5321 digna
1473 5244 1687 5325 opera
1740 5237 1813 5302 et
1861 5225 2092 5302 fidelia
2159 5231 2463 5304 servicia
2535 5250 2775 5303 eorum
2831 5251 2963 5304 nos
3014 5228 3366 5321 inducunt,
3436 5238 3515 5304 vt
3549 5238 3826 5325 ‚postu-

494 5326 793 5404 lationes
874 5328 1280 5426 condignas,
1347 5333 1565 5409 iustas
1617 5342 1689 5407 et
1738 5330 2071 5408 honestas
2122 5333 2256 5409 illis
2307 5336 2631 5429 graciose
2683 5343 2756 5407 et
2806 5333 3180 5409 liberaliter
3227 5354 3560 5425 annuere,
3629 5354 3831 5408 coa-
