3950 5917
3321 406 3477 501 {2345

35 657 37 668 ⁴
135 635 328 709 dicto
364 636 656 733 praefati
683 634 1239 710 Locnmteiientis
1272 636 1466 709 titulo
1502 637 1988 710 mentionatum
2027 636 2350 709 exerceri
2381 656 2598 730 posse
2635 633 2986 707 Banatum.
3041 633 3240 707 Unde
3274 639 3477 738 prio-

146 737 332 814 ribus
367 740 685 834 benignis
724 743 979 814 nostris
1016 748 1304 814 eatenus
1342 738 1542 812 factis
1569 737 2128 813 Resolutionibus
2165 740 2530 812 etiamnum
2564 737 3058 810 inhaerendum
3095 741 3474 814 statuimus.

458 842 719 931 Tertio·
775 853 1094 939 quantum
1145 864 1354 938 porro
1405 845 1686 939 petitum
1732 851 1770 914 a·
1809 842 2011 916 nobis
2065 864 2159 915 ex
2198 852 2394 937 parte
2445 851 2683 915 vestra
2739 839 3034 936 diploma
3091 845 3474 934 concernit,

138 947 459 1041 plurima,
512 955 736 1042 eaque
771 968 928 1019 rara
963 945 1263 1018 illibatae
1305 946 1684 1019 Fidelitatis
1729 954 1800 1017 et
1834 943 2280 1020 Constantine
2313 954 2598 1019 vestrae
2651 954 3051 1038 argumenta
3099 967 3253 1017 cum
3300 947 3472 1021 alias

142 1070 447 1144 semper,
493 1058 636 1122 tum
686 1072 863 1123 vero
916 1049 1111 1124 bisce
1163 1052 1479 1144 proxime
1547 1052 1933 1144 praeteritis
2003 1051 2525 1144 pernitiosarum
2590 1045 2998 1121 seditionum
3049 1048 3473 1144 temporibus

142 1152 527 1226 luculenter
577 1151 926 1227 declarata
979 1155 1368 1247 gratissima
1423 1162 1652 1226 mente
1705 1152 2128 1241 recolentes.
2202 1152 2581 1225 clementer
2634 1150 2906 1246 quidem
2960 1156 3346 1242 annuimus,
3398 1162 3474 1226 ut

138 1255 443 1350 diploma
494 1257 657 1328 illud
712 1281 751 1328 a
807 1254 948 1329 Sua
1002 1255 1483 1330 Sacratissima
1546 1256 1889 1350 quondam
1944 1252 2294 1330 Caesarea
2347 1255 2706 1351 Regiaque
2758 1254 3120 1329 Maiestate
3172 1256 3472 1330 Domino

140 1357 477 1432 Genitore
529 1359 786 1434 Nostro
858 1359 1444 1434 desideratissimo
1518 1358 1884 1433 Gloriosae
1954 1362 2510 1433 reminiscentiae
2560 1355 2786 1433 Vobis'
2835 1381 3274 1449 concessum,
3343 1380 3470 1455 pro

140 1462 478 1536 moderno
526 1485 754 1537 rerum
810 1462 1007 1535 Statu
1052 1465 1416 1552 immutari,
1468 1468 1819 1553 renovari,
1876 1461 2267 1536 confirmari
2319 1464 2559 1559 possit.

455 1566 715 1653 Quarto
765 1565 1037 1638 demum
1091 1588 1176 1637 ac
1227 1567 1460 1638 ultimo
1532 1566 1758 1662 quoad
1817 1569 2171 1639 tuitionem
2227 1588 2313 1637 ac
2367 1563 2843 1640 defensionem
2915 1566 3471 1659 Privilegiorum,

140 1666 541 1763 «lariumque
596 1692 681 1741 ac
731 1670 1229 1742 Immunitatum
1297 1680 1710 1743 vestrarum.
1815 1668 1920 1741 Ea
1973 1691 2247 1765 quoque
2310 1671 2388 1741 in'
2430 1678 2626 1765 parte
2680 1669 3089 1763 condignam
3144 1668 3471 1742 Vestrum

140 1775 441 1845 omnium
518 1776 852 1846 rationem
933 1769 1297 1863 habentes,
1349 1794 1476 1872 per
1526 1769 2023 1845 cancellariam
2099 1782 2405 1847 nostram
2481 1773 2919 1845 Austriacam
2998 1771 3313 1846 Aulicam
3397 1782 3469 1846 et

140 1873 518 1950 Consilium
570 1876 898 1949 Bellicum
952 1879 1088 1949 iam
1123 1875 1400 1970 ubique,
1454 1873 1697 1948 debitis
1752 1878 2062 1947 nimirum
2113 1879 2185 1948 in
2226 1874 2431 1964 locis
2481 1878 2777 1949 intimari
2826 1874 3291 1973 publicarique
3343 1874 3464 1949 fe-

138 1983 384 2070 cimus,
466 2001 555 2051 ne
606 1978 826 2052 Vobis
881 1988 997 2052 aut
1044 1977 1369 2053 Vestrum
1424 1980 1622 2051 alicui
1676 1982 1746 2050 in
1788 1978 2068 2052 Iuribus
2122 1981 2265 2053 suis
2318 1977 2787 2054 nobilitaribus
2839 1980 3044 2051 ullum
3098 2002 3222 2075 per
3273 1979 3466 2051 Mili-

134 2086 294 2154 tiam
352 2093 659 2155 nostram
733 2081 1211 2155 Germanicam
1282 2081 1767 2178 praeiudicium
1839 2082 2190 2155 adferatur
2239 2083 2358 2154 vel
2411 2092 2800 2175 generetur.
2906 2082 3042 2155 Per
3092 2082 3228 2155 boo
3281 2087 3464 2156 enim

132 2184 319 2280 qnod
370 2185 637 2260 Nobilis
690 2186 986 2260 Michael
1020 2185 1274 2257 Mikula
1328 2196 1650 2281 tanquam
1703 2185 2072 2260 seditiosus
2128 2194 2199 2257 et
2241 2188 2540 2258 criminis
2594 2185 2832 2262 laesae
2884 2185 3265 2260 Maiestatis
3321 2187 3460 2259 ali-

130 2311 264 2382 qua
322 2292 391 2360 in
430 2300 620 2385 parte
673 2297 836 2362 reus'
887 2289 1191 2385 Jureque
1226 2289 1451 2382 Regio
1507 2299 1745 2386 captus
1783 2299 1854 2362 et
1893 2293 2364 2362 incarceratus
2417 2287 2688 2380 fuisset,
2742 2289 2907 2362 nihil
2953 2293 3459 2385 praerogativis

125 2390 733 2488 Jarisdiotionique
783 2392 1082 2467 Vestrae
1135 2393 1534 2485 derogatum
1591 2414 1753 2467 esse
1804 2391 2011 2467 vobis
2060 2414 2467 2489 persvasum
2515 2391 2774 2466 habere
2824 2393 3074 2467 velitis.

448 2496 537 2568 Et
585 2496 764 2569 haec
815 2506 1035 2588 erant,
1109 2517 1285 2591 quae
1356 2493 1789 2570 fidelitatibus
1843 2495 2143 2587 Vestris,
2216 2519 2303 2569 eo
2373 2518 2509 2592 quo
2563 2501 3016 2593 praemissum
3073 2507 3182 2569 est
3253 2495 3459 2569 modo

129 2619 213 2671 ac
271 2599 542 2690 ordine,
621 2603 942 2696 responsi
990 2600 1150 2673 loco
1205 2600 1508 2673 breviter
1560 2599 1962 2673 insinuanda
2035 2601 2537 2695 intimandaque
2605 2598 2979 2675 habuimus.
3084 2597 3334 2675 Iisdem
3389 2603 3459 2674 in

124 2703 396 2799 reliquo
468 2708 690 2798 gratia
760 2713 998 2778 nostra
1070 2702 1420 2777 Caesarea
1473 2713 1543 2776 et
1595 2702 1817 2796 Regia
1888 2707 2139 2797 iugiter
2205 2708 2528 2801 propensi
2600 2715 2979 2778 manentes.
3087 2703 3332 2776 Datum
3388 2708 3457 2777 in

124 2804 429 2879 civitate
482 2817 717 2881 nostra
771 2806 1041 2880 Vienna
1095 2805 1206 2879 die
1257 2809 1611 2902 trigesima
1663 2805 1929 2882 Mensis
1979 2807 2159 2880 sulii.
2251 2808 2456 2882 Anno
2508 2806 2785 2880 Domini
2838 2806 3202 2880 Millesimo
3259 2807 3456 2880 Sex-

125 2913 511 2983 centesimo
569 2911 1097 3006 septuagesimo
1149 2913 1373 2984 tertio.

443 3095 901 3190 Leopoldus
949 3116 1037 3166 m.
1092 3118 1156 3190 p.

2206 3218 2509 3295 Thomas
2581 3218 2805 3316 Paufy
2883 3242 2970 3292 m.
3025 3243 3087 3315 p.

2340 3344 2634 3414 Episcopus
2667 3344 2956 3398 musea-1..

2154 3518 2542 3617 Stephanus
2596 3517 2825 3592 Orban
2904 3510 2994 3592 in.
3048 3541 3113 3616 p.

107 3740 389 3813 otishu-
420 3742 477 3793 ιιι
511 3738 739 3795 Archivo
777 3738 946 3809 Regni
981 3735 1239 3792 croatiae.

1566 4279 2005 4364 ccxn.

993 4542 1204 4615 Anno
1263 4540 1302 4613 1
1315 4540 1423 4614 67
1433 4541 1500 4614 7.
1558 4543 1675 4614 die
1724 4542 1800 4616 9.
1855 4542 2177 4638 Anquett’.
2248 4539 2575 4614 Viennae.

96 4782 693 4889 Leopoldus
753 4777 956 4859 Rex
1014 4777 1167 4860 SS.
1251 4789 1342 4860 et
1407 4775 1572 4858 00.
1638 4778 2211 4883 significat,
2273 4765 2383 4858 se
2441 4775 2850 4857 necdum
2911 4800 3213 4881 posse
3273 4800 3446 4859 vo-

360 4926 494 5002 tis
555 4918 1087 5001 eorundem
1145 4919 1830 4997 nominatione
1891 4915 2211 4995 realis
2261 4912 2500 4995 Bani
2562 4913 3207 4997 satisfacere

425 5161 873 5253 Reverendo,
924 5155 1480 5249 Honorabilibus,
1533 5153 2063 5253 Spectahuihus,
2106 5155 2520 5255 magnificis,
2572 5158 2896 5254 Egregiis
2948 5167 3023 5233 et
3052 5156 3442 5251 Nobilibus,
3535 5235 3546 5247 ,

96 5266 566 5344 Prudentibus
618 5269 784 5345 item
835 5285 922 5338 ac
974 5262 1501 5358 Circumspectis
1551 5257 1637 5333 N.
1691 5258 1775 5334 N.
1836 5258 2235 5356 Regnorum
2286 5262 2695 5339 Nostrorum
2744 5261 3155 5354 Dalmatiae,
3210 5260 3453 5363 Grec-3

90 5375 248 5448 aiae
281 5381 359 5448 et
395 5369 812 5446 sclavoniae
864 5368 1210 5442 universis
1264 5361 1568 5440 statibus
1620 5373 1692 5438 et
1727 5360 2095 5441 Ordinibus
2127 5374 2258 5442 etc.
2311 5364 2658 5442 Fidelibus
2703 5363 2905 5442 nobis
2941 5364 3230 5444 dilectis.

314 5504 472 5574 (rm
500 5501 543 5558 1.
584 5501 762 5564 mvn.
793 5509 850 5558 οι
878 5499 1102 5570 mat.)
2916 5469 3025 5552 ss
