3950 5917
532 398 692 475 372

1876 810 2489 897 CLXXXV
2494 868 2520 892 .

1656 1072 1888 1147 1519.
1969 1075 2084 1146 die
2143 1073 2265 1144 12.
2319 1072 2746 1146 Decembris.

539 1311 965 1418 Regnum
1062 1311 1515 1391 Groatiae
1581 1322 1672 1390 et
1731 1309 2261 1390 Dalmatiae
2353 1307 2599 1415 Regi
2692 1308 3293 1414 Hungariae‚
3390 1311 3539 1412 qui
3628 1333 3798 1388 cum
3897 1341 3898 1376 ι

537 1450 881 1532 'l'urcis
978 1449 1326 1530 foedus
1420 1450 1681 1528 nulla
1745 1447 1856 1527 de
1918 1452 2038 1526 iis
2102 1448 2356 1527 facta
2432 1451 2917 1528 mentione
3009 1452 3559 1554 pepigerat,
3645 1473 3798 1528 am·-
3897 1435 3898 1438 Ὺ

537 1592 793 1695 plius
888 1589 1291 1668 obedire
1375 1590 1760 1694 nolenS‚
1854 1587 2290 1666 tutellam
2377 1598 2468 1666 et
2529 1591 3243 1693 protectionem
3306 1586 3795 1666 Pontificio

1764 1724 2158 1806 Romani
2224 1730 2622 1830 expetit.

847 1945 1054 2018 Anno
1133 1945 1334 2017 1519
1406 1945 1517 2018 die
1591 1944 1708 2018 12.
1763 1943 2167 2018 Decembris
2238 1945 2465 2017 lectae
2538 1954 2694 2019 sunt
2766 1944 3032 2018 litterae
3101 1945 3271 2018 Bani
3338 1944 3704 2020 Dalmatiae
3748 1947 3803 2015 dc

538 2049 856 2124 croatiae
909 2048 1458 2122 credentionales
1510 2052 1579 2121 in
1631 2061 1929 2147 persona
2000 2049 2271 2122 Domini
2323 2048 2627 2122 Thomae
2679 2048 2872 2143 Nigri
2899 2050 3010 2142 ὓ),
3090 2052 3202 2144 qui
3252 2048 3662 2124 introductus
3709 2056 3801 2121 est

532 2157 601 2228 in
677 2176 948 2227 sacrum
1029 2151 1520 2227 consistorium
1603 2157 1880 2226 nomine
1957 2155 2170 2250 ipsius
2249 2152 2461 2243 Bani,
2560 2152 2892 2226 Comitum
2972 2162 3043 2225 et
3118 2151 3457 2226 Nobilium
3532 2156 3801 2248 ipsorum

531 2257 952 2353 Regnorum.
1057 2258 1271 2350 Dixit,
1340 2260 1487 2352 ipsa
1558 2255 1803 2351 Regna
1875 2267 2108 2352 parata
2163 2278 2242 2333 se
2295 2256 2554 2328 dedere
2624 2257 2917 2345 Turcae‚
2988 2267 3059 2331 et
3105 2256 3287 2353 quod
3367 2260 3684 2331 miserunt
3726 2253 3801 2327 ad

526 2360 797 2457 Regem
840 2361 1144 2455 Ungarie
1198 2370 1513 2434 oratores
1566 2381 1758 2451 suos,
1813 2363 1940 2456 ipsi
1973 2368 2496 2456 protestaturos.,
2548 2360 2729 2456 quod
2781 2358 3132 2434 nollebant
3181 2359 3466 2458 amplius
3510 2359 3804 2447 obedire3

528 2469 686 2561 quia
742 2483 897 2539 cum
948 2463 1170 2538 Turca
1242 2463 1490 2537 foedus
1561 2462 1854 2553 fecerat,
1927 2464 2107 2536 nulla
2162 2464 2249 2537 de
2301 2466 2386 2537 iis
2438 2462 2619 2537 facta
2673 2468 3039 2539 mentione.
3143 2464 3448 2540 Dimisso
3525 2459 3801 2562 predicto

526 2568 833 2659 vicario.
887 2569 1373 2643 sanctissimus
1427 2567 1621 2657 dixit,
1675 2590 1757 2642 se
1791 2568 1978 2642 velle
2033 2589 2240 2664 super
2269 2567 2405 2640 hoc
2453 2566 2634 2661 Regi
2678 2568 3023 2664 Ungariae
3077 2567 3414 2660 scribere„
3468 2577 3540 2642 ut
3583 2570 3798 2665 provi·-

529 2672 689 2747 deat
737 2678 887 2770 ipse
957 2682 1031 2746 et
1096 2671 1339 2765 Regna
1409 2671 1790 2744 Dalmatiae
1845 2675 1910 2743 dc
1962 2670 2281 2745 Oroatiae
2335 2675 2402 2745 in
2453 2673 2753 2745 tutellam
2826 2684 2897 2745 et
2964 2670 3444 2749 defensionem
3511 2673 3800 2768 recipiat3

525 2778 644 2852 vel
697 2777 940 2850 saltem
980 2779 1343 2872 permittat,
1396 2786 1469 2847 ut
1519 2774 1646 2848 sul)
1698 2776 1985 2849 alicuius
2037 2775 2254 2867 Regis
2308 2774 2693 2866 Christiani,
2762 2778 2879 2851 vel
2933 2797 3103 2851 suae
3155 2776 3548 2852 sanctitatis
3597 2774 3796 2849 tutella

527 2890 597 2953 et
628 2878 1054 2956 defensione
1106 2901 1270 2954 esse
1320 2881 1605 2975 possint.

523 3081 603 3135 Ex
656 3079 850 3135 Codice
903 3082 1135 3137 Romano
1189 3082 1435 3136 Actorum
1488 3082 1942 3136 Gomwfiauun.
1980 3109 2047 3122 --
2101 3082 2160 3135 B.
2195 3081 2448 3138 Retectis.
2518 3082 2598 3137 De
2635 3083 2826 3155 Regni·
2877 3083 3041 3137 Dalm.
3097 3083 3267 3138 Cro-t.
3315 3093 3370 3137 ot
3404 3084 3544 3136 slav.
3609 3081 3801 3136 Notitiae

832 3168 1222 3223 Pacuuium·
1257 3188 1308 3239 p.
1346 3169 1465 3223 314.

1811 3592 2525 3678 cmxxxvl.

806 3858 1015 3929 Auno
1076 3855 1310 3928 1525.
1382 3857 1758 3928 Domim‘ca
1807 3863 2142 3951 proxima
2196 3865 2362 3930 aule
2409 3858 2659 3948 festum
2713 3858 2799 3931 B.
2857 3859 3199 3951 Dionysii.
3264 3858 3539 3932 Budae.

502 4092 1379 4176 ·Credencionales
1473 4118 1514 4171 a
1608 4092 2111 4173 Ludovico
2174 4093 2264 4173 Π.
2348 4092 2621 4199 Rege
2682 4094 3112 4174 Iohanni
3204 4095 3614 4175 Statilio
3702 4088 3794 4170 ad

856 4231 1294 4312 Diaetam
1358 4229 1673 4336 Regni
1737 4231 2283 4312 Slavoniae
2344 4236 2643 4312 misso
2739 4235 3116 4313 oratori
3179 4232 3493 4314 datae.

2363 4475 2736 4540 Commendo
2774 4479 3051 4558 propria
3094 4476 3356 4541 Domini
3399 4478 3612 4558 aequ.

1032 4639 1447 4732 Ludovicus‚
1497 4640 1627 4714 Dei
1683 4641 1910 4715 Gratia
1962 4640 2121 4716 Rex
2172 4642 2565 4738 Hungariae
2618 4655 2691 4719 et
2740 4645 3113 4719 Bohemiae
3168 4650 3294 4719 dcc.

824 4796 1189 4893 Magnifice
1267 4798 1521 4873 Fidelis
1573 4796 1770 4872 nobis
1823 4797 2093 4872 dilecte.
2195 4798 2502 4874 Misimus
2556 4800 2641 4873 ad
2693 4803 2894 4875 istam
2944 4800 3256 4874 Diaetam
3307 4800 3537 4896 Regni
3587 4798 3795 4873 Nostri

514 4902 931 4976 Sclavoniae
1007 4902 1188 4975 hunc
1256 4902 1526 5005 fidelem
1604 4902 1926 4978 Nostrum
2004 4902 2484 4977 venerabilem
2562 4904 2894 4979 Joannem
2948 4905 3308 4998 Statilium,
3383 4904 3794 5002 Propositum

624 5144 684 5211 ⁵)
718 5143 937 5198 Thomas
973 5142 1131 5213 Niger
1163 5141 1496 5211 spalatensis,
1534 5144 1727 5195 amicus
1763 5139 2086 5196 celeberrimi
2120 5139 2276 5196 Marci
2310 5141 2508 5210 Heruli,
2563 5152 2748 5213 poetae
2783 5143 2927 5197 latini
2965 5154 3018 5198 ot
3052 5145 3342 5212 aetion-lis,
3375 5143 3611 5197 vicarius
3643 5155 3794 5212 gene·

718 5228 838 5283 ralis
869 5229 1117 5299 Episcopi
1151 5227 1537 5297 vesprimiensi·
1571 5238 1626 5283 et
1657 5229 1786 5282 Bani
1821 5229 2059 5284 croatiae
2092 5230 2230 5283 Petri
2263 5229 2559 5298 Berislavic,
2593 5230 2891 5300 Episcopus
2941 5230 3314 5285 scardonensis
3349 5231 3546 5297 (1519)
3599 5239 3649 5282 et
3681 5227 3793 5279 Tn-

721 5316 976 5386 gurieusis
1011 5315 1229 5383 (1524),
1265 5314 1448 5369 Orator
1481 5316 1649 5387 Regni
1684 5315 1921 5371 croatiae
1955 5326 2012 5372 et
2043 5316 2327 5371 Dalmatiae
2360 5316 2427 5370 ad
2461 5316 2685 5370 Leonem
2720 5316 2781 5369 X.
2818 5317 3117 5372 Pontificem
3153 5319 3434 5373 Romanu-n
3483 5326 3538 5370 et
3574 5314 3792 5369 Carolus·

719 5401 783 5455 V.
813 5399 1195 5467 Imperatorem,
1232 5400 1455 5470 diligen·
1488 5402 1736 5456 collector
1769 5418 1941 5456 reru-
1978 5402 2276 5468 Pani-run.
2310 5413 2542 5459 mortuus
2575 5402 2768 5472 spanni
2804 5421 2850 5460 a·
2894 5406 3048 5464 1⁵27.
