3950 5917
3231 406 3442 512 ⁴8⁷.

119 603 389 702 quidem
442 603 774 698 libertatis
824 606 1237 684 formahec
1275 617 1419 688 est:
1448 617 1549 690 ¹ut
1583 608 1905 686 uidelicet
1957 630 2084 683 eos
2139 610 2360 686 nullus
2414 610 2709 700 iudicum
2764 620 3154 686 nostrorum
3206 623 3443 712 preter

118 709 676 800 mmorem“uille
749 709 1434 806 eorundem,„quem
1488 712 1870 810 uoluntaria
1927 713 2287 810 elegerint,
2370 712 2646 788 audeat‘
2696 714 3027 804 iudicare,
3113 725 3182 789 et
3236 718 3299 792 si
3352 716 3437 791 a‘h'

115 811 431 908 ip'sor'u‘m'
474 812 695 885 iudice
753 813 1326 911 conquerentibus
1390 815 1709 889 satislieri
1761 840 1896 890 non
1950 821 2225 912 poterit,
2293 818 2505 889 iudex
2560 821 2797 890 eorum
2852 821 2921 890 in
2976 829 3212 894 nostra
3265 823 3440 915 pre-7

116 918 353 988 sencia
409 924 480 987 et
529 939 668 989 non
723 918 893 992 alias
948 940 1156 1013 super
1204 922 1352 1016 ipsa
1408 941 1619 991 causa
1672 922 1915 993 citatus
1965 929 2280 993 teneatur
2333 929 2402 994 et
2436 920 2686 993 debeat
2736 924 3206 1017 responden-03
3256 929 3326 997 e't
3368 928 3435 995 in‘

117 1039 525 1113 quocunque
598 1041 767 1093 casu
816 1025 995 1094 inter
1041 1025 1239 1116 ipsos,
1285 1021 1618 1118 hospites,
1673 1024 1785 1104 uel
1839 1046 1963 1120 per
2017 1024 2303 1108 eosdem
2368 1024 2676 1119 hospites
2750 1035 2986 1097 contra
3059 1036 3433 1100 extraneos

115 1121 411 1216 aliquos,
485 1124 596 1195 uel
646 1145 774 1219 per
825 1133 1197 1197 extraneos
1251 1134 1488 1199 contra
1545 1129 1732 1219 ipsos
1786 1126 2094 1222 hospites
2149 1123 2360 1201 causa
2414 1138 2563 1200 orta
2619 1128 2847 1217 fuerit,
2928 1127 3171 1201 eadem
3225 1151 3438 1202 causa

113 1246 278 1298 non·
310 1223 565 1311 duello,
648 1229 773 1300 sed
837 1230 1221 1308 iuramento
1264 1252 1378 1306 *ac
1430 1233 1841 1308 testimonio.
1895 1230 2268 1308 decidatur.
2371 1232 2762 1310 statuimus·
2820 1235 3102 1321 eciam„
3140 1232 3338 1332 quod,
3375 1238 3438 1318 si

113 1324 334 1400 banus
390 1332 493 1401 eis
548 1329 633 1402 ad
686 1331 994 1403 nalorem
1048 1335 1247 1405 unius
1302 1347 1535 1406 marce
1592 1327 2286 1428 dampnum⁴fecerit‚
2356 1339 2425 1407 in
2481 1335 2797 1430 centuplo
2870 1345 3210 1407 restauret
3282 1339 3435 1407 eis-

116 1430 314 1519 dem3
368 1440 593 1505 tamen
647 1432 829 1507 hano
884 1457 1022 1507 non
1061 1437 1239 1508 aliud
1294 1439 1425 1508 nisi
1461 1434 1707 1512 domos
1754 1461 1918 1510 suas
1957 1442 2331 1524 occasione
2386 1440 2768 1512 descensus
2824 1439 2990 1511 dare
3046 1447 3430 1528 teneantur,

112 1554 239 1628 pro
296 1532 447 1607 aliis
501 1558 671 1614 uero
725 1542 1146 1613 necessariis
1199 1543 1501 1634 precium
1554 1544 1926 1637 recipiant3
1983 1552 2054 1615 et
2089 1544 2148 1614 si
2202 1543 2442 1637 aliquis
2495 1546 2796 1642 ipsorum
2862 1542 3055 1637 prole
3112 1546 3435 1629 caruerit,

117 1646 255 1708 tam
301 1640 456 1733 ipso
513 1642 787 1713 uiuente
841 1665 1037 1737 quam
1079 1665 1120 1714 a
1157 1643 1394 1716 seculo
1449 1649 2006 1739 transmigrante,
2059 1637 2406 1719 hona‘sna
2446 1649 2825 1740 cuicunque
2879 1645 3171 1716 uoluerit
3220 1643 3437 1717 libere

119 1739 437 1836 conferat
486 1743 890 1832 retinenda3
964 1755 1033 1845 et
1085 1749 1145 1817 si
1200 1750 1350 1841 quis
1404 1749 1620 1841 ipsam
1700 1747 1926 1820 uillam
2014 1751 2265 1822 intrare
2344 1749 2642 1842 uoluerit
2722 1757 3130 1837 moraturus,
3208 1752 3436 1821 omnia

112 1843 295 1916 hona
351 1867 501 1935 sua.
550 1844 794 1920 domos
846 1848 1167 1922 uidelicet
1219 1860 1286 1920 et
1339 1850 1498 1940 alia,
1552 1874 1686 1945 que
1740 1850 2072 1946 possidet.
2146 1851 2457 1932 omnibus
2511 1845 2904 1926 ‘scientibus
2959 1849 3242 1922 liberam
3297 1851 3433 1922 ha-

110 1946 275 2019 heat
326 1945 600 2022 uiuendi
653 1950 1071 2042 facultatem,
1125 1961 1195 2025 et
1246 1954 1585 2026 recedens
1642 1954 1728 2027 de
1780 1954 1966 2040 uilla,
2021 1954 2312 2028 eandem
2381 1949 2674 2028 retineat
2743 1955 3151 2028 libertatem.
3257 1954 3433 2027 Sta-

114 2054 361 2123 tuimns
415 2056 662 2143 eciam.
716 2065 787 2125 ut
840 2055 1272 2128 sacerdotem
1329 2080 1799 2152 quemcunque
1853 2057 2192 2131 noluerint
2243 2062 2311 2130 in
2367 2081 2559 2131 suam
2631 2060 2965 2153 recipiant
3035 2058 3434 2145 ecclesiam,

113 2153 203 2225 de
257 2153 542 2227 decimis
598 2180 833 2231 eorum
889 2159 1105 2256 proud
1160 2159 1344 2252 (sic)
1400 2181 1553 2234 mos
1607 2165 1718 2234 est
1767 2159 2146 2257 hospitibus
2224 2159 2610 2257 ubicunque
2690 2158 3116 2234 manentibus
3189 2158 3435 2255 dispo-

112 2267 382 2330 nentes.
468 2259 804 2334 Nec'hoc
856 2264 1170 2352 uolumus
1225 2263 1351 2335 sub
1406 2266 1693 2338 silencio
1764 2269 2209 2361 pertransire,
2282 2265 2465 2361 quod
2515 2264 2803 2361 predicti
2856 2265 3162 2358 hospites
3218 2268 3437 2337 nostri

111 2359 316 2434 nobis
370 2368 710 2437 annuatim
765 2388 888 2463 pro
943 2366 1233 2441 collecta
1315 2378 1586 2441 centum
1665 2372 1949 2463 pensas,
2034 2379 2105 2441 et
2154 2391 2278 2466 pro
2335 2367 2581 2442 tributo
2637 2367 2770 2440 fori
2823 2370 3094 2461 triginta
3173 2387 3430 2462 pensas

115 2465 395 2537 soluere
464 2477 799 2542 tenentur.
907 2469 1019 2542 Ad
1073 2470 1230 2560 hec,
1283 2494 1437 2544 cum
1507 2470 1711 2564 ijdem
1785 2472 2094 2568 hospites
2167 2476 2382 2546 nostri
2438 2473 2523 2545 de
2572 2469 3060 2544 Jaztrabarcka
3115 2483 3198 2543 'se
3252 2480 3430 2542 terra

111 2567 425 2641 dicerent
501 2571 835 2665 indigere.
944 2571 1292 2669 Stephano
1365 2574 1544 2647 bano
1615 2561 1839 2648 tediis
1911 2575 2281 2652 Solanonie
2336 2586 2405 2648 et
2459 2573 2831 2669 capitaneo
2905 2573 3110 2647 Stirie
3180 2573 3433 2647 dilecto

114 2683 185 2742 et
239 2671 423 2744 fideli
475 2686 712 2747 nostro
768 2675 1076 2749 dedimus
1130 2681 1199 2749 in
1254 2678 1613 2764 mandatis.
1666 2690 1738 2751 ut
1791 2680 1877 2752 de
1936 2692 2115 2753 terra
2179 2678 2468 2751 filiorum
2527 2677 2744 2751 Cuetk
2800 2673 3150 2769 (Cvetko)
3225 2688 3294 2748 et
3346 2677 3434 2750 de
3559 2722 3566 2730 ·

116 2788 295 2848 terra
354 2774 641 2851 filiorum
694 2779 981 2866 KundiS,
1055 2791 1124 2852 et
1176 2782 1263 2852 de
1318 2792 1499 2854 terra
1554 2787 2040 2876 generacionis
2113 2783 2504 2878 Draguzlay
2576 2783 3011 2875 iobagionum
3087 2783 3295 2854 castri
3348 2780 3434 2853 de

116 2880 457 2973 Podgoria
514 2890 581 2952 et
629 2887 844 2954 eciam
904 2887 1351 2957 castrensium
1406 2885 1669 2962 eisdem
1723 2886 1812 2960 ad
1864 2891 1989 2958 tria
2046 2897 2269 2959 aratra
2327 2890 2732 2980 assignaret.
2830 2884 2958 2971 Qui
3011 2881 3208 2954 nobis
3261 2907 3434 2979 per-

114 2982 447 3056 sonaliter
497 2987 721 3059 retulit
774 2997 844 3059 et
896 3009 1021 3083 per
1072 2999 1234 3066 suas
1292 2989 1567 3061 litteras·
1605 2993 1957 3080 intimauit‚
2014 2989 2195 3083 quod
2247 2994 2424 3085 ipsis
2466 2987 2844 3085 hospitibus
2902 2988 2989 3061 de
3026 2997 3210 3059 terra
3263 3010 3438 3084 pre-

116 3086 449 3159 dictorum
504 3089 874 3178 hominum,
929 3091 1013 3163 ad
1069 3095 1194 3166 tria
1250 3102 1471 3165 aratra
1527 3096 1716 3164 iuxta
1771 3102 2078 3165 nostrum
2133 3104 2523 3188 preceptum
2599 3095 3055 3186 assignasset,
3125 3089 3249 3164 sub
3306 3092 3435 3185 hys

114 3194 354 3263 metis:
461 3192 687 3265 Prima
739 3203 919 3267 meta
974 3192 1204 3290 incipit
1234 3186 1293 3266 “a
1352 3198 1837 3290 septemtrione
1889 3199 2077 3267 iuxta
2131 3218 2334 3268 unum
2394 3197 2853 3282 monticulum,
2923 3191 3041 3265 ubi
3094 3204 3200 3265 est
3254 3204 3431 3264 meta

113 3304 370 3384 terrea‚
454 3305 522 3367 et
591 3296 749 3369 inde
821 3297 1025 3370 uadit.
1058 3301 1141 3369 'in
1215 3299 1603 3392 uirgultum,
1682 3296 1796 3369 ubi
1851 3308 1959 3374 est
2040 3308 2218 3371 meta
2269 3309 2517 3371 terrea.
2625 3296 2893 3371 Deinde
2958 3291 3315 3367 descendit
3365 3299 3437 3366 in

113 3399 404 3470 riuulum
458 3400 839 3497 Dalych‚
899 3424 1026 3497 per
1074 3419 1277 3495 quem
1334 3395 1518 3473 uadit
1570 3402 1855 3474 inferius
1911 3400 1995 3472 ad
2049 3409 2315 3497 port-um
2370 3403 2735 3494 antiquum.
2791 3398 3058 3473 Deinde
3114 3395 3293 3468 cadit
3348 3397 3436 3468 ad

111 3524 429 3596 magnam
485 3507 690 3588 uiam.
742 3527 866 3599 per
918 3528 1119 3600 quam
1174 3504 1358 3577 uadit
1411 3505 1498 3577 ad
1553 3516 1781 3601 partes
1839 3506 2239 3595 orientaleS,
2311 3508 2502 3576 cuius
2558 3504 2798 3575 dextra
2853 3524 3011 3596 pars
3067 3499 3152 3571 ad
3207 3500 3435 3572 locum

112 3603 273 3695 fori,
330 3608 601 3679 sinistra
656 3630 826 3680 uero
880 3631 1040 3704 pars
1095 3612 1386 3704 pertinet
1438 3612 1883 3703 generacioni
1935 3608 2330 3703 Draguzlai.
2435 3605 2701 3679 Deinde
2768 3604 2981 3676 tendit
3035 3605 3121 3675 ad
3174 3614 3436 3701 partem

113 3708 656 3799 meridionalem,
709 3710 822 3784 ubi
878 3711 1108 3785 frutex
1178 3735 1472 3809 quercus
1543 3709 1831 3785 uocatur
1884 3723 1954 3785 et
2004 3712 2191 3785 uadit
2243 3711 2330 3785 ad
2379 3715 2597 3809 pirum
2653 3711 3228 3802 crucesignatum,
3309 3707 3435 3780 snb

113 3836 244 3907 qua
302 3824 411 3887 est
467 3825 645 3887 meta
697 3826 950 3904 terrea,
1006 3816 1162 3888 inde
1216 3818 1402 3889 uadit
1453 3814 1539 3888 ad
1594 3815 1909 3890 arborem
1996 3817 2179 3913 zylfa
2253 3817 2826 3909 crucesignatum,
2893 3811 3052 3885 inde
3125 3811 3305 3884 cadit
3352 3811 3434 3884 ad

111 3918 399 3990 riuulum
458 3916 918 4014 Chebdyn.
997 3919 1110 3991 ubi
1162 3931 1269 3992 est
1323 3929 1531 4008 meta,
1612 3930 1681 3992 et
1733 3920 1822 3993 ibi
1876 3924 2080 3994 sumit
2133 3919 2311 3992 filios
2364 3919 2624 3993 Kundis
2708 3917 2838 3992 sibi
2893 3927 3432 3990 commetaneos.
3513 3975 3520 3980 .

108 4021 382 4095 Deinde
433 4025 567 4095 itur
619 4022 707 4096 ad
761 4021 1189 4096 occidentem
1260 4046 1385 4119 per
1437 4022 1727 4097 eundem
1801 4025 2089 4097 riuulum
2144 4023 2613 4120 Chehdyn..
2694 4045 2930 4120 parum
3010 4021 3235 4095 eundo
3291 4025 3436 4094 exit
3491 4089 3498 4104 ,

113 4125 199 4199 de
256 4126 476 4198 riuulo
532 4125 617 4197 ad
673 4136 921 4199 terram
978 4125 1266 4199 filiorum
1322 4125 1592 4199 Priha
1647 4137 1711 4200 et
1762 4125 2076 4223 peruenit
2129 4127 2217 4200 ad
2252 4138 2501 4201 terram
2560 4127 2842 4201 filiorum
2901 4124 3189 4204 Cueetk.
3246 4131 3437 4198 cuius

112 4230 363 4302 dextra
418 4253 578 4325 pars
633 4231 789 4303 loco
847 4231 1005 4320 fori,
1044 4234 1334 4303 sinistra
1390 4254 1559 4304 uero
1612 4254 1774 4327 pars
1828 4230 1986 4324 filijs
2040 4231 2312 4304 Priha
2366 4234 2673 4305 noscitur
2726 4234 3089 4325 pertinere.
3170 4228 3439 4302 Deinde

111 4337 308 4406 venit
379 4334 461 4408 ad
538 4345 783 4405 metam
867 4345 1160 4407 terream
1235 4335 1318 4408 ad
1394 4334 1851 4422 occidentem,
1934 4335 2182 4408 deinde
2236 4335 2323 4407 ad
2377 4333 2690 4407 fruticem
2761 4355 3081 4429 quercus,
3162 4331 3276 4405 uhi
3333 4341 3439 4404 est

113 4446 293 4509 meta
353 4448 603 4528 terrea.
679 4438 926 4510 deinde
980 4442 1165 4511 uenit
1219 4439 1304 4512 ad
1358 4443 1572 4534 pirum
1631 4443 2207 4534 crucesignatum,
2287 4438 2399 4511 ubi
2455 4448 2563 4511 est
2616 4448 2796 4510 meta
2853 4448 3105 4526 terrea,
3187 4436 3436 4510 deinde

115 4540 201 4614 ad
260 4539 531 4613 fluuium
590 4541 1080 4636 Podgoria,
1159 4542 1269 4614 ubi
1326 4553 1432 4615 est
1485 4554 1665 4615 meta
1719 4555 1966 4615 terrea.
2075 4542 2342 4615 Deinde
2415 4565 2540 4637 per
2593 4542 2886 4614 eundem
2959 4540 3232 4613 fluuium
3307 4564 3438 4612 su-

112 4648 347 4739 perius
403 4645 628 4717 eundo
701 4649 1011 4741 peruenit
1066 4647 1151 4717 ad
1208 4670 1609 4740 inagnum
1666 4657 2044 4742 portum,
2127 4644 2238 4717 ubi
2291 4650 2475 4718 iuxta
2533 4648 2714 4718 viam
2791 4654 2901 4719 est
2954 4656 3130 4716 meta
3186 4653 3434 4716 terrea.

108 4745 384 4820 Deinde
437 4750 521 4820 ad
579 4749 1004 4821 occidentem
1059 4750 1141 4820 ad
1200 4761 1445 4822 metam
1526 4762 1818 4823 terream
1873 4755 1943 4824 in
1998 4753 2240 4822 horozt
2321 4748 2691 4835 fundatam.
2770 4747 2885 4821 ubi
2957 4748 3200 4820 dextra
3273 4769 3435 4844 pars

113 4852 277 4922 loco
332 4852 490 4928 fori.
546 4856 827 4924 sinistra*
870 4876 1037 4925 uero
1097 4876 1253 4947 pars
1310 4853 1466 4947 fitijs
1526 4852 1740 4926 Cuetk
1798 4853 2106 4926 noscitur
2160 4857 2522 4949 pertinere.
2604 4854 2791 4925 Silua
2847 4862 3072 4924 autem
3125 4851 3218 4924 ihi
3271 4856 3437 4924 exi—

113 4966 309 5028 stens
368 4959 744 5028 communis
803 4980 963 5030 esse
1022 4956 1225 5029 debet
1279 4956 1754 5048 iohagionibus
1810 4961 2018 5030 castri
2074 4967 2143 5028 et
2198 4954 2663 5048 castrensibus
2718 4980 2802 5027 ac
2848 4953 3223 5052 hospitibus
3279 4978 3439 5026 me-

109 5062 424 5150 moratis,
480 5064 656 5132 sicut
709 5063 773 5132 in
831 5060 1136 5134 eiusdem
1191 5059 1349 5132 bani
1401 5061 1692 5132 uidimus
1746 5061 1986 5133 litteris
2043 5064 2397 5133 contineri.
2465 5058 2556 5130 Vt
2592 5062 2795 5154 igitur
2846 5063 3177 5156 premissa
3233 5057 3442 5130 robur

114 5173 449 5260 perpetue
505 5162 851 5237 obtineant
921 5164 1277 5252 firmitatis,
1334 5173 1695 5259 presentes
1759 5165 2019 5237 litteras
2071 5167 2140 5237 in
2197 5166 2653 5237 testimonium
2708 5172 3035 5260 perpetue
3111 5163 3437 5235 firmitatis

119 5264 270 5338 dari
323 5266 639 5357 fecimu3‚
694 5268 897 5363 sigilli
950 5271 1163 5342 nostri
1218 5268 1505 5365 duplicis
1578 5270 1944 5340 munimine
2017 5266 2399 5340 roboratas.
2505 5265 2750 5339 Datum
2805 5289 2929 5363 per
2981 5288 3221 5339 manus
3279 5288 3436 5336 ma-

74 5373 311 5466 -gistri
371 5371 755 5465 smaragdi,
813 5365 1135 5446 Albensis
1217 5370 1515 5444 ecclesie
1571 5373 1922 5468 prepositi,
2005 5372 2158 5444 aule
2239 5379 2474 5445 nostre
2556 5370 3132 5462 uicecancellariJ,
3167 5447 3180 5458 ‚
3213 5367 3442 5464 dilecti
