3950 5917
545 405 699 487 m

543 617 818 696 mitata's
853 619 1385 695 Varasdinensis
1430 617 1676 696 Coniti
1708 619 2078 719 Perpetuo,
2131 621 2529 717 &gnatum
2559 619 2969 709 Det-tua„
3023 616 3342 694 &cotim
3373 629 3449 693 et
3480 618 3812 696 slavonios

543 726 737 798 Banu
793 746 878 797 ac
930 722 1456 798 sacratissimae
1526 722 2196 822 Caesareo-Regiae
2258 724 2636 801 Maiestam
2683 721 3121 811 Consiliario,
3163 721 3486 798 ‘Domino
3549 728 3810 820 ipsorum

546 825 1202 904 observandissime.
1276 827 1652 924 Capitulum
1727 829 2094 905 Ecclesiae
2144 828 2589 904 Chasmensis
2667 828 2971 902 Salutem
3039 831 3109 902 in
3181 828 3495 902 Domino.
3598 829 3808 904 Vestra

542 935 821 1007 noverit
871 931 1281 1029 Spectabilis
1333 955 1419 1006 ac
1468 931 1835 1028 Magnifica
1886 935 2300 1024 Dominatio‚
2368 933 2517 1009 Nos
2584 932 2873 1007 Litteras
2949 931 3258 1006 ciusdem
3333 931 3811 1009 introductoriae

541 1047 613 1110 et
674 1040 1065 1111 statutorias
1118 1034 1333 1111 Nobis
1384 1040 1863 1134 praeceptoria
1912 1038 2276 1135 loquentes
2326 1048 2399 1111 et
2438 1037 2739 1112 directas
2791 1034 3055 1110 honore
3108 1044 3179 1109 et
3219 1038 3631 1124 reverentia,
3677 1040 3807 1131 qui-

540 1139 672 1219 bus
726 1143 957 1215 decuit
1009 1151 1079 1214 et
1129 1141 1338 1231 licuit,
1392 1144 1749 1238 recepisse
1799 1146 1868 1214 in
1919 1142 2096 1215 haec
2148 1139 2402 1214 verba:
2499 1141 2763 1213 Amicis
2834 1143 2978 1213 suis
3045 1139 3479 1214 Reverendis
3548 1136 3811 1234 Capitale

542 1245 910 1323 Ecclesiae
966 1243 1434 1337 Chasmensis.‚
1515 1244 1769 1319 Comes
1821 1245 2123 1319 Thomas
2175 1245 2459 1343 Erdody
2511 1244 2599 1317 de
2648 1242 3239 1340 Monyorohorek„
3290 1241 3541 1316 lentis
3592 1242 3809 1315 Claudii

540 1362 620 1427 et
672 1350 1049 1424 Comitatus
1102 1349 1635 1424 Varasdineusis
1696 1348 1952 1424 Comes
2003 1360 2398 1446 perpetuus„
2468 1348 2862 1443 Regnorum
2936 1347 3342 1431 Dalmatiae,
3413 1345 3715 1419 Croatiae
3759 1358 3810 1418 et

544 1455 966 1532 sclavoniae
1016 1453 1248 1527 Banus
1303 1476 1389 1527 ac
1440 1453 1703 1527 Sacrae
1757 1452 2430 1548 Caesareo-Regiae
2479 1451 2855 1525 Maiestatis
2909 1450 3381 1539 Consiliarius,
3434 1450 3718 1522 Salutem
3757 1462 3811 1520 ot

541 1560 933 1634 Amicitiam
988 1567 1291 1654 paratam
1345 1579 1500 1632 cnm
1553 1557 1839 1631 honore.
1944 1558 2205 1630 Dicitur
2253 1555 2470 1630 Nobis
2522 1560 2590 1629 in
2645 1557 2960 1652 personis
3018 1553 3601 1650 infrascriptorum
3647 1557 3810 1626 unius

542 1662 899 1738 Sessionis
935 1660 1276 1735 Nobilium
1310 1665 1380 1735 in
1417 1660 1751 1735 Comitatu
1772 1661 2102 1737 Crisiensi
2139 1661 2553 1756 degentium,
2593 1659 2934 1753 quomodo
2955 1663 3084 1756 ipsi
3102 1679 3497 1754 uxoresque
3516 1656 3808 1730 eth-aues

540 1767 923 1841 eorundem
993 1766 1683 1860 congenerationales
1753 1776 1823 1839 et
1874 1765 2456 1840 condivisionales
2527 1768 2596 1836 in
2663 1785 2996 1859 possessu
3065 1762 3813 1856 infraspecilicandorum

540 1871 887 1945 Bonorum
943 1891 1069 1966 pro
1121 1892 1303 1942 nunc
1353 1873 1425 1941 in
1476 1870 1736 1942 eisdem
1789 1874 2238 1964 persistent-es
2293 1879 2362 1941 et
2412 1871 2774 1964 portionati
2829 1871 2897 1939 in
2941 1867 3326 1940 Dominium
3376 1862 3552 1938 infra
3601 1864 3812 1936 decla-

540 1976 904 2049 randorum
955 1977 1338 2071 portionum
1391 1977 2094 2071 possessicnariarum
2130 1985 2200 2046 et
2245 1970 2595 2046 Curiarum
2639 1971 3135 2056 Nobilitarium,
3188 1969 3516 2043 videlicet
3560 1966 3816 2042 Michael

544 2076 875 2152 Chochak
928 2081 993 2150 in
1043 2076 1383 2166 Kobiline‚
1437 2076 1680 2150 Petrus
1731 2077 2141 2173 Maydrngh,
2196 2077 2581 2171 Stephanus
2625 2075 2941 2170 Pomper,
2997 2074 3322 2147 Nicolaus
3360 2082 3432 2144 et
3465 2071 3812 2168 Stephanus

542 2181 980 2270 Turkovich.,
1058 2181 1393 2255 Antonius
1471 2191 1541 2253 et
1608 2181 1899 2254 Mathias
1965 2180 2322 2271 Kuzmich,
2385 2180 2694 2253 Joannes
2764 2180 3074 2251 Stnrlecz
3145 2181 3213 2249 in
3278 2175 3698 2250 Jakussovcz
3758 2182 3817 2246 et

541 2279 753 2362 Felso
825 2285 1266 2382 Radusycsy,
1335 2283 1626 2378 Mathias
1679 2283 2214 2383 Voynovechky
2279 2284 2475 2356 aliter
2542 2281 2823 2356 Zokach
2892 2287 2960 2357 in
3016 2282 3480 2377 Voymvmy,
3547 2280 3816 2352 Joaanes

542 2391 743 2465 Fliok
796 2391 882 2464 de
937 2390 1360 2478 Hisauovcz,
1413 2389 1797 2486 Stephanus
1854 2389 2113 2462 Golecz
2175 2392 2243 2460 in
2298 2387 2602 2483 praefata
2658 2388 3078 2469 nisanovoz,
3147 2384 3478 2459 Martinus
3530 2383 3813 2460 Plavooz,

540 2496 852 2568 Joannes
905 2493 1193 2583 Kesser,
1242 2491 1536 2566 Michael
1589 2494 1816 2587 Striga
1872 2496 1939 2565 in
1993 2491 2410 2566 Drobkovcz
2465 2502 2536 2564 et
2586 2490 2983 2579 Zaiztovcz,
3035 2489 3363 2562 Martinus
3414 2488 3696 2562 Plavecz
3739 2483 3816 2556 de

542 2598 944 2695 Ugrinovcz
1000 2603 1068 2671 in
1120 2596 1444 2693 Popovcz
1517 2598 1713 2670 aliter
1782 2597 2207 2691 Ugriuovcz,
2288 2595 2538 2669 Paulus
2590 2595 2848 2668 Golecz
2902 2594 2989 2667 de
3042 2592 3436 2665 Finchovcz
3493 2595 3559 2665 in
3607 2587 3816 2664 eadem

540 2703 941 2779 Finchovcs
993 2702 1192 2774 aliter
1239 2700 1720 2793 Breztovicza,
1771 2700 2102 2775 Martinus
2155 2699 2582 2774 Chernchich
2635 2698 2723 2773 de
2777 2698 3229 2785 Gestavincz,
3279 2695 3634 2770 Ladislaus
3671 2691 3816 2768 zta-

538 2807 684 2882 nek
732 2810 804 2880 in
856 2805 1203 2903 praedicta
1264 2802 1685 2878 Gostovincz
1741 2815 1812 2878 ot
1859 2804 2198 2890 Rewche„
2269 2802 2495 2876 Lukas
2559 2803 2755 2877 Kooz
2809 2807 2878 2875 in
2928 2801 3298 2897 Kolarmy,
3369 2799 3610 2872 Petrus
3656 2795 3816 2868 Lan-

543 2908 765 2987 schah
833 2914 903 2983 in
974 2907 1454 2998 Lukachovcz‚
1523 2909 1833 2982 Joannes
1890 2907 2144 2993 Guzar„
2213 2908 2455 2981 Petrus
2509 2904 3018 2993 Zerhlinovich.⁵
3090 2905 3411 2978 Andreas
3461 2900 3705 2976 Jussak
3761 2903 3815 2968 in

540 3012 1036 3109 Bogachevina
1091 3013 1286 3086 aliter
1336 3012 1715 3110 Sipovczy‚
1765 3013 2075 3085 Joannes
2129 3010 2552 3096 Mrazovich,
2609 3010 2953 3104 Georgius
2995 3007 3298 3083 Koritich
3349 3010 3420 3079 in
3455 3006 3818 3086 Mrazovca

541 3116 796 3191 Paulus
852 3114 1137 3207 GoIecz,
1189 3116 1485 3191 Michael
1535 3117 1599 3190 N
1603 3140 1841 3190 emecz
1890 3120 1959 3190 iu
2011 3115 2432 3205 Finchovcz,
2485 3114 2747 3188 Vincza
2803 3124 2874 3186 et
2925 3114 3403 3200 Brontovicza,
3477 3115 3583 3183 sic
3627 3109 3818 3182 dicta-

534 3239 694 3295 ·rum
744 3218 1303 3309 Possessionum,
1357 3244 1491 3294 nec
1541 3244 1681 3295 non
1732 3223 2064 3317 portionis
2109 3224 2414 3316 ipsorum
2467 3219 3059 3315 promonthorialis
3113 3215 3356 3290 Velika
3393 3214 3618 3289 Obres
3665 3233 3819 3286 nun-

538 3333 862 3421 cupatae,
933 3328 1210 3399 omnino
1280 3328 1349 3398 in
1399 3326 1751 3422 praedicto
1805 3324 2143 3399 Comitatu
2197 3320 2527 3398 Crisiensi
2595 3334 2667 3396 et
2717 3323 2851 3394 hoc
2903 3322 3149 3415 Regno
3219 3321 3638 3393 Sclaveniae
3685 3317 3821 3392 exi-

540 3425 878 3504 stentibus
934 3428 1339 3518 habitorum,
1387 3434 1635 3525 vigore
1688 3451 1918 3502 novae
1971 3429 2379 3501 Donationis
2430 3426 2874 3500 Illustrissimi
2925 3426 3198 3499 Domini
3236 3423 3522 3496 Comitis
3578 3418 3822 3510 Georgii

538 3531 817 3606 Thurzo
871 3533 959 3605 de
1009 3532 1493 3625 Bettlenfalva‚
1543 3533 1770 3629 Regni
1823 3533 2216 3627 Hungariao
2267 3531 2547 3604 Palatini
2602 3541 2672 3603 et
2712 3530 2971 3603 Judicis
3025 3528 3482 3602 Cumanorum
3535 3545 3666 3600 nec
3709 3542 3822 3596 non

538 3635 635 3710 de
683 3637 878 3710 Arva
930 3640 1240 3734 pelpetui
1300 3637 1744 3732 eiusdemque
1797 3636 2173 3710 Comitatus
2225 3635 2543 3731 Supremi
2595 3656 2679 3706 ac
2729 3634 3047 3731 Perpetui
3101 3631 3383 3706 Comitis
3453 3653 3541 3704 ac
3592 3630 3826 3702 Sacra-

538 3743 789 3813 tissimi
821 3740 1154 3838 Principis
1186 3751 1258 3815 et
1290 3741 1564 3815 Domini
1601 3741 1923 3830 Mathiae,
1975 3739 2107 3811 Dei
2143 3736 2374 3812 Gratia
2417 3739 2623 3811 electi
2656 3737 3119 3812 Romanorum
3171 3736 3609 3833 Imperatoris
3659 3751 3823 3806 som·

539 3857 671 3941 per
721 3845 1043 3941 Augusti,
1097 3870 1182 3918 ac
1236 3844 1672 3936 Germaniae,
1725 3845 2146 3940 Hungariae,
2196 3842 2705 3938 Bohemiaeque
2751 3841 2993 3936 Regis,
3046 3840 3458 3915 Archiducis
3509 3837 3825 3916 Auentino,

538 3948 758 4022 Ducis
801 3949 1237 4043 Burgundios
1282 3948 1664 4023 Consiliarii
1718 3959 1789 4022 et
1820 3971 1948 4045 per
1981 3948 2396 4041 Hungariam
2432 3946 3008 4036 Locumtenenti's,
3058 3945 3377 4041 Jurisque
3413 3943 3620 4037 Regii
3666 3943 3826 4035 ipsos

538 4057 794 4126 virtute
845 4057 1270 4150 praemissae
1327 4055 1730 4128 Donationis
1775 4063 2106 4150 perpetuo
2147 4055 2306 4145 jure
2357 4053 2838 4124 concernentia
2891 4050 3193 4144 legitime
3246 4048 3507 4122 vellent
3558 4047 3826 4119 introire·

538 4156 772 4253 Super
842 4179 977 4252 quo
1048 4156 1433 4231 Amicitiam
1498 4159 1819 4231 Vestram
1891 4157 2127 4230 harum
2202 4158 2385 4228 serie
2453 4155 2800 4228 hortamur
2869 4165 2938 4227 et
2989 4156 3392 4248 requirimus
3465 4155 3574 4226 ac.
3605 4146 3828 4252 nihilo·

544 4264 770 4336 minus
849 4260 1280 4334 Authoritate
1333 4272 1566 4335 nostra
1646 4262 2044 4350 ludium-ia,
2124 4283 2256 4357 qua
2327 4260 2667 4353 fungimur
2736 4257 3000 4346 Banali„
3057 4256 3258 4330 vobis
3330 4256 3731 4329 comittimus
3775 4255 3828 4319 ct

550 4364 976 4454 mandamus,
1028 4374 1360 4461 quatenus
1414 4371 1714 4461 acceptis
1765 4364 2268 4462 praesentibus.
2322 4363 2642 4435 Vestrum
2695 4366 2969 4436 mittatis
3018 4361 3392 4448 hominem,
3445 4369 3684 4432 vestro
3729 4371 3831 4448 pro

542 4472 941 4542 testimonio
1012 4467 1449 4563 fidedignnm,
1531 4492 1666 4566 quo
1719 4478 2086 4565 praesente
2137 4467 2420 4560 Egregii
2466 4478 2534 4539 et
2570 4464 2852 4541 Nobiles
2902 4464 3198 4539 Michael
3248 4462 3519 4536 Har-cha
3577 4462 3662 4534 de
3709 4456 3829 4530 zn-

544 4571 885 4646 mladincz
931 4573 1051 4646 vel
1080 4572 1387 4646 Joannes
1422 4574 1811 4670 Berdoczy,
1864 4596 1949 4645 ac
1980 4572 2223 4645 Petrus
2254 4570 2666 4670 Zakmardy‚
2719 4572 2998 4644 Judices
3033 4568 3371 4642 Nobilium
3417 4561 3829 4662 praeallegati

540 4673 926 4774 ‘Comitatus
963 4675 1356 4762 Crisiensis,
1410 4680 1560 4752 aliis
1599 4675 2020 4765 absentibus,
2075 4677 2279 4749 homo
2333 4687 2570 4750 noster
2620 4677 2919 4764 sanatis„
2974 4699 3096 4769 per
3130 4673 3275 4745 Nos
3329 4671 3718 4767 specialiter
3761 4662 3828 4734 ad

544 4782 618 4854 id
670 4785 1140 4872 transmissus,
1196 4782 1555 4857 adsocies
1616 4781 2111 4878 praedictarum
2163 4780 2691 4854 Possessionum
2745 4778 3085 4864 Kohiline„
3138 4777 3603 4861 Jakussovcz‚
3655 4760 3828 4844 Felsi')

546 4886 973 4982 Radusichy,
1025 4885 1487 4986 Voynovczy,
1550 4883 1969 4975 nisannvoz,
2025 4884 2467 4974 Drobkovcz,
2520 4885 2913 4972 Zaistovcz‚
2967 4883 3290 4978 Popovcz
3345 4881 3545 4953 aliter
3595 4875 3825 4968 Vaga·-

542 5009 805 5078 πονοι,
870 4989 1263 5063 Finchovcz
1338 4992 1534 5064 aliter
1605 4989 2080 5075 Breztovicza,
2154 5000 2789 5086 consequenterque
2856 4995 3402 5084 praenotatarum
3473 4984 3825 5080 portionum

546 5096 1255 5194 possessiouariarnm
1320 5106 1391 5167 et
1441 5093 1790 5169 Curiorum
1860 5094 2330 5170 Nobilitarium
2383 5097 2450 5166 in
2506 5093 2764 5168 eisdem
2837 5090 3237 5180 habitarum„
3307 5111 3438 5163 nec
3493 5105 3634 5162 non
3684 5101 3826 5179 por·

544 5204 757 5271 tionis
827 5198 1419 5293 promonthorialis
1490 5197 1733 5272 Velika
1778 5198 2028 5291 Glires,
2101 5198 2361 5272 Vicinis
2431 5208 2501 5272 et
2570 5196 3006 5271 Cometanois
3078 5193 3446 5268 emundent
3519 5185 3828 5264 universis

547 5305 713 5375 inibi
748 5299 1049 5393 legitime
1092 5307 1495 5377 convocatis
1530 5316 1600 5379 et
1633 5302 2107 5398 praesentibus
2141 5300 2627 5377 accedentibus
2657 5300 3041 5376 introducat
3092 5305 3677 5394 praememoratos
3709 5310 3826 5360 cx-
