3950 5917
3263 429 3421 504 271

1420 938 1706 1025 CLX
1724 941 1806 1021 Χ
1822 941 2127 1023 xlv.

540 1226 745 1298 Anno
817 1225 1053 1298 1517.
1125 1227 1345 1299 Fer-ia
1400 1227 1472 1298 4.
1527 1235 1692 1298 ante
1742 1228 1991 1318 festum
2049 1228 2132 1301 B.
2189 1229 2505 1301 Manciae
2556 1230 2690 1325 Ap.
2750 1228 3015 1304 Eudae.

160 1508 687 1591 Ludovicus
750 1511 840 1593 11.
903 1511 1134 1618 Rex,
1230 1490 1329 1594 ut
1410 1514 1935 1594 inchoatae
2001 1528 2465 1622 octavae,
2530 1517 2805 1597 nullo
2870 1515 3197 1617 Budae
3263 1542 3428 1600 ce-

166 1648 834 1732 lebrandorum
926 1651 1366 1733 brevium
1436 1653 2038 1759 judiciorum
2101 1654 2437 1734 habito
2500 1661 3020 1763 respectu,
3117 1664 3435 1738 conti·-

1104 1795 1384 1871 nuari
1446 1795 1872 1897 possint,
1936 1797 2446 1899 permittit.

1980 2059 2352 2123 commissio
2391 2064 2666 2143 propria
2726 2025 2974 2126 domini
3014 2063 3221 2144 Regis.

426 2266 846 2356 Lodouicuffi
924 2267 1053 2340 Dei
1106 2270 1340 2361 gracia
1394 2266 1551 2348 Rex
1630 2268 1976 2362 Huugarie
2030 2277 2100 2343 et
2149 2268 2482 2344 Bobemie
2533 2275 2660 2343 dcc.
2765 2271 3108 2345 Fidelibus
3180 2276 3432 2346 nostris

138 2367 536 2446 Reuerendo
590 2374 661 2444 in
714 2367 983 2446 Christo
1034 2375 1208 2466 patri
1261 2371 1535 2444 domino
1588 2371 1794 2445 Petro
1845 2372 2173 2469 Bel-ymo,
2245 2373 2590 2471 Episcopo
2632 2374 2951 2450 Ecclesie
3001 2375 3425 2472 Wesprimi-

153 2476 317 2550 ensis
365 2497 449 2550 ac
495 2476 894 2569 Regnorum
948 2486 1335 2552 nostrorum
1389 2475 1768 2565 Dalmacie‚
1819 2475 2109 2552 Croacie
2164 2487 2234 2550 et
2280 2478 2648 2554 Sclauonie
2699 2479 2920 2569 Bane.
2971 2479 3140 2553 Item
3191 2479 3432 2575 Egre-

146 2579 265 2669 giis
310 2579 691 2654 Balthasari
745 2578 833 2653 de
883 2578 1217 2675 Batthyan
1272 2589 1343 2651 et
1393 2579 1589 2653 alteri
1639 2579 2021 2654 Balthasari
2074 2581 2160 2654 de
2212 2580 2418 2678 Alap,
2498 2581 2900 2674 mechania,
2964 2606 3049 2655 ac
3100 2582 3432 2678 Magistro

150 2680 466 2778 Stephano
522 2683 927 2780 Henczelss'y
982 2682 1067 2756 de
1120 2684 1508 2773 Petrowca‚
1588 2683 1847 2756 Judicis
1901 2689 2090 2758 curie
2163 2696 2399 2762 nostre
2454 2697 2524 2760 et
2576 2687 2886 2762 eiusdem
2939 2687 3190 2781 Regni·
3218 2687 3432 2762 Sela-2-

150 2788 327 2860 uonie
376 2788 918 2883 prothonotario‚
972 2810 1105 2860 nec
1155 2809 1294 2860 nou
1347 2786 1705 2864 Vniuersis
1757 2788 2009 2861 Juratis
2063 2789 2538 2872 assessoribus
2581 2790 2787 2866 Sedis
2839 2791 3206 2866 Judiciarie
3260 2813 3432 2888 pre-

151 2886 287 2962 dicti
351 2890 582 2987 Regni
653 2891 1019 2964 Sclauonie
1090 2889 1390 2963 Salutem
1447 2901 1516 2963 et
1583 2895 1904 2983 graciam.
2012 2889 2344 2974 Miserant,
2409 2892 2650 2968 fideles
2721 2899 2939 2970 nostri
3005 2895 3432 2980 Vniuersitns

150 2988 459 3067 Nobilium
513 2999 711 3068 istius
764 2995 989 3090 Regni
1039 2994 1370 3067 Nuncium
1427 3005 1495 3067 et
1530 3007 1871 3069 oratorem
1924 3000 2226 3092 ipsorum
2263 2997 2345 3069 ad
2392 2997 2818 3071 Maiestatem
2858 3010 3185 3091 nostram,
3225 3000 3433 3073 Cuius

149 3097 348 3172 medio
399 3101 865 3196 supplicarunt
915 3097 1137 3184 nobis.
1190 3109 1269 3172 vt
1319 3110 1679 3193 presentes
1730 3110 2020 3172 octauas
2071 3104 2256 3172 circa
2309 3101 2560 3176 festum
2604 3102 3128 3199 Epiphaniamm
3181 3105 3436 3178 domini

150 3206 437 3293 proxime
518 3206 912 3299 preteritum
983 3202 1336 3276 inchoatas
1408 3202 1741 3276 celebrari
1796 3212 1865 3275 et
1915 3204 2002 3275 ad
2050 3203 2253 3276 finem
2307 3226 2529 3301 vsque
2601 3209 2976 3279 continuari
3044 3211 3434 3302 permittere

150 3301 586 3398 dignaremur.
691 3306 837 3380 Nos
893 3311 1244 3403 cupientes
1293 3303 1586 3380 libertati
1639 3318 1709 3382 et
1759 3310 2181 3381 incremento
2237 3318 2450 3383 status
2504 3310 2811 3384 eiusdem
2862 3310 3088 3404 Regni
3141 3314 3316 3382 sicut
3361 3314 3429 3383 in

148 3408 436 3485 omnibus
494 3412 696 3485 licitis
750 3422 821 3484 et
872 3409 1205 3495 honestis.
1257 3414 1351 3482 ita
1405 3414 1623 3484 eciam
1676 3415 1746 3484 in
1796 3410 1931 3485 hoc
1984 3414 2379 3508 prospicere
2433 3422 2504 3485 et
2557 3414 2959 3488 consulere:
3015 3412 3429 3508 Scripsimus

145 3508 398 3588 Eisdem
454 3538 585 3612 per
637 3516 805 3588 alias
857 3524 1131 3588 nostras
1182 3514 1445 3604 literas,
1499 3515 1678 3612 quod
1731 3514 2115 3590 huiusmodi
2167 3526 2449 3590 octauas
2504 3516 2587 3590 ad
2643 3519 3188 3615 supplicaciones
3230 3519 3435 3614 ipso·-

143 3635 271 3689 rum
340 3619 682 3693 celebrari
736 3628 807 3691 et
859 3621 1234 3692 continuari
1286 3639 1411 3714 per
1459 3639 1593 3695 vos
1638 3621 2115 3712 iussissemus.
2221 3620 2448 3708 Quare
2518 3619 2820 3694 fidelitati
2890 3629 3125 3696 vestre
3195 3620 3434 3695 harum

144 3724 308 3795 serie
360 3721 649 3796 firmiter
699 3725 1174 3797 committimus
1227 3733 1297 3796 et
1343 3723 1767 3814 mandamus,
1840 3733 2172 3820 quatenus
2226 3727 2526 3821 acceptis
2578 3723 3036 3821 presentibus,
3105 3745 3243 3799 non
3298 3747 3436 3799 cu-

140 3834 273 3898 rato
327 3849 444 3919 eo,
503 3828 685 3925 quod
736 3829 805 3900 in
857 3829 1173 3922 proximo
1226 3827 1337 3899 hic
1380 3826 1571 3902 Bude
1606 3827 1868 3901 Judicia
1905 3828 2151 3902 Breuia
2206 3826 2727 3903 celebrabuntur
2759 3828 2873 3903 vel
2910 3851 3076 3920 non,
3129 3828 3278 3905 Vos
3314 3831 3435 3904 ni-

143 3926 535 4006 chilominus
585 3931 967 4004 huiusmodi
1021 3941 1329 4020 octenas,
1385 3940 1584 4026 provt
1633 3934 1938 4027 cepistis,
1995 3931 2350 4007 celebrare
2404 3942 2474 4007 et
2526 3933 2613 4007 ad
2668 3932 2874 4008 finem
2927 3956 3149 4030 vsque
3201 3936 3434 4008 conti-

136 4051 332 4109 nuare
387 4059 477 4109 ac
531 4033 965 4110 causantibus
1019 4044 1089 4109 et
1138 4033 1549 4129 litigantibus
1604 4034 2009 4131 quibuslibet
2061 4037 2431 4112 secundum
2485 4037 2702 4112 Deum
2738 4038 3092 4114 Justiciam
3138 4037 3437 4112 admini-

136 4143 340 4211 strare
392 4137 710 4213 debeatis
762 4149 835 4212 et
878 4140 1268 4213 teneamini.
1374 4137 1578 4216 Arme
1631 4139 1810 4211 nulla
1863 4139 2173 4213 Racioue
2227 4138 2463 4215 facere
2513 4142 2841 4218 audeatis.
2947 4142 3192 4216 Datum
3242 4141 3438 4217 Bude

135 4235 295 4313 feria
348 4252 592 4339 quarta
647 4246 954 4340 proxima
1010 4253 1168 4320 ante
1221 4241 1469 4318 festum
1522 4240 1713 4332 Beati
1765 4242 2018 4320 Mathia
2070 4243 2408 4342 Apostoli.
2489 4245 2700 4320 Anno
2743 4246 3019 4324 Douiini
3068 4245 3438 4322 Millesimo

142 4338 693 4442 Quingentesimo
748 4347 1014 4421 decimo
1060 4350 1369 4444 septimo.

1229 4579 1549 4660 (Siqn'llum
1592 4580 1851 4660 Ray-'um
1906 4587 2336 4682 appreensa.)

135 4840 271 4912 Orig-
304 4847 474 4899 oerth.
510 4848 562 4899 in
598 4845 825 4900 Arcln‘vo
862 4847 1028 4917 Remi
1064 4845 1319 4900 croatiae.
1356 4847 1491 4900 Prin
1526 4847 1613 4899 Er.
1654 4848 1769 4900 129.
