3950 5917
502 408 659 482 3oe

1905 988 2423 1116 ccxxv.

1392 1303 1599 1372 Anno
1662 1300 1895 1373 1703.
1969 1302 2083 1374 dte
2113 1301 2268 1403 *⁴15.
2329 1301 2542 1404 lunii.
2614 1299 2942 1372 Viennae.

492 1589 1053 1695 Leopoldus
1112 1588 1343 1670 Rex
1406 1588 1927 1693 Valachos,
2015 1592 2270 1668 inter
2355 1585 2683 1692 Unam,
2775 1585 3206 1690 Colapim
3298 1597 3390 1666 et
3475 1585 3801 1666 Savum

500 1731 869 1808 fluvios
932 1728 1463 1832 degenteS,
1528 1724 2341 1831 RegniCroatiae
2388 1725 2817 1828 Banique
2870 1725 3558 1830 Jurisdictioni
3601 1723 3802 1803 subs-

1017 1867 1242 1970 jicit
1305 1889 1410 1943 ac
1472 1862 2148 1969 Capitneatum
2207 1861 2883 1944 Petrineusem
2958 1861 3312 1940 abolet.

812 2161 956 2236 Nos
1010 2160 1400 2258 Leopoldus
1469 2161 1716 2235 Divina
1773 2160 2083 2234 Favente
2139 2159 2514 2232 Clementia
2567 2158 2847 2232 Electus
2908 2157 3370 2231 Romanorum
3443 2158 3804 2254 Imperator

502 2266 795 2362 Semper
864 2266 1218 2359 Augustus
1272 2288 1357 2336 ac
1409 2265 1847 2354 Germaniae,
1916 2264 2317 2347 Bohemiae,
2389 2263 2797 2352 Dalmatiae,
2870 2261 3189 2335 Croatiae
3260 2271 3330 2334 et
3400 2261 3800 2334 Sclavoniae

493 2369 676 2460 Rex,
728 2369 1088 2442 Archidux
1131 2369 1483 2456 Austriae,
1537 2368 1697 2439 Dux
1730 2366 2194 2461 Burgundiae,
2250 2366 2548 2462 Styriae,
2605 2364 3018 2457 Cariuthiae,
3075 2363 3462 2438 Carnioliae
3506 2375 3578 2437 et
3611 2365 3795 2436 Wir-

498 2469 968 2566 thembergae,
1023 2472 1413 2568 Superioris
1467 2481 1539 2543 et
1576 2470 1929 2544 Inferioris
1967 2463 2288 2559 Silesiae,
2339 2469 2647 2543 Marchio
2684 2469 3069 2558 Moraviae,
3125 2469 3518 2565 Superioris
3573 2478 3642 2541 et
3689 2466 3798 2540 In-

501 2576 774 2649 ferioris
827 2576 1170 2664 Lusatiae,
1244 2574 1497 2647 Comes
1549 2574 1963 2667 Habsburgi,
2036 2573 2309 2669 Tyrolis
2364 2584 2434 2644 et
2486 2573 2789 2646 Goritiae
2844 2578 2972 2646 dcc.
3028 2572 3339 2646 omnibus
3393 2583 3464 2645 et
3515 2571 3798 2664 Singulis

501 2679 916 2753 Valachicae
952 2678 1291 2767 Nationis,
1341 2682 1511 2750 intra
1546 2676 1828 2768 Wnam,
1885 2676 2190 2774 Colapim
2229 2687 2298 2750 et
2333 2676 2593 2750 Zavum
2634 2680 3040 2767 constitutis,
3094 2675 3519 2749 officialibus
3563 2676 3796 2748 milita-

498 2784 711 2873 ribus,
750 2783 1058 2873 Knezijs,
1112 2785 1545 2874 caeterisque
1602 2780 1957 2873 Gregarijs
2012 2804 2095 2852 ac
2148 2780 2393 2852 incolis
2460 2777 2708 2851 ibidem
2765 2778 3380 2870 Commorantibus,
3434 2780 3630 2852 hisce
3678 2778 3799 2850 be-

498 2890 706 2980 nigne
758 2895 991 2958 notum
1044 2882 1355 2956 facimus.
1463 2883 2044 2970 Quemadmodum
2101 2883 2451 2978 hucusque
2491 2882 2648 2955 nihil
2694 2885 3101 2980 propensius
3139 2886 3564 2972 curavimuS,
3618 2903 3795 2976 quam

496 2998 566 3059 ut
618 2987 1035 3060 Valachicae
1088 2985 1400 3060 Nationis
1473 2989 1691 3083 (quae
1745 2985 1832 3059 ob
1883 2986 2230 3081 Insignem
2287 2986 2647 3059 Christiani
2719 2991 2823 3059 sui
2878 2986 3026 3058 Zeli
3096 2987 3452 3081 impulsum
3511 3003 3798 3059 excusso

496 3091 832 3163 Turcicae
885 3090 1248 3164 Servitutis
1292 3091 1481 3186 'Jugo
1538 3092 1716 3164 Suas
1774 3094 1948 3162 intra
2001 3091 2248 3178 Unam,
2322 3088 2671 3184 Colapiam
2726 3100 2794 3161 et
2846 3089 3104 3163 Savum
3160 3094 3430 3185 quietae
3487 3109 3798 3185 perman-

497 3196 710 3267 sionis
791 3196 1089 3289 novique
1167 3193 1585 3284 Patrimonii,
1656 3217 1694 3266 a
1749 3204 1986 3266 nostra
2040 3193 2398 3266 Maiestate
2454 3193 2799 3266 Caesarea
2855 3193 3212 3289 Regiaque
3284 3197 3450 3288 ipsis
3511 3212 3796 3264 conces-

493 3320 635 3386 sas,
690 3294 937 3369 fixerat
991 3296 1242 3388 Sedes,
1299 3297 1601 3370 Salutem
1658 3320 1742 3369 ac
1794 3297 2370 3392 Tranquillitatem
2428 3319 2581 3369 cum
2638 3300 2821 3368 omni
2878 3300 3345 3392 prosperitatis
3403 3294 3643 3370 Civilis
3695 3300 3796 3366 in—

496 3411 845 3474 cremento
916 3423 1507 3497 promoveremus,
1611 3400 1710 3473 Ita
1767 3402 1952 3473 Sane
2006 3401 2169 3473 nihil
2236 3399 2576 3495 indignius
2631 3405 2896 3496 experti
2951 3423 3210 3489 sumus,
3266 3423 3399 3472 nec
3451 3400 3796 3494 quidquam

494 3507 733 3584 maiori
788 3527 940 3577 cum
995 3508 1200 3578 animi
1253 3504 1632 3599 egritudine
1688 3505 2171 3594 intelleximus,
2246 3526 2444 3598 quam
2501 3504 2680 3598 quod
2735 3503 2978 3576 eadem
3036 3501 3392 3576 Generosa
3448 3503 3654 3575 Natio
3703 3504 3796 3576 si-

490 3611 722 3681 nistris
776 3607 935 3680 hinc
1006 3607 1165 3684 inde
1217 3607 1779 3703 persvasionibus
1836 3613 1903 3680 iu
1958 3611 2368 3680 contrarium
2423 3618 2602 3696 acta,
2676 3606 2957 3700 Consilij
3031 3612 3246 3681 nostri
3300 3606 3527 3680 Aulae
3585 3606 3796 3678 Bellici

493 3710 789 3784 decretis
842 3710 1198 3808 publicatis
1255 3710 1548 3783 debitum
1602 3733 1739 3783 non
1793 3714 2091 3803 gesserit
2145 3732 2433 3798 morem,
2489 3714 2928 3806 sepositaque
2980 3710 3219 3783 Banali
3273 3722 3343 3783 et
3392 3709 3623 3803 Regni
3672 3732 3795 3781 no·

493 3818 611 3886 stri
685 3812 1003 3887 Croatiae
1069 3815 1497 3887 Auctoritate
1562 3823 1631 3885 et
1679 3814 2192 3903 Jurisdictione,
2265 3817 2487 3886 munia
2561 3837 2683 3887 sua
2756 3814 3063 3885 militaria
3138 3814 3362 3887 eidem
3418 3814 3795 3886 concredita

492 3915 684 3991 obire
748 3923 1203 4006 recusaverit,
1273 3919 1639 4014 pluresque
1711 3917 1881 3991 alias
1948 3916 2451 3990 inobedientiae
2506 3940 2590 3988 ac
2640 3916 3065 3989 turbulentae
3120 3921 3321 3989 etiam
3392 3920 3795 4013 pervicatiae

490 4031 689 4094 notas
743 4021 1096 4108 aediderit,
1178 4025 1314 4093 imo
1367 4025 1435 4094 in
1493 4043 1710 4116 nuper
1765 4020 2171 4094 demandato
2254 4020 2499 4093 abhinc
2579 4022 2894 4111 territorij
2968 4019 3316 4093 Novensis
3390 4024 3641 4115 vigore
3693 4019 3790 4091 al-

487 4145 645 4196 mae
716 4130 906 4222 pacis
963 4125 1047 4197 ad
1110 4136 1373 4220 portam
1427 4123 1922 4197 Ottomanicam
1978 4125 2415 4219 resignandi,
2499 4133 2653 4195 actu
2737 4128 3207 4212 cessionario,
3287 4123 3473 4221 Alay
3551 4125 3792 4219 Regum

485 4225 812 4320 Bosniae,
884 4237 1201 4324 tanquam
1257 4250 1351 4299 ex
1406 4227 1604 4300 Parte
1668 4228 1918 4301 Portae
1991 4228 2464 4301 Ottomanicae
2538 4233 2970 4300 constitutum
3010 4235 3129 4302 'eo
3200 4225 3338 4299 fine
3393 4232 3794 4300 commissa-

368 4339 383 4348 “
484 4334 684 4421 rium,
766 4334 1052 4426 ejusque
1117 4331 1466 4421 cohorteS,
1548 4335 1929 4424 conjunctis
1995 4333 2251 4427 aliquot
2326 4341 2735 4402 armatorum
2789 4331 3108 4421 millibus,
3188 4331 3528 4404 hostiliter
3605 4351 3791 4427 pror-

486 4456 604 4508 sus
684 4434 1038 4530 pacifrage
1118 4439 1468 4508 invaserit.
1549 4435 1674 4507 His
1754 4439 1985 4530 itaque
2066 4438 2415 4522 commoti,
2507 4433 2593 4506 ad
2665 4433 3079 4508 avertendas
3161 4439 3443 4529 quasvis
3518 4436 3792 4506 ulterio-

482 4559 600 4609 res
675 4548 960 4611 eatenus
1034 4537 1494 4613 Confusiones
1567 4562 1651 4611 ac
1704 4540 1907 4626 mala,
1978 4561 2157 4633 quae
2226 4542 2297 4611 in
2350 4538 2629 4630 Servitij
2706 4541 2920 4610 nostri
2991 4541 3228 4634 reique
3299 4537 3616 4634 publicae
3669 4537 3788 4610 de·-

479 4645 866 4714 trimentum
947 4666 1040 4715 ex
1114 4643 1411 4738 longiori
1500 4666 1726 4715 rerum
1799 4643 1930 4715 illis
2002 4647 2073 4715 in
2144 4641 2446 4738 partibus
2535 4641 3007 4715 incertitudine
3097 4640 3409 4715 suborire
3495 4649 3786 4737 possent.

482 4750 789 4838 gratiose
842 4746 1257 4819 resolvimus
1313 4757 1381 4818 et
1434 4747 2064 4835 determinavimus,
2120 4755 2578 4838 accurateque
2631 4756 2996 4818 executum
3045 4745 3302 4817 habere
3348 4746 3692 4834 volumus,
3731 4751 3786 4812 ut

483 4848 893 4943 Spectabilis
948 4861 1017 4921 et
1067 4849 1473 4942 Magnificus
1557 4849 2001 4922 Consiliarius
2072 4853 2370 4938 intimuS,
2436 4847 2895 4938 CamerariuS,
2951 4848 3176 4943 Regni
3228 4849 3460 4922 Nostri
3509 4848 3782 4940 Hungu-

483 4956 628 5025 riae
671 4952 900 5025 Judex
939 4952 1212 5044 Curiae,
1267 4952 1798 5048 Regnorumpue
1851 4963 2239 5026 nostrorum
2294 4953 2675 5025 Dalmatiae
2729 4952 3048 5025 Oroatiae
3094 4962 3162 5025 et
3199 4953 3614 5036 Sclavoniae
3656 4951 3785 5021 Ba-

486 5078 642 5144 nus,
714 5078 847 5129 nec
899 5079 1037 5128 non
1092 5055 1327 5153 Campi
1380 5056 1791 5130 Mareschali
1843 5055 2345 5154 Locumtenens
2452 5066 2523 5129 et
2592 5056 2811 5129 fidelis
2882 5055 3081 5130 nobis
3157 5056 3443 5129 dilectus
3499 5055 3782 5127 Adamus

486 5156 740 5235 Comes
794 5158 880 5233 de
936 5159 1296 5256 Batthyan,
1349 5170 1716 5260 perpetuus
1770 5164 1839 5233 in
1893 5160 2504 5256 Nemeth„Vyvar,
2577 5169 2787 5232 totum
2842 5160 3002 5231 illud
3057 5164 3229 5232 intra
3286 5159 3529 5244 Unam,
3585 5157 3778 5245 cola-⁸

484 5267 618 5356 pim
673 5272 745 5335 et
785 5263 1042 5337 Savum
1101 5268 1327 5352 situm,
1380 5259 1794 5359 nostraeque
1846 5263 2102 5336 Ditioni
2139 5285 2230 5335 ex
2270 5263 2490 5336 almae
2543 5261 2744 5336 Pacis
2799 5269 3032 5336 mente'
3081 5262 3382 5358 legitime
3425 5261 3776 5354 subjectum

484 5361 951 5453 Territorium,
1001 5387 1134 5436 una
1183 5388 1338 5437 cum
1371 5365 1939 5440 InhabitatorIbus
1993 5368 2307 5458 ejusdem
2359 5364 2675 5442 omnibus
2712 5369 3180 5462 cujuscunque
3224 5366 3533 5441 Nationis
3585 5365 3776 5436 luco-
