3950 5917
3337 407 3491 508 4³1}

155 607 325 679 tatis
378 607 618 701 gracia
671 604 1145 690 favorabiliter
1195 610 1646 705 optinuerunt.
1734 608 1836 681 Ita
1888 618 2145 694 tamen,
2200 608 2383 704 quod
2437 610 2566 705 ipsi
2620 610 2905 701 singulis
2961 613 3157 684 annis
3209 615 3497 690 racione

157 706 437 782 Census
491 708 937 805 qnadraginta
991 710 1263 787 Μαι-σεε
1317 714 1390 785 in
1444 716 1739 785 monetis
1795 712 2068 784 Domini
2121 711 2337 806 Regis
2419 735 2572 785 cum
2647 713 2892 787 eadem
2957 715 3308 787 celeritate
3364 739 3492 789 εε-

154 810 457 884 cundum
511 815 732 908 magis
788 824 859 886 et
912 817 1161 906 minus,
1214 818 1390 890 sicut
1443 839 1523 891 se
1580 815 1867 909 qualitas
1921 818 2250 910 temporis
2305 816 2656 910 optulerit,
2703 819 2771 888 in
2829 816 3012 890 festo
3069 816 3306 891 Sancti
3346 813 3493 892 Mi·-

157 911 454 1006 cbaelis,
496 915 761 990 bomini
816 926 1055 992 nostro
1110 919 1197 992 ad
1238 918 1385 991 boc
1438 942 1480 990 a
1515 918 1717 991 nobis
1770 941 1894 1013 pro
1948 928 2259 1014 tempore
2315 922 2707 1008 constituto,
2757 919 3038 994 solvere
3091 930 3489 1012 teneantur3

150 1027 480 1114 preterea
533 1022 817 1093 racione
873 1024 1097 1096 victus
1154 1023 1497 1095 annuatim
1550 1020 1750 1095 nobis
1806 1019 2058 1095 debent
2113 1023 2284 1096 dare
2336 1033 2712 1098 sexcentos
2767 1043 3010 1118 panes,
3085 1046 3218 1097 sex
3267 1022 3492 1099 boves

154 1122 578 1217 pascuales,
662 1133 936 1196 centum
1008 1123 1359 1214 Gallinas,
1445 1127 1586 1198 vini
1657 1128 2021 1219 sexaginta
2094 1124 2405 1214 cubulos,
2487 1135 2758 1198 centum
2834 1126 3119 1201 cubulos
3193 1149 3492 1217 annone,

156 1246 321 1295 cum
375 1223 621 1306 cubulo
694 1237 983 1322 quatuor
1035 1229 1433 1323 palmarum.
1538 1228 1686 1304 Nos
1742 1229 2076 1323 siquidem
2131 1233 2651 1326 prememoratis
2706 1228 3108 1326 hospitibus,
3184 1241 3255 1303 ut
3308 1255 3490 1304 con-

154 1329 437 1421 gregati
491 1341 1027 1420 conserventur,
1074 1341 1145 1405 ει
1197 1333 1669 1428 congregandi
1723 1335 2034 1405 securius
2088 1333 2368 1405 valeant
2421 1336 2812 1421 sustentari,
2884 1344 3134 1406 terram
3188 1339 3492 1428 ipsorum

156 1434 374 1502 certis
428 1435 629 1505 metis
681 1436 1205 1531 circumquaque
1278 1435 1593 1510 duximus
1650 1434 2217 1530 distinguendam.
2330 1434 2536 1508 Cuius
2590 1446 2773 1509 terre
2843 1440 3086 1532 prima·
3136 1445 3317 1510 meta
3372 1440 3491 1510 in-

158 1535 330 1629 cipit
398 1558 439 1607 a
508 1545 702 1631 parte
775 1539 1201 1613 meridionali
1273 1539 1360 1613 de
1432 1563 1681 1633 magna
1752 1541 1892 1630 uia,
1971 1563 2105 1633 que
2179 1539 2265 1612 de
2309 1538 2667 1612 Valcha
2748 1539 2931 1613 ducit
3007 1563 3260 1613 versus
3312 1540 3493 1611 Ve-

157 1638 543 1726 reucbe,
598 1638 712 1712 ubi
767 1652 877 1714 εει
928 1650 1157 1717 terren
1214 1654 1394 1717 meta
1451 1643 1575 1718 sub
1625 1643 1818 1733 llice,
1899 1642 2058 1714 inde
2113 1642 2548 1739 progreditur
2598 1665 2849 1725 versus
2904 1653 3303 1731 torrentem,
3359 1666 3492 1738 que

157 1738 410 1813 dicitur
460 1739 880 1816 Malacka
935 1756 1144 1841 pota
1171 1746 1298 1836 cb
1381 1757 1451 1819 et
1503 1750 1847 1820 transiens
1919 1745 2134 1819 tendit
2195 1745 2282 1819 ad
2337 1745 2726 1842 quoddama
2749 1747 3142 1842 virgultum,
3224 1745 3337 1819 ubi
3387 1758 3495 1820 est

156 1853 348 1915 mela
402 1855 656 1962 terrea,
742 1846 903 1920 binc
956 1850 1427 1944 protendendo
1481 1873 1606 1946 per
1657 1861 1877 1924 metas
1929 1859 2196 1923 terreas
2275 1872 2420 1944 per
2452 1849 2788 1944 quandam
2870 1851 3230 1946 planiciem
3301 1849 3493 1922 vadit

156 1945 251 2018 ad
305 1949 518 2038 viam,
596 1953 733 2045 'que
788 1948 971 2025 ducit
1021 1957 1090 2025 in
1138 1952 1538 2042 Vereucbe,
1620 1963 1690 2025 et
1741 1952 1834 2025 ibi
1877 1957 2090 2044 juxta
2149 1956 2365 2048 ipsam
2435 1956 2620 2025 viam
2663 1964 2802 2034 est
2853 1964 3032 2027 ιιιειε
3087 1963 3343 2041 terrea,
3426 1963 3496 2024 et

162 2053 513 2126 transiens
595 2052 854 2127 directe
930 2057 1150 2130 tendit
1200 2057 1289 2129 ad
1338 2058 1585 2132 silvam
1664 2057 1938 2129 nomine
1993 2054 2437 2136 Kabonak
2507 2056 2624 2128 ad
2648 2061 2855 2147 uiam,
2935 2079 3069 2151 que
3124 2067 3233 2131 εει
3295 2060 3492 2149 juxta

160 2152 413 2226 silvam
463 2154 744 2248 Ravn,
788 2169 895 2260 ςει
947 2162 1289 2236 transiens
1343 2161 1631 2232 directe·
1654 2182 1779 2254 per
1832 2158 2123 2232 eandem
2181 2160 2424 2233 silvam
2496 2159 2687 2232 vadit
2740 2159 2828 2232 ad
2882 2159 3219 2254 quandam
3276 2158 3494 2232 arbo-

156 2278 338 2345 rem,
421 2281 554 2353 que
627 2261 839 2354 vulgo
915 2262 1326 2359 Gyrcian
1397 2265 1705 2352 dicitur,
1740 2262 1857 2336 ubi
1931 2275 2036 2336 est
2110 2273 2338 2336 terrea
2393 2273 2601 2354 meta,
2683 2275 2755 2336 et
2801 2264 2960 2336 hinc
3013 2262 3102 2336 ad
3156 2262 3494 2359 quandam

160 2362 373 2451 uiam,
456 2384 588 2457 qne
660 2364 872 2438 tendit
941 2387 1193 2442 versus
1264 2367 1657 2458 Vereucbe,
1738 2367 1852 2439 ubi
1905 2377 2017 2442 est
2065 2367 2244 2439 meta
2299 2376 2525 2439 terrea
2600 2367 2724 2441 sub
2800 2366 3078 2454 arbore,
3150 2389 3283 2462 que
3336 2365 3495 2438 lhor

161 2464 436 2556 dicitur,
487 2476 555 2539 et
591 2467 750 2542 inde
789 2469 875 2540 ad
914 2468 1261 2584 arborem,-
1315 2495 1448 2567 que
1482 2471 1624 2544 Has
1681 2470 1951 2574 (brp'st)
1996 2481 2312 2558 vocatur,
2366 2471 2525 2542 binc
2562 2469 2650 2542 ad
2688 2470 3003 2544 arborem
3060 2469 3492 2564 pomiferam,

160 2589 378 2662 super
430 2592 560 2664 qua
617 2581 725 2644 est
772 2583 953 2645 meta
1010 2597 1215 2647 cruce
1267 2578 1560 2668 signata,
1616 2584 1686 2646 et
1732 2573 1893 2647 inde
1947 2572 2160 2646 tendit
2213 2573 2300 2646 ad
2335 2583 2734 2665 torrentem,
2790 2597 2921 2668 que
2975 2571 3231 2646 Seinna
3281 2571 3495 2668 potok

162 2672 435 2761 dicitur,
500 2683 579 2744 et
630 2674 790 2747 binc
843 2681 1184 2754 transiens
1257 2681 1456 2770 juxta
1534 2678 1778 2757 silvam
1859 2700 1984 2774 per
2053 2686 2273 2749 metas
2326 2688 2593 2750 terreas
2673 2677 2864 2751 vadit
2917 2677 3004 2750 ad
3059 2699 3257 2748 unam
3311 2679 3494 2748 viam

164 2797 419 2848 versus
502 2777 963 2866 occidentem,
1048 2780 1420 2857 etiibissest
1474 2790 1654 2853 meta
1708 2792 1965 2871 terrea,
2045 2780 2206 2854 inde
2258 2781 2632 2853 reflectitur
2682 2803 2935 2854 versus
2990 2779 3369 2866 meridiem,
3426 2789 3496 2849 et

160 2881 235 2949 iu
292 2879 527 2951 radice
585 2881 935 2960 cuiusdam
991 2890 1238 2962 montis
1285 2889 1483 2976 juxta
1540 2888 1719 2959 viam
1777 2896 1887 2957 est
1940 2894 2121 2956 meta
2176 2896 2430 2976 terrea,
2484 2885 2642 2957 hinc
2698 2884 3005 2958 ascendit
3060 2883 3148 2956 ad
3203 2882 3494 2956 eundem

164 2992 496 3072 montem,
552 2995 622 3056 et
673 2988 741 3058 in
795 2991 1060 3061 vertice
1112 2991 1427 3081 ejusdem
1481 2992 1731 3061 montis
1806 2987 1937 3060 sub*
1988 2987 2236 3061 arbore
2294 2987 2535 3062 Gerasi
2591 2998 2698 3061 est
2751 2998 2959 3077 meta,
3017 2995 3086 3059 et
3141 2983 3499 3061 descendit

162 3086 256 3157 de
310 3097 543 3160 monte
596 3111 848 3162 versus
903 3091 1361 3179 occidentem,
1417 3104 1486 3165 et
1539 3095 1608 3165 in
1644 3091 1878 3172 radice
1934 3089 2248 3181 ejusdem
2301 3095 2550 3164 montis
2608 3091 2733 3164 sub
2787 3091 3038 3164 arbore
3094 3087 3337 3164 Gerasi
3391 3098 3499 3162 est

164 3199 350 3261 meta
404 3200 659 3281 terrea,
716 3204 787 3265 et
837 3195 994 3267 hinc
1044 3196 1260 3269 tendit
1310 3195 1572 3267 directe
1623 3216 1875 3268 versus
1928 3193 2209 3265 fluvium
2259 3192 2628 3267 Vereucha
2683 3193 2771 3265 ad
2825 3193 3165 3288 quoddam
3218 3193 3496 3263 molen-

161 3293 425 3383 dinum,
481 3305 551 3366 et
600 3298 671 3367 in
726 3302 1065 3392 superiori
1143 3308 1336 3393 parte
1413 3300 1629 3392 ipsius
1711 3295 2082 3369 molendini
2160 3301 2405 3369 transit
2458 3298 2545 3370 ad
2597 3295 2912 3369 arborem
2987 3298 3141 3389 piri,
3221 3292 3334 3366 ubi
3389 3303 3498 3365 est

165 3408 350 3469 meta
406 3407 660 3487 terrea,
744 3411 813 3471 et
865 3400 1023 3474 inde
1055 3400 1385 3473 ascendit
1438 3400 1525 3472 ad
1579 3409 1902 3488 montem,
1985 3402 2053 3470 in
2111 3402 2307 3489 cujus
2386 3401 2753 3494 supercilio
2827 3409 2933 3470 εει
2988 3408 3169 3470 meta
3239 3405 3497 3480 terrea,

166 3500 335 3573 binc
406 3500 898 3577 descendendo
985 3505 1073 3577 ad
1151 3504 1487 3601 quandam
1568 3503 1819 3576 vallem
1903 3501 2213 3575 ascendit
2284 3500 2369 3574 ad
2440 3524 2649 3573 unum
2707 3553 2972 3572 ......
3047 3498 3174 3572 sub
3247 3496 3495 3574 arbore

166 3604 312 3676 Has
369 3615 478 3677 εει
526 3616 735 3696 meta,
792 3619 860 3681 et
914 3609 1073 3682 inde
1124 3607 1339 3682 tendit
1392 3608 1480 3682 ad
1530 3611 1807 3681 vineam
1861 3606 2189 3703 Pribnoy,
2261 3605 2420 3677 hinc
2489 3602 2800 3701 procedit
2870 3602 2955 3675 ad
3012 3601 3301 3674 arbores
3356 3624 3497 3695 ge-

167 3711 488 3794 minataS,
544 3732 826 3805 quarum
879 3731 1014 3784 una
1069 3723 1183 3785 est
1228 3697 1397 3785 Ηεε
1422 3720 1492 3784 ει
1545 3711 1758 3783 altera
1807 3709 1960 3799 Bik,
2011 3708 2125 3783 ubi
2181 3718 2289 3783 εει
2341 3719 2522 3781 ιιιειιι
2574 3718 2832 3796 terrea,
2888 3715 2957 3780 et
2991 3705 3153 3779 inde
3189 3704 3501 3777 ascendit
3577 3797 3588 3808 .

168 3811 257 3882 ad
312 3834 519 3884 unum
571 3814 822 3904 Bercb,
879 3825 949 3888 et
1000 3839 1124 3912 per
1176 3815 1468 3892 eundem
1520 3814 1747 3888 Bercb
1796 3836 1923 3911 per
1974 3824 2195 3887 metas
2251 3814 2516 3907 ligneas
2597 3809 2958 3885 descendit
3011 3809 3097 3882 ad
3152 3808 3493 3904 quoddam

164 3916 563 4008 virgultum,
609 3915 722 3991 ubi
776 3928 885 3993 est
939 3930 1116 3993 meta
1170 3929 1424 4009 terrea,
1482 3930 1552 3992 et
1603 3920 1762 3991 hinc
1814 3915 2188 3991 reflectitur
2240 3939 2489 3990 versus
2546 3918 3080 4012 septentrionem
3145 3912 3233 3986 ad
3285 3914 3497 4000 viam,

166 4041 296 4115 per
366 4042 569 4113 quam
638 4026 773 4094 itur
844 4022 930 4097 de
984 4022 1349 4096 Vereucbe
1423 4021 1511 4095 a‘d
1578 4023 1811 4095 villam
1866 4022 2040 4111 Dus,
2123 4029 2194 4094 et
2263 4024 2604 4094 transiens
2676 4022 2894 4116 ipsam
2975 4022 3160 4091 viam
3240 4015 3501 4088 directe
3635 4061 3644 4070 ·

168 4123 362 4195 vadit
433 4146 559 4218 per
629 4125 840 4200 saltus
896 4138 966 4199 et
1016 4128 1375 4223 planicies,
1456 4129 1658 4201 metis
1713 4129 1781 4198 in
1838 4123 2197 4198 arboribus
2280 4127 2566 4219 signatis
2622 4124 2706 4195 ad
2765 4121 3043 4208 Cheret,
3123 4118 3239 4192 ubi
3291 4141 3496 4215 supra

166 4225 494 4299 arborem
546 4251 824 4324 yegune
879 4241 989 4304 est
1038 4239 1243 4319 meta,
1299 4241 1366 4302 et
1420 4230 1579 4303 inde
1633 4229 1846 4302 tendit
1896 4232 1966 4301 in
2019 4226 2323 4301 Dumbro
2376 4249 2502 4323 per
2552 4229 2820 4321 ligneas
2880 4236 3124 4314 metas,
3178 4225 3495 4318 pervenit
3549 4243 3554 4250 ·

170 4330 260 4402 ad
316 4331 654 4425 quandam
711 4338 922 4424 viam,
994 4334 1107 4406 ubi
1161 4332 1286 4407 sub
1337 4334 1501 4406 llice
1554 4342 1663 4405 est
1716 4343 1924 4422 meta,
1997 4332 2155 4404 hinc
2223 4335 2565 4405 transiens
2636 4334 2853 4452 ipsam
2909 4332 3090 4401 viam
3146 4327 3361 4399 tendit
3414 4324 3501 4397 ad

160 4434 377 4506 aliam
430 4439 639 4523 viam,
694 4460 827 4532 que
860 4439 1141 4534 Kyriszt
1176 4447 1254 4508 vt
1288 4436 1553 4527 dicitur,
1607 4435 1723 4508 ubi
1776 4445 1885 4508 est
1938 4446 2118 4529 meta
2173 4445 2428 4525 terrea,
2484 4444 2556 4507 et
2588 4456 2763 4506 crux
2798 4437 2864 4505 in
2902 4431 3150 4504 arbore
3207 4433 3499 4524 signata,

171 4550 243 4610 et
297 4561 423 4633 per
476 4540 765 4613 eandem
816 4543 1000 4614 viam
1054 4541 1246 4614 vadit
1293 4540 1380 4612 ad
1417 4540 1771 4635 Lypocba,
1828 4550 1897 4612 et
1947 4562 2072 4634 per
2118 4538 2408 4611 eundem
2459 4533 2738 4610 fluvium
2792 4536 3116 4633 Lypocba
3171 4538 3362 4608 venit
3415 4533 3502 4604 ad

174 4664 494 4735 magnam
577 4648 787 4734 viam,
870 4668 1005 4738 que
1086 4644 1267 4717 ducit
1311 4649 1380 4716 in
1433 4644 1718 4733 Vorost,
1801 4654 1870 4715 ει
1941 4647 2140 4735 juxta
2220 4645 2437 4737 ipsam
2491 4645 2676 4712 viam
2761 4639 2885 4712 snb
2940 4640 3105 4711 llice
3159 4647 3270 4709 est
3321 4646 3500 4709 meta

164 4742 431 4828 terrea,
488 4758 557 4818 et
611 4769 735 4841 per
789 4748 1079 4821 eundem
1132 4748 1458 4843 Lypocha
1512 4749 1703 4820 vadit
1756 4745 2068 4831 inferius,
2126 4755 2198 4816 et
2250 4745 2431 4816 cadit
2482 4748 2550 4816 in
2605 4744 2884 4816 fluvium
2937 4740 3280 4832 Burzocb,
3344 4740 3502 4811 hinc

174 4853 521 4923 transiens
591 4851 803 4924 tendit
856 4851 943 4923 ad
995 4855 1333 4946 gurgitem
1389 4850 1839 4954 Chodoycha,
1910 4860 1982 4921 et
2033 4872 2156 4944 per
2210 4849 2499 4921 eundem
2558 4845 2980 4942 Chodoycha
3049 4847 3240 4916 venit
3301 4846 3502 4934 juxta

168 4952 507 5040 Dravam,
589 4966 658 5026 et
728 4957 1038 5052 procedit
1118 4955 1401 5028 inferius
1457 4964 1527 5025 et
1579 4956 1894 5048 pervenit
1965 4952 2050 5024 ad
2125 4963 2375 5024 terram
2430 4951 2753 5026 Ecclesie
2808 4949 2895 5020 de
2947 4946 3309 5033 Dobocba,
3389 4945 3505 5018 ubi

174 5066 288 5128 est
337 5066 522 5130 mela
575 5060 645 5132 in
699 5059 948 5132 arbore
1001 5080 1275 5155 yeguna
1333 5079 1542 5129 cruce
1595 5061 1973 5150 assignata,
2030 5066 2100 5130 ει
2145 5056 2303 5129 inde
2351 5054 2737 5151 separando
2778 5052 2865 5126 de
2903 5051 3136 5124 Drava
3190 5050 3504 5122 reflecti·
3583 5133 3596 5146 ‚

172 5169 287 5232 tur
337 5183 588 5234 versus
669 5166 1031 5254 orientem,
1113 5173 1183 5236 et
1248 5182 1376 5258 per
1426 5160 1764 5256 quandam
1841 5162 2154 5233 semitam
2225 5162 2417 5232 venit
2468 5157 2555 5229 ad
2605 5165 2982 5230 torrentem
3034 5153 3354 5242 Donocb,
3436 5151 3506 5225 et

148 5264 628 5359 procedendo
686 5266 771 5339 ab
828 5265 1075 5340 eodem'
1128 5263 1421 5338 Donoch
1475 5263 1656 5339 cadit
1703 5267 1772 5337 in
1827 5262 2107 5337 fluvium
2143 5262 2541 5351 Prisechna,
2598 5265 2664 5334 in
2720 5262 2914 5332 cuius
2968 5258 3102 5332 fine
3156 5256 3343 5348 ssuvij
3399 5265 3510 5330 est

170 5380 363 5448 meta
417 5379 671 5463 terrea,
726 5383 795 5445 et
836 5371 995 5446 inde
1049 5393 1173 5467 per
1207 5368 1537 5466 planicies
1587 5367 1815 5444 eundo
1869 5369 2186 5472 pervenit
2237 5366 2326 5440 ad
2379 5369 2585 5456 uiam,
2639 5387 2774 5461 qne
2827 5362 3012 5437 ducit
3062 5365 3134 5435 in
3168 5359 3502 5451 BelcbeV,
