3950 5917
1632 852 1800 964 cc
1812 853 1995 937 nv.

1038 1113 1251 1183 Anno
1308 1110 1348 1184 1
1362 1109 1467 1183 62
1479 1111 1548 1183 7.
1615 1113 1731 1184 die
1785 1112 1916 1184 20.
1970 1114 2171 1204 Majae’.
2242 1113 2567 1186 Viennae.

128 1343 834 1425 Perdinandus
895 1342 989 1424 11.
1051 1341 1247 1424 Rex
1308 1344 1473 1425 SS.
1522 1344 1833 1426 otoo.
1895 1358 2228 1427 notum
2291 1347 2653 1453 reddit,
2714 1374 2820 1429 se
2882 1348 3232 1470 B‘anum
3296 1377 3466 1433 no-

127 1487 567 1561 mina-sse
668 1492 771 1560 et·
868 1485 1676 1563 commissionem
1765 1487 1861 1561 in
1952 1488 2374 1589 negotio
2465 1482 3136 1565 Valachorum
3228 1491 3472 1569 con-¹r

270 1632 278 1640 '
1566 1625 2059 1702 stituisse.

72 1831 79 1840 ’
124 1862 603 1938 Ferdinandus
658 1862 1047 1954 Secundus,
1110 1864 1244 1938 Dei
1296 1867 1515 1959 gratia
1570 1863 1851 1938 Electus
1906 1863 2371 1937 Romanorum
2442 1864 2822 1960 Imperator
2873 1887 3149 1963 semper
3203 1868 3461 1962 Augu-

731 1977 907 2059 stus,
968 1990 1055 2042 ac
1104 1967 1543 2059 Germaniae,
1594 1967 2018 2061 Hungariae,
2070 1966 2445 2040 Bohemiae
2502 1971 2629 2039 dcc.
2684 1967 2862 2041 Rex.

445 2171 891 2263 Reverendo,
962 2171 1446 2259 Honorabiles,
1518 2171 1974 2268 Spectabiles,
2028 2170 2402 2267 Magnifici,
2452 2169 2736 2266 Egregij
2792 2183 2864 2247 et
2911 2173 3227 2267 Nobiles,
3275 2176 3466 2254 Pru-1

121 2273 371 2352 dentes
424 2279 585 2350 item
642 2285 715 2348 et
767 2273 1286 2374 circumspecti,
1366 2276 1607 2350 fideles
1660 2274 1856 2350 nobis
1910 2275 2160 2350 dilecti.
2239 2274 2342 2347 Ea
2400 2297 2576 2370 quae
2627 2298 2847 2371 penes
2892 2275 3458 2354 Credentionales

116 2389 400 2456 vestras
450 2379 689 2452 literas
741 2378 829 2453 ad
880 2377 1316 2470 Maiestatem
1368 2388 1674 2454 nostram
1725 2378 1948 2470 datas,
1999 2377 2230 2472 Nuntij
2283 2376 2675 2454 fidelitatum
2725 2378 3156 2473 Vestrarum,
3205 2381 3457 2455 Reve-

115 2482 379 2558 rendus
430 2481 849 2556 Benedictus
899 2480 1319 2569 Vinkovich,
1372 2482 1815 2578 Praepositae
1866 2479 2093 2554 Maior
2141 2479 2506 2554 Ecclesiae
2559 2479 3074 2576 Zagrabiensis,
3155 2506 3241 2558 ac
3290 2483 3455 2558 Ma-

115 2585 417 2679 gnificus
466 2583 810 2682 casparus
844 2584 1227 2682 Konyszky
1262 2585 1351 2658 de
1384 2585 1810 2676 Konschina,
1866 2583 2310 2658 Consiliarius
2364 2595 2629 2675 noster,
2682 2590 2960 2660 nomine
2996 2597 3263 2676 vestro,
3317 2598 3456 2662 tam

117 2688 605 2764 constituendo
657 2689 879 2782 Bano,
931 2693 1110 2763 sicut
1162 2692 1370 2762 etiam
1425 2688 1929 2764 Commissione
1982 2688 2098 2761 illa
2154 2688 2240 2761 de
2293 2686 2755 2762 Valachorum
2807 2692 3120 2784 negotio,
3167 2713 3251 2762 ac
3297 2692 3454 2784 alijs

114 2793 466 2868 nonnullis
504 2791 790 2888 publicis
837 2796 1093 2884 causis,
1148 2796 1426 2867 nomine
1462 2803 1704 2867 vestro
1738 2801 2462 2888 repraesentaverunt,
2513 2790 2816 2885 benigne
2860 2794 3322 2868 intelleximus
3369 2807 3458 2867 ae

114 2895 565 2970 sufficienter.
671 2896 783 2968 Ac
836 2896 1109 2991 quidem
1163 2896 1389 2991 quoad
1444 2895 1742 2970 officium
1798 2896 2100 2969 Banatus
2152 2894 2452 2989 benigne
2503 2917 2635 2969 nos
2689 2899 2758 2968 in
2812 2918 3180 2992 personam
3233 2895 3456 2971 fidelis

31 3008 36 3165 μ
112 3005 334 3074 nostri
418 2999 828 3096 Spectabilis
902 3023 987 3071 ac
1056 2999 1401 3094 Magnifici
1475 2998 1757 3073 comitis
1831 2999 2252 3094 sigismundi
2322 2997 2653 3093 Erdeody
2724 2997 2812 3070 de
2889 2997 3458 3088 Moniorokerek,

31 3172 32 3181 ,
110 3106 428 3200 perpetui
499 3103 751 3177 Montis
806 3099 1067 3195 claudij
1126 3114 1197 3177 et
1246 3101 1690 3177 commitatus
1742 3102 2278 3177 Varasdinensis
2333 3101 2646 3197 Supremi
2702 3099 3014 3191 Comitis,
3045 3101 3458 3178 ‚consiliarii
3567 3155 3604 3169 ,

108 3213 363 3296 nostri,
432 3205 734 3301 benigne
786 3207 1229 3299 resolvimus,
1309 3229 1512 3303 quem
1566 3211 1769 3281 etiam
1825 3204 2254 3279 fidelitatibus
2306 3203 2578 3278 Vestris
2632 3226 2759 3300 per
2808 3215 3217 3299 praesentes
3285 3206 3455 3280 lite-

108 3334 233 3384 ras
286 3321 566 3384 nostras
635 3320 1183 3406 praesentamus,
1260 3310 1661 3406 Banumque
1737 3308 2139 3403 Regnorum
2209 3317 2599 3381 nostrorum
2652 3306 3062 3397 Dalmatiae,
3134 3304 3456 3381 croatiae

110 3425 183 3488 et
212 3413 636 3487 Sclavoniae
686 3417 1117 3489 nominamus
1153 3423 1227 3488 et
1259 3417 1758 3504 constituimus,
1811 3413 2292 3507 volumusque,
2328 3420 2402 3482 ut
2437 3409 2812 3484 observato
2864 3413 2995 3484 rite
3040 3417 3112 3481 et
3142 3430 3339 3484 more
3382 3413 3455 3483 in

107 3517 449 3593 similibus
499 3519 671 3590 alias
708 3539 980 3614 quoque
1015 3516 1378 3592 observari
1414 3527 1777 3610 consveto,
1826 3520 2047 3612 ipsum
2102 3516 2584 3611 suscipientes,
2639 3536 2727 3588 ac
2774 3536 2904 3610 pro
2942 3534 3145 3603 vero,
3209 3511 3453 3607 legiti-

106 3644 231 3696 mo
285 3644 379 3694 ac
443 3620 817 3696 indubitato
887 3620 1082 3695 Bano
1139 3625 1562 3716 agnoscatis,
1643 3620 1868 3694 eidem
1938 3624 2008 3693 in
2090 3617 2430 3707 omnibus,
2505 3638 2682 3712 quae
2753 3638 2849 3691 ex
2896 3618 3230 3711 requisito
3295 3613 3454 3689 talis

104 3725 325 3800 officii
378 3723 509 3799 sibi
560 3724 991 3798 incunbentis
1080 3726 1527 3815 ordinaverit,
1605 3727 2142 3814 commiseritue,
2220 3742 2482 3797 morem
2536 3741 2788 3814 gerere
2839 3741 2927 3791 ac
2978 3717 3458 3815 obtemperare

104 3828 449 3904 debeatis.
555 3828 632 3901 In
712 3833 995 3922 negotio
1079 3839 1304 3902 autem
1363 3826 1885 3902 commissionis
1955 3825 2507 3923 prosequendae,
2584 3833 2659 3898 ut
2728 3844 2817 3896 eo
2891 3845 3106 3917 quam-
3165 3825 3454 3919 primum

102 3943 456 4029 oportuno
511 3942 583 4004 et
623 3932 877 4006 idoneo
930 3942 1240 4029 tempore
1295 3934 1704 4021 instituatur,
1757 3934 2198 4004 necessarias
2253 3928 2733 4025 expeditiones
2785 3923 2940 4000 fieri
2991 3924 3454 4002 demandavi-

100 4059 294 4126 mus,
376 4056 638 4132 easque
691 4037 778 4109 ad
830 4059 1073 4111 manus
1126 4035 1474 4108 Praesidis
1528 4034 1836 4108 eiusdem
1894 4031 2446 4120 commissionis,
2510 4030 2732 4106 fidelis
2784 4031 3003 4106 nostri
3053 4024 3454 4103 Reverendi

100 4139 306 4214 Pauli
358 4138 611 4228 David,
663 4138 991 4236 Episcopi
1044 4137 1873 4234 Quinque-Ecclesiensis
1929 4146 1999 4210 et
2053 4134 2438 4228 consiliarij
2493 4138 2735 4225 nostri,
2809 4134 3039 4208 medio
3091 4129 3458 4228 praemo-

96 4266 264 4317 tum
320 4242 739 4318 Nunciorum
788 4243 1198 4319 Vestrorum
1251 4243 1648 4317 direximus.
1717 4239 1942 4314 Habet
1995 4243 2056 4316 is
2109 4243 2178 4312 in
2231 4239 2568 4314 mandatis
2619 4248 2693 4311 ut
2743 4236 3109 4311 fidelitates
3158 4234 3458 4310 Vestras

96 4370 243 4422 suo
323 4357 635 4443 tempore
687 4346 779 4420 de
849 4349 1010 4420 loco
1065 4357 1141 4421 et
1204 4346 1527 4420 Termino
1600 4345 2056 4440 exequendae
2112 4341 2636 4417 commissionis
2692 4340 3045 4414 certificet.
3157 4334 3452 4411 caetera

92 4475 290 4547 quae
347 4449 435 4524 ad
513 4452 649 4526 boc
719 4454 1046 4548 requisita
1115 4449 1395 4538 fuerint,
1475 4450 1561 4523 ab
1634 4454 1932 4547 ipsomet
2012 4447 2442 4521 intellecturi.
2550 4444 2810 4532 Quibus
2861 4466 2994 4518 nos
3062 4446 3134 4516 in
3185 4443 3458 4536 reliquo

97 4558 335 4648 gratia
390 4564 462 4628 et
514 4555 875 4628 clementia
930 4565 1164 4629 nostra
1222 4552 1571 4628 Caesarea
1623 4564 1694 4627 et
1753 4552 1974 4647 Regia
2027 4550 2329 4645 benigne
2373 4552 2702 4646 propensi
2752 4567 3134 4621 manemus.
3201 4544 3452 4618 Datum

94 4664 176 4732 in
233 4658 534 4732 civitate
586 4669 823 4733 nostra
875 4657 1143 4731 Vienna
1200 4658 1310 4740 die
1359 4660 1697 4752 vigesima
1745 4656 2009 4732 Mensis
2052 4653 2239 4748 maji.
2344 4655 2552 4728 Anno
2605 4651 2882 4726 Domini
2931 4642 3462 4724 Mucxxvn.

426 4813 922 4890 Ferdinandus.

2143 4939 2547 5079 Laurentius
2601 4933 3032 5031 Ferenczffy.

100 5147 188 5200 Ει
224 5148 528 5204 Protocollo
564 5146 731 5217 Regni
768 5144 1198 5216 Congregationis
1242 5145 1395 5197 162⁷.

1459 5361 2085 5384 -ι--ι-ὑι--ι-ι-

2873 5482 3023 5556 39*
