3950 5917
465 431 635 504 310,

464 653 726 710 morum
778 636 849 706 iu
904 630 1310 723 Gnmungo
1364 628 1778 723 descfipm
1814 625 2152 718 bob-„ank
2205 624 2488 700 {sedet
2521 628 3136 722 ath-nmisque·
3174 617 3780 699 Patr-mzffl
3913 581 3914 606 ἶ

464 735 753 812 condem
790 733 1183 824 νιιειιιῑίιη
1236 753 1487 808 aunum
1544 729 1643 803 17
1696 727 2153 818 excedentes.
2205 732 2278 802 in
2321 731 2470 805 sd·
2515 727 2832 804 cluibus
2880 729 3066 801 alant
3115 738 3194 801 et
3221 726 3544 802 setiam
3581 739 3782 802 cmo

462 837 825 913 habebunt.
2454 855 2482 866 ··

1617 1039 2190 1132 Atticulae.
2251 1037 2656 1114 Sextus.

777 1248 854 1324 Si
906 1252 1058 1345 quis
1110 1269 1207 1323 ex
1258 1247 1505 1320 Turcia
1560 1246 1679 1319 vel
1729 1245 2005 1322 aliunde
2056 1247 2556 1338 &ananim-ans
2623 1242 2752 1320 sub
2820 1242 2957 1317 boo
3007 1243 3127 1317 vel
3177 1242 3295 1316 iilo
3350 1241 3778 1339 &pitaneaui

460 1353 704 1429 sedem
786 1351 1005 1445 figere
1082 1352 1418 1441 voluerit‚
1485 1348 1556 1424 id
1612 1372 1765 1422 cum
1836 1352 2183 1445 praescita
2254 1347 2572 1444 Supremi
2643 1345 2998 1443 Capitanei
3065 1343 3217 1420 fieri
3285 1368 3586 1421 necesse
3662 1354 3782 1422 est.

459 1455 584 1530 Sin
639 1465 872 1531 autem
922 1454 1299 1546 Valacbus,
1353 1457 1468 1549 qui
1517 1456 1657 1528 iam
1708 1453 1929 1527 semel
1980 1455 2051 1525 in
2103 1452 2331 1547 aliquo
2384 1451 2546 1523 loco
2600 1450 2842 1526 sedem
2884 1449 3077 1540 feeit,
3135 1451 3257 1524 vel
3308 1449 3480 1524 alins
3529 1448 3624 1522 ihi
3669 1448 3779 1524 lo·-

458 1562 695 1654 gitime
775 1567 1239 1634 commoratus
1293 1566 1427 1645 est,
1483 1556 1895 1630 domicilium
1962 1557 2036 1629 in
2088 1553 2336 1628 eodem
2416 1552 2860 1651 Capitaueatu
2938 1563 3202 1628 mutare
3251 1552 3467 1641 velet,
3547 1552 3642 1644 id„
3714 1559 3782 1626 u

458 1684 615 1736 cum
669 1663 826 1737 solo
883 1661 1200 1757 Supremi
1252 1659 1543 1750 Judicis‚
1596 1659 2064 1739 Assessorum
2109 1668 2181 1732 et
2213 1657 2456 1734 Knesii
2505 1660 2852 1753 praescita
2903 1655 3046 1748 fiat,
3099 1654 3370 1732 suffieit.

1538 1915 2096 1991 Articulus
2176 1915 2722 2016 Septimus.

768 2117 1007 2196 Knesii
1082 2141 1341 2195 summa
1413 2121 1762 2217 uigilantia
1819 2131 1890 2193 et
1940 2119 2163 2194 studio
2237 2121 2461 2195 omnia
2536 2119 2777 2194 delicta
2835 2131 2904 2193 et
2955 2119 3287 2193 maleficia
3359 2140 3780 2216 praecavere

457 2222 926 2313 conabuntur3
999 2225 1184 2321 quod
1239 2229 1299 2299 si
1352 2247 1526 2298 vero
1580 2228 1909 2320 quispiam
1985 2247 2080 2298 ex
2131 2226 2215 2297 iis
2271 2223 2359 2297 de
2411 2227 3005 2320 praevaricatione
3059 2234 3131 2298 et
3182 2224 3565 2297 collusione
3634 2244 3778 2296 cum

452 2330 597 2401 reis
648 2331 720 2400 in
775 2349 1190 2426 quocunque
1244 2328 1495 2400 delicto
1563 2328 1972 2402 iudicialiter
2050 2329 2412 2400 convictus
2492 2327 2721 2419 fuerit,
2802 2337 2873 2401 et
2918 2338 3080 2400 tunc
3131 2325 3512 2424 Supremus
3560 2325 3775 2400 Judex

453 2440 526 2502 et
559 2429 993 2505 Assessores
1040 2432 1249 2504 talem
1292 2429 1623 2504 Knesium
1676 2441 1993 2526 tanquam
2049 2429 2371 2503 infamem
2429 2429 2655 2505 officio
2709 2430 3108 2519 movebunt,
3152 2434 3351 2524 juxta
3408 2453 3498 2526 qu
3531 2486 3546 2501 .
3580 2486 3642 2502 ..
3693 2427 3772 2500 ad

453 2538 675 2630 ipsum
732 2532 988 2607 factum
1044 2538 1194 2608 eius
1251 2535 1571 2629 qualitate
1623 2535 1874 2606 mulcta
1926 2538 2170 2606 merita
2226 2533 2548 2624 afficient,
2600 2535 2720 2609 vel
2770 2538 2829 2608 si
2882 2538 3254 2609 enormitas
3319 2534 3552 2607 delicti
3605 2555 3776 2629 poe-

452 2655 612 2709 nam
666 2635 1037 2732 Sanguinis
1091 2640 1344 2710 mereri
1394 2635 1837 2727 Judicabitur‚
1894 2636 1981 2709 ad
2031 2637 2370 2733 Regimen
2424 2638 2742 2712 bellicum
2794 2642 3274 2732 transmittent,
3330 2637 3462 2710 alio
3521 2640 3776 2709 interim

452 2739 521 2812 id
551 2793 569 2812 .
601 2795 618 2813 .
648 2794 668 2812 .
720 2740 869 2812 Juri
920 2743 991 2812 in
1044 2740 1273 2813 locum
1326 2741 1633 2834 legitime
1688 2738 2153 2814 subordinate.

1564 2997 2120 3072 Articulus
2203 2998 2690 3073 Octavus.

764 3196 1204 3273 Tenebuntur
1272 3185 1554 3297 insuper
1604 3197 1844 3276 Knesii
1899 3203 2308 3296 advigilare,
2361 3214 2435 3277 ut
2484 3199 2677 3277 fures
2747 3206 3238 3299 quamprimum
3308 3206 3665 3298 capiantur
3715 3211 3779 3275 et

450 3298 776 3374 Profosio
832 3322 959 3376 suo
1015 3306 1477 3398 assignentur.
1572 3304 1718 3378 Res
1773 3316 1999 3378 autem
2053 3305 2235 3379 furto
2287 3306 2553 3381 ablatae
2609 3307 2784 3403 apud
2835 3306 3150 3380 Judicem
3187 3304 3598 3406 Supremam
3652 3306 3783 3379 de·—

450 3414 814 3498 ponautur‚
869 3415 941 3477 et
990 3404 1109 3499 ibi,
1166 3410 1460 3480 servatis
1517 3406 1604 3481 de
1657 3408 1825 3482 Jure
1881 3410 2272 3503 servandis,
2330 3414 2473 3485 suis
2528 3410 2820 3486 dominis
2873 3415 3336 3485 restituantur.

1619 3665 2180 3739 Articulus
2258 3665 2626 3742 Nonus.

484 3939 493 3950 ,
763 3863 1006 3939 Omnia
1089 3865 1583 3940 Conventicula
1667 3877 1738 3940 et
1789 3865 2416 3964 Congregationes.,
2498 3881 2696 3945 extra
2777 3893 2927 3964 eas,
3005 3894 3185 3970 quae
3262 3897 3387 3971 pro
3441 3875 3784 3969 eligendis

449 3966 760 4060 linaiis,
837 3966 1191 4043 Judicibus
1245 3980 1316 4047 et
1366 3969 1895 4060 Assessoribus.,
1950 3974 2158 4046 modo
2214 3996 2350 4069 quo
2406 3975 2859 4071 supradictum
2915 3986 3051 4069 est,
3102 3975 3383 4071 legitme
3452 3977 3782 4053 celebra-

447 4069 720 4162 buntur,
773 4074 843 4145 in
895 4074 1296 4147 universum
1350 4072 1476 4147 sub
1529 4096 1755 4169 poena
1809 4079 1995 4148 vitae
2052 4078 2454 4151 interdictae
2509 4088 2683 4153 sunt.
2772 4079 2850 4152 Si
2887 4101 3057 4177 quas
3112 4091 3338 4155 autem
3392 4087 3782 4160 necessitas

449 4177 742 4269 aegerit,
796 4197 891 4247 ex
941 4179 1283 4271 permissu
1340 4176 1700 4251 Generalis
1753 4180 2209 4254 instituantur.
3339 4171 3350 4181 ’

1540 4426 2099 4501 Articulus
2176 4427 2682 4504 Decimus.

756 4628 1226 4704 Juramentum
1280 4640 1505 4706 autem
1559 4631 1898 4722 Judicuin,
1952 4635 2417 4710 Assessorum
2474 4647 2544 4709 et
2591 4636 3034 4731 Knesiorum‚
3087 4661 3213 4737 per
3261 4640 3488 4715 Deum
3543 4647 3778 4721 vivum

444 4744 515 4806 et
569 4754 696 4829 per
746 4734 1122 4826 gloriosam
1201 4733 1334 4807 Dei
1419 4735 1833 4809 Genitricem
1886 4735 2248 4831 Virginem
2326 4735 2640 4832 Mariam,
2720 4747 2791 4815 et
2856 4765 2984 4838 per
3054 4765 3297 4819 omnes
3352 4745 3662 4824 Sanctos
3714 4757 3778 4822 et

442 4838 711 4911 electos
763 4837 923 4929 Dei,
975 4841 1045 4910 in
1096 4839 1450 4913 Articulos
1504 4844 1927 4936 praemissos
1985 4846 2423 4939 concipiatur.
2477 4844 2733 4919 Addito
2786 4850 3093 4944 insuper,
3145 4858 3219 4920 ut
3251 4854 3651 4944 promittant
3701 4873 3776 4925 se

440 4941 624 5030 Deo,
682 4939 1109 5015 Christianae
1162 4941 1633 5039 Reipublicae,
1687 4943 1904 5026 Nobis
1960 4954 2032 5018 et
2083 4946 2630 5023 successoribus
2703 4955 2960 5026 nostris
3030 4951 3353 5047 legitimis
3425 4952 3776 5050 Ungariae

439 5042 778 5139 Regibus,
836 5043 1159 5120 Generali
1203 5057 1274 5119 et
1309 5046 1663 5144 Supremis
1702 5046 2120 5145 capitaneis,
2175 5050 2378 5124 fidem
2427 5062 2496 5124 et
2531 5050 2986 5127 obedientiam
3041 5054 3492 5148 exhibituros,
3550 5062 3777 5132 omnia

438 5146 885 5246 Reipublicae
955 5153 1328 5246 pernitiosa
1392 5162 1463 5226 et
1508 5151 1713 5234 bonis
1766 5153 2074 5230 moribus
2128 5159 2474 5229 contraria
2524 5158 2984 5248 revelaturos,
3040 5169 3118 5232 et
3163 5160 3391 5255 quoad
3459 5163 3776 5236 omnibus

443 5263 521 5366 et
550 5254 840 5350 singulis
894 5275 1129 5328 coram
1184 5276 1265 5360 se
1319 5257 1756 5336 causantibus
1811 5256 2071 5353 absque
2119 5263 2421 5334 cuiusuis
2468 5282 2839 5354 personae,
2894 5259 3123 5338 divitis
3183 5265 3451 5339 scilicet
3484 5275 3560 5338 et
3593 5287 3786 5362 pau-

447 5360 657 5452 peris,
713 5359 1145 5448 acceptione,
1180 5358 1667 5468 omnaque,
1701 5382 1941 5456 prece,
2007 5367 2342 5458 praemio,
2393 5362 2670 5458 favore,
2743 5385 2984 5442 amore
3035 5376 3109 5442 et
3158 5368 3322 5442 odio
3371 5372 3788 5466 postposuit
