3950 5917
522 377 686 475 1⁸14

520 606 709 680 inter
758 599 1283 682 Contribuentes
1361 605 1840 698 elaborabitur,
1916 611 2029 680 illa
2101 609 2326 682 debite
2396 630 2521 706 pro
2593 606 2817 681 futuro
2900 609 3332 699 observetur,
3410 631 3626 706 neque
3671 615 3790 684 sine

521 713 728 806 graui
795 715 1060 786 ratione
1114 716 1182 784 dc
1228 711 1494 811 publica
1551 712 1924 786 Comitatus
1975 712 2562 786 Determinatloue
2631 717 2700 785 in
2749 716 3066 808 quopiam
3118 716 3542 804 immutetur3
3605 735 3681 784 ac
3733 717 3787 788 in

524 814 797 911 reliquo
865 819 1068 889 etiam
1124 839 1236 903 ea,
1317 840 1492 912 quae
1544 815 1772 912 Leges
1824 816 2052 912 Regni
2103 820 2171 892 ὡ
2237 820 2592 912 signanter
2642 817 2988 891 Articulus
3057 814 3159 888 63
3230 818 3413 890 Anni
3487 811 3673 890 1723
3735 822 3790 891 in

525 922 927 1016 praemissis
979 919 1474 1017 praescribunt,
1529 932 1777 993 exacte
1828 919 2210 995 observare
2272 930 2648 994 teneantur.

841 1024 1181 1099 Tertio.
1286 1024 1669 1098 Processus
1740 1030 1805 1098 dc
1854 1024 2132 1120 Litigia,
2205 1048 2382 1119 quae
2433 1029 2610 1097 inter
2659 1025 3057 1098 Terrestres
3108 1024 3441 1099 Dominos
3492 1027 3606 1100 vel
3654 1028 3794 1100 alios

524 1125 814 1203 Nobiles
885 1128 1135 1202 ibidem
1189 1139 1568 1217 vertuntur,
1639 1152 1724 1200 ac
1774 1128 1863 1203 Vi
1912 1129 2198 1225 Legum
2226 1128 2616 1224 Hungariae
2670 1134 2735 1201 dc
2787 1128 3105 1202 Croatiae
3157 1130 3340 1203 Foro
3395 1129 3795 1204 comitatensi

521 1231 956 1326 dijudicanda
1026 1244 1440 1331 competunt,
1509 1232 1947 1327 Magistratus
2015 1254 2141 1330 pro
2212 1233 2791 1307 administratione
2841 1233 3153 1307 ,Iustitiae
3223 1257 3348 1331 per
3396 1234 3631 1308 Partes
3693 1256 3794 1309 suo

524 1337 734 1410 modo
787 1341 1151 1433 requisitus
1190 1343 1255 1411 dc
1292 1339 1779 1433 interpellatus,
1836 1341 2132 1410 servatis
2187 1337 2274 1409 de
2317 1337 2481 1409 Jure
2536 1337 2923 1424 servandis,
2975 1340 3047 1410 in
3084 1337 3417 1411 Comitatu
3472 1339 3599 1412 sibi
3647 1361 3796 1410 con-

522 1441 786 1515 credito
843 1440 1270 1534 dijudicanda
1324 1452 1630 1516 assumet
1680 1445 1745 1512 dc
1798 1440 2094 1531 decidet,
2166 1440 2611 1537 Partibusque
2679 1441 3011 1516 ‚Iustitiam
3075 1444 3275 1534 juxta
3327 1442 3554 1537 Regni
3604 1442 3798 1536 Leges

520 1555 817 1618 exactae
872 1550 936 1618 dc
992 1546 1311 1619 celeriter
1362 1545 1808 1633 administret,
1864 1546 2162 1617 admissa
2215 1566 2341 1642 pro
2396 1546 2714 1641 qualitate
2769 1543 3143 1620 Causarum
3183 1550 3248 1618 dc
3292 1546 3649 1619 dictamine
3677 1546 3800 1619 Le-

523 1671 685 1744 gum
739 1654 910 1722 intra
968 1651 1086 1722 vel
1140 1660 1336 1722 extra
1388 1649 1802 1741 Dominium,
1874 1652 1934 1724 si
1990 1647 2211 1722 Causa
2264 1646 2711 1746 Appellabilis
2765 1653 2877 1741 sit,
2948 1672 2988 1721 a
3039 1648 3536 1724 Vice-Comite
3586 1655 3647 1723 dc
3687 1650 3802 1721 Ju-

522 1753 790 1826 dicibus
860 1751 1226 1842 Nobilium,
1279 1757 1348 1826 in
1417 1753 1728 1825 Partibus
1802 1755 1934 1844 (uti
1990 1753 2265 1840 dicitur)
2335 1752 2861 1849 procedentibus
2927 1753 3011 1825 ad
3085 1755 3323 1827 sedem
3399 1754 3798 1827 Judician‘am

524 1856 929 1946 Comitatus,
985 1858 1268 1951 singulis
1324 1860 1518 1930 annis
1573 1861 1840 1953 quoties
1894 1879 2154 1931 necese
2209 1860 2336 1930 erlt
2395 1862 2461 1929 in
2519 1856 2857 1930 Comitatu
2909 1856 3134 1931 debite
3189 1880 3408 1955 aeque
3462 1856 3799 1930 celebran-

522 1960 709 2052 dam,
760 1960 921 2034 inde
974 1971 1198 2034 autem
1255 1961 1338 2034 ad
1393 1960 1716 2033 Tabulam
1771 1967 2074 2034 nosti-'am
2127 1961 2455 2034 Banalem
2508 1961 3027 2056 Appellatione;
3081 1965 3452 2035 occasione
3486 1984 3655 2035 vero
3690 1984 3801 2034 ceb

520 2063 999 2138 lebrandarum
1055 2064 1333 2138 Sedium
1386 2066 1838 2139 Dominalium
1892 2065 2123 2138 Judex
2174 2065 2510 2138 Nobilium
2567 2088 2718 2137 cum
2771 2066 3008 2138 Jurato
3043 2066 3437 2140 Assessore
3488 2087 3802 2161 praeseu-

514 2179 629 2243 tes
686 2191 961 2265 semper
1013 2169 1321 2258 aderunt,
1378 2174 1443 2241 dc
1486 2168 1734 2242 ibidem
1789 2169 2151 2263 diligenter
2200 2170 2340 2258 illa,
2392 2191 2567 2264 quae
2620 2169 2862 2242 iisdem
2916 2171 3287 2243 secundum
3341 2173 3804 2265 praescriptum

516 2270 779 2367 Legum
835 2273 1226 2364 incunbunt,
1298 2271 1642 2347 curabunt.
1753 2273 1949 2360 Quod
2005 2278 2064 2347 si
2119 2284 2345 2345 autem
2413 2278 2480 2346 in
2537 2274 2907 2347 sclavonia
2962 2277 3028 2345 dc
3080 2274 3356 2370 Syrmio
3407 2275 3582 2346 tales
3633 2272 3803 2345 Cau-

520 2399 647 2450 sae
702 2387 1135 2467 occurerent,
1216 2399 1392 2473 quae
1447 2377 1936 2450 antecedenter
1996 2381 2141 2471 jam
2192 2400 2319 2474 per
2369 2377 2754 2468 Instantius,
2825 2399 2994 2472 quas
3047 2377 3374 2452 hactenus
3426 2377 3804 2466 habuerunt,

518 2478 813 2554 finaliter
893 2481 1171 2555 decisae
1228 2491 1298 2576 et
1350 2492 1711 2578 superatae
1783 2480 2080 2570 fuerunt,
2153 2491 2313 2553 tunc
2389 2480 2532 2554 Res
2596 2482 2897 2573 judicata
2950 2503 3075 2577 pro
3130 2483 3245 2554 tali
3297 2482 3709 2577 relinquatur
3753 2483 3808 2552 6.·

521 2596 797 2658 maneat
850 2586 1133 2682 amplius
1189 2607 1420 2658 coram
1478 2585 1812 2657 Comitatu
1863 2608 2005 2658 non
2056 2585 2565 2673 resuscitanda3
2636 2584 3012 2681 pendentes
3064 2594 3319 2673 tamen,
3392 2608 3521 2658 seu
3582 2584 3802 2658 ibidem

510 2692 658 2781 jam
712 2694 1039 2786 praeviae
1093 2695 1425 2784 inceptas,
1506 2689 1807 2762 nondum
1874 2700 2100 2761 tamen
2174 2688 2462 2761 finaliter
2514 2689 2784 2761 decisas
2839 2689 3048 2779 Lites,
3119 2689 3533 2772 Causantes,
3605 2695 3661 2763 si
3706 2687 3806 2761 vel

520 2794 766 2866 ambae
816 2793 1082 2881 Partes,
1153 2794 1271 2864 vel
1322 2792 1488 2865 Jure
1542 2803 1927 2865 conventae
1983 2793 2223 2868 saltem
2276 2793 2745 2868 Provinciales
2813 2792 3087 2884 fuerint,
3161 2794 3274 2868 vel
3329 2794 3416 2866 de
3467 2817 3552 2866 re
3600 2793 3804 2865 Juris-

523 2899 801 2969 dictioni
851 2896 1263 2969 Provinciali
1318 2896 1624 2989 subjecta
1678 2907 1945 2991 agatur,
2018 2919 2154 2969 non
2212 2893 2394 2986 alibi,
2469 2920 2667 2992 quam
2723 2919 2952 2970 coram
3011 2896 3344 2970 Comitatu
3396 2897 3600 2971 Foris
3647 2898 3810 2969 Pro-

519 2999 948 3090 vincialibus,
1014 3003 1310 3073 servatis
1364 3001 1452 3073 de
1503 3001 1668 3073 Jure
1724 3002 2112 3089 servandis,
2164 3022 2575 3096 promovere
2628 3011 2963 3098 poterunt.
3066 3001 3155 3073 Et
3206 3005 3356 3097 quia

831 3102 1222 3190 Quarto:
1330 3103 1685 3177 Memorati
1766 3104 2137 3177 Comitatus
2192 3105 2628 3199 Magistratus
2682 3105 2983 3179 adinstar
3036 3106 3316 3177 aliorum
3374 3104 3806 3177 Comitatunm

512 3206 682 3280 Jure
738 3211 942 3281 etiam
1001 3207 1220 3280 Gladii
1273 3207 1620 3303 gaudebit,
1675 3212 1879 3302 igitur
1929 3212 1998 3282 in
2052 3209 2348 3282 solerter
2396 3209 2891 3305 persequendis
2947 3232 3032 3280 ac
3073 3232 3198 3305 pro
3238 3210 3574 3283 demerito
3629 3212 3811 3281 etiam

516 3312 875 3408 puniendis
927 3311 1395 3386 Praedonibus
1452 3314 1735 3409 aliisque
1786 3311 2347 3404 Malefactoribus
2403 3336 2672 3386 omnem
2726 3312 3062 3385 Laborem
3117 3318 3183 3385 dc
3233 3314 3640 3386 Industriam
3691 3335 3808 3406 pa-

518 3419 685 3488 riter
744 3416 1157 3511 impendent,
1239 3437 1372 3510 quo
1425 3419 1649 3489 taliter
1702 3422 1768 3488 in
1823 3417 2097 3514 Syrmio
2174 3439 2442 3512 quoque
2497 3421 2561 3489 dc
2615 3416 2979 3488 Sclauonia
3059 3420 3428 3490 intrinseca
3516 3420 3707 3512 quies
3755 3418 3816 3486 ὡ

515 3520 959 3615 tranquillitas
1014 3519 1490 3606 restabiliatur,
1544 3519 2166 3616 Malefactoresque
2222 3520 2560 3613 condigna
2616 3525 2680 3593 dc
2733 3523 3097 3616 promerita
3152 3544 3375 3617 poena
3444 3525 3808 3617 puniantur.

516 3623 736 3709 Quem
788 3628 858 3697 in
913 3622 1113 3696 finem
1172 3623 1544 3698 Comitatus
1597 3629 1664 3697 in
1717 3623 1900 3696 bono
1956 3647 2041 3696 ac
2096 3645 2343 3697 securo
2395 3623 2613 3713 Loco,
2693 3623 2829 3720 Ipsi
2883 3647 3007 3720 per
3061 3624 3635 3698 Commissionem
3687 3646 3815 3696 no·-

512 3739 727 3801 stram
782 3728 1226 3822 assignando,
1282 3732 1482 3800 etiam
1541 3728 1878 3802 Carceres
1929 3751 2055 3825 pro
2110 3728 2697 3824 Deliuquentibus,
2753 3727 2877 3801 sub
2933 3727 3110 3800 bona
3167 3727 3494 3801 Custodia
3552 3732 3618 3800 σε
3656 3749 3812 3824 pro-

508 3834 782 3905 uisione
835 3832 1224 3922 servandis,
1277 3830 1573 3923 habebit,
1628 3836 1693 3904 dc
1744 3833 2003 3929 reliqua
2059 3836 2261 3904 etiam
2315 3833 2402 3905 ad
2458 3837 2858 3905 exercitium
2911 3831 3095 3907 Juris
3152 3833 3372 3905 Gladii
3422 3834 3814 3907 necessaria

508 3937 835 4031 requisita
888 3935 1297 4031 procurabit.

828 4039 1208 4126 Quinto:
1290 4049 1359 4112 et
1431 4062 1585 4111 cum
1660 4038 2040 4135 Suprafatis
2119 4038 2359 4134 Regiis
2443 4036 2944 4114 Commissariis
3020 4042 3275 4114 nostris
3347 4061 3442 4112 ex
3495 4041 3810 4136 peculiari

514 4139 748 4215 Gratia
824 4147 889 4214 dc
962 4142 1332 4216 Clementia
1413 4152 1649 4217 nostra
1729 4141 2120 4217 facultatem
2201 4144 2333 4216 bac
2409 4147 2568 4217 vice
2647 4142 2944 4238 benigne
3025 4148 3529 4234 concessimus,
3611 4153 3684 4217 ut
3738 4139 3814 4215 ad

511 4250 711 4321 citius
789 4256 991 4343 atque
1070 4244 1338 4319 facilius
1392 4251 1461 4321 in
1513 4247 1645 4321 illis
1715 4246 2016 4343 partibus
2094 4247 2552 4320 reducendam
2606 4247 2941 4344 publicam
3013 4252 3306 4343 quietem
3363 4253 3428 4321 dc
3478 4247 3806 4345 tranquil-

507 4348 767 4424 litatem
819 4354 1216 4444 generalem
1270 4350 1704 4448 Amnystiam
1753 4373 1880 4448 pro
1932 4351 2399 4425 Praedonibus
2452 4355 2522 4425 in
2576 4349 2914 4425 Libertate
2975 4352 3354 4425 adhucdum
3409 4353 3808 4439 constitutis,

508 4466 1019 4552 consequenter
1070 4455 1195 4529 sub
1246 4455 1613 4528 Judiciaria
1667 4466 2006 4551 potestate
2058 4455 2355 4529 nondum
2411 4456 2887 4545 existentibus,
2937 4456 3297 4531 Altissimo
3349 4461 3635 4530 nomine
3683 4477 3808 4528 no-

513 4568 660 4633 stro
716 4582 804 4632 eo
857 4558 1062 4632 modo
1117 4559 1461 4654 publicare
1514 4563 1805 4656 possint,
1857 4571 1929 4632 ut
1972 4556 2416 4654 praefigendo
2468 4560 2598 4632 illis
2645 4560 3060 4651 Terminum,
3113 4564 3289 4633 intra
3344 4584 3548 4657 quem
3609 4567 3811 4635 semet

511 4686 743 4735 coram
799 4663 972 4758 Ipsis
1026 4665 1142 4736 vel
1196 4663 1686 4760 Superioritate
1742 4687 1864 4736 sua
1922 4667 2170 4736 sistere
2224 4662 2542 4750 debeant,
2599 4668 2663 4736 dc
2715 4675 2789 4736 ut
2839 4665 3039 4749 tales,
3115 4669 3228 4759 qui
3283 4675 3506 4738 semet
3581 4673 3807 4761 sponte

510 4772 753 4839 sistent
803 4769 920 4841 vel
971 4767 1281 4840 Militaria
1340 4769 1636 4840 Servitia
1693 4772 1913 4839 statim
1968 4766 2482 4864 amplectantur,
2534 4769 2651 4840 vel
2706 4769 3015 4864 deposito
3056 4773 3342 4864 praevie
3394 4768 3806 4853 Juramento,

509 4872 691 4968 quod
772 4873 1097 4966 deinceps
1171 4896 1207 4942 a
1264 4870 1727 4944 Praedociniis
1801 4877 1865 4945 dc
1919 4872 2068 4944 aliis
2145 4870 2498 4945 maleficiis
2574 4875 2841 4968 penitus
2897 4872 3240 4945 abstinere
3294 4877 3359 4944 d·
3412 4873 3600 4945 domi
3656 4890 3804 4945 suae

511 4975 923 5049 Constanter
971 4998 1377 5071 permanere
1427 4977 1665 5063 velint,
1722 4985 1942 5048 semet
1993 4977 2062 5048 in
2114 4998 2317 5048 unam
2371 4977 2489 5048 vel
2536 4977 2816 5049 alteram
2885 4981 3284 5073 pagensium
3343 4976 3806 5049 Communita-

509 5089 674 5161 tem,
736 5077 1011 5154 inscribi
1080 5102 1323 5151 curare
1379 5089 1786 5153 teneantur:
1858 5079 2069 5174 Igitur
2118 5080 2316 5172 hujus
2385 5102 2656 5176 quoque
2727 5080 3185 5153 effectuationi
3256 5081 3649 5154 omnimode
3698 5082 3806 5150 in-

507 5193 733 5257 tentus
790 5187 917 5256 erit
966 5183 1425 5278 Magistratus.

826 5288 1080 5358 Sexto
1113 5314 1129 5357 ι
1169 5287 1516 5381 Siquidem
1555 5286 1902 5382 praefatus
1932 5286 2331 5379 Comitatus,
2378 5290 2745 5381 quamvis
2786 5287 3068 5381 Regno
3107 5299 3393 5362 nostro
3431 5286 3806 5361 Croatiae

515 5391 1063 5479 caeteroquin
1119 5390 1804 5484 incorporabitur,
1859 5411 2050 5464 snam
2089 5399 2383 5464 attamen
2423 5388 2998 5466 Contributionem
3049 5401 3408 5489 praestare
3460 5395 3527 5464 ὡ
3567 5392 3812 5463 illoes-
