3950 5917
589 351 741 425 «136

587 559 863 634 omnino
916 556 1336 635 conferenda
1391 562 1738 649 venirent,
1815 570 2017 656 atque
2070 560 2274 652 adeo,
2327 561 2534 636 veluti
2590 583 2740 636 cam
2779 560 3382 650 Kosztauiczensi,
3457 560 3836 638 Jeszenovi-

589 663 852 749 czensi,
902 661 1223 735 Zriniano
1276 673 1348 735 et
1403 662 1715 736 Gliniano
1771 661 2100 757 Conlinijs
2152 663 2402 740 factum
2446 667 2593 757 jam
2646 664 2994 760 habetur„
3029 687 3179 739 cum
3232 664 3644 741 Dubiczeusi
3684 690 3832 763 quo-

587 787 719 862 qne
773 763 1085 838 Confinio
1139 788 1261 860 per
1312 766 1732 841 Honorabile
1787 767 2158 862 Capitulum
2241 767 2662 860 Catbedralie
2711 767 3073 842 Ecclesiae
3125 767 3605 864 Zagrabiensis
3653 770 3835 843 adus-

586 893 719 962 que
772 878 984 953 tento,
1042 874 1184 964 pari
1237 871 1443 944 modo
1498 872 1835 964 agendum
1889 871 2113 960 foret3
2166 871 2462 967 Sumptis
2517 872 2945 946 nibilominus
2998 876 3066 945 in
3120 871 3663 965 benignissimam
3709 874 3834 946 Re·

588 972 953 1045 flexionem
1012 974 1393 1066 multifarijs
1474 998 1599 1071 per
1649 974 2089 1070 praelibatum
2147 975 2517 1071 Capitulum
2588 980 2658 1048 in
2708 975 3135 1050 Defensione
3188 980 3415 1049 attacti
3468 999 3592 1072 per
3637 977 3838 1050 Sexa-

584 1079 769 1168 ginta
805 1077 1049 1149 Annos
1094 1079 1537 1152 administrati
1571 1078 2021 1152 Dubiczensis
2063 1077 2348 1171 Confimj
2407 1083 2814 1176 comparatis
2850 1079 3136 1168 Meritis,
3190 1080 3312 1152 sed
3390 1090 3462 1151 et
3496 1083 3834 1154 novissime

584 1190 959 1253 contestata
1018 1204 1139 1276 per
1186 1181 1374 1254 Idem
1451 1205 1603 1255 cum
1656 1182 1981 1257 Praesule
2036 1205 2162 1257 suo
2243 1205 2408 1277 erga
2461 1182 2890 1276 majestatem
2960 1192 3261 1257 nostram
3332 1186 3579 1277 insigni
3626 1184 3840 1256 Devo-

584 1287 799 1371 tione,
855 1283 1009 1358 dum
1063 1286 1387 1360 videlieet
1439 1290 1809 1359 occasione
1863 1308 1974 1376 ea,
2047 1309 2178 1380 qua
2249 1291 2696 1382 praemissum
2750 1287 3222 1382 Regulationis
3272 1286 3551 1359 Militiae
3601 1288 3838 1361 Banalis

584 1385 807 1479 Regni
862 1385 1316 1462 Confiniariae
1365 1389 1724 1482 Negotium
1790 1401 2202 1485 assumptum
2257 1389 2406 1478 fuit,
2461 1391 2874 1484 generaliter
2943 1390 3247 1464 subditos
3303 1412 3494 1479 suos,
3575 1395 3680 1486 qui
3725 1414 3842 1463 nu-

580 1495 837 1563 merosi
891 1516 1060 1566 sane
1113 1494 1445 1583 dicuntur,
1517 1494 1705 1567 Dicis
1738 1493 2186 1616 Publicisque
2242 1494 2604 1595 Oneribv,
2675 1517 2717 1566 a
2773 1494 3011 1589 quibus
3079 1498 3414 1567 continuis
3468 1504 3646 1567 retro
3695 1518 3840 1567 sae-

583 1594 755 1666 culis
797 1595 1319 1689 Privilegialiter
1372 1600 1507 1689 (uti
1538 1598 1801 1689 dicunt)
1855 1602 2188 1670 immunes
2242 1596 2535 1687 fuerunt,
2590 1620 2713 1692 pro
2769 1621 3032 1672 summo
3070 1598 3370 1671 Servilio
3422 1608 3678 1684 nostro,
3720 1598 3844 1669 Sa-

580 1698 765 1769 lutae
818 1699 1091 1773 Publica
1147 1712 1217 1773 et
1267 1701 1535 1773 Patriae
1590 1701 2007 1788 Commodis..
2063 1701 2624 1790 substernendos,
2695 1702 2870 1774 ultro
2925 1711 3168 1797 sponte
3221 1711 3291 1773 et
3367 1701 3580 1774 alacri
3625 1701 3846 1774 Animo

583 1799 856 1875 obtulit:
911 1804 1187 1876 Factum
1243 1804 1463 1877 hocce
1526 1803 1886 1890 laudabile,
1940 1817 2138 1899 grato
2193 1810 2468 1877 omnino
2522 1809 2975 1901 suscipientes
3025 1807 3304 1893 Animo,
3356 1809 3563 1899 inque
3613 1804 3845 1877 Conte-

585 1909 941 1981 stationem
1012 1911 1401 2004 peculiariS,
1473 1931 1671 2004 quam
1746 1918 2028 1981 eatenus
2099 1907 2427 1982 babemus
2481 1908 3008 1996 Satisfactionis,
3082 1909 3444 1981 antelatum
3500 1907 3843 1981 Confinium

580 2007 910 2100 Dubicza,
964 2034 1086 2107 per
1138 2012 1573 2108 praelibatum
1629 2011 2094 2106 Zagrabiense
2148 2011 2520 2108 Capitulum
2572 2013 2853 2086 ulterius
2908 2017 3107 2086 etiam
3161 2012 3383 2085 Titulo
3438 2011 3844 2084 administra-

580 2116 787 2186 tionis
856 2115 1339 2211 possidendum
1403 2118 1777 2189 clementer
1830 2116 2333 2205 confirmamus,
2402 2120 2493 2188 ita
2551 2116 2858 2211 quidem:
2941 2126 3012 2188 ut
3063 2114 3564 2189 Commendans
3628 2115 3848 2189 ibidem

583 2239 860 2314 semper
928 2224 1017 2291 sit
1069 2218 1453 2292 Canonicus
1507 2219 2017 2313 ZagrabiensiS,
2089 2242 2212 2314 per
2283 2223 2499 2313 ipsum
2558 2220 2933 2314 Capitulum
2986 2219 3183 2293 More
3251 2219 3580 2293 hactenus
3631 2222 3846 2292 usitato

580 2320 774 2394 Bano
827 2325 1390 2416 praesentandus,
1446 2333 1515 2396 et
1566 2347 1688 2418 per
1741 2328 1956 2416 ipsum
2012 2323 2278 2395 demum
2315 2324 2571 2395 Banum
2628 2323 3224 2412 Denominandus3
3277 2322 3462 2397 Idem
3504 2323 3850 2396 Commen-

581 2424 754 2497 dans
791 2426 1190 2522 Capitularis
1228 2450 1351 2521 pro
1390 2437 1696 2523 tempore
1740 2429 1881 2514 illo,
1934 2449 2068 2521 quo
2105 2426 2612 2499 Praefecturam
2650 2427 3006 2500 Militarem
3046 2426 3395 2500 Dubiczae
3431 2430 3634 2520 gerit,
3679 2424 3850 2498 Cha-

581 2538 853 2601 ractere
905 2529 1513 2616 vice-Collonelli,
1577 2542 1779 2625 atque
1850 2532 2118 2625 aequali
2187 2553 2340 2603 cum
2394 2532 2543 2604 aliis
2598 2529 3194 2604 Vice-Colouellis
3249 2542 3318 2602 et
3367 2528 3852 2603 Commendan-

580 2629 758 2705 tibus
810 2635 1299 2727 Praerogativa
1353 2635 1672 2725 gaudeat,
1748 2634 1835 2705 de
1885 2656 2017 2730 qua
2075 2632 2298 2708 Causa
2369 2638 2519 2728 ipse
2571 2634 2840 2731 quidem
2897 2632 3399 2707 Commendans
3452 2632 3852 2731 Capitularis,

580 2737 1140 2829 quemadmodum
1197 2760 1437 2811 omnes
1491 2739 1728 2832 reliqui
1764 2737 2038 2812 Banalis
2092 2737 2317 2833 Regni
2371 2737 2658 2830 Confinij
2714 2738 3044 2811 Militares
3089 2762 3128 2809 a
3168 2738 3384 2825 Bane,
3437 2739 3558 2811 vel
3609 2741 3676 2810 in
3705 2735 3852 2828 Ejus

580 2861 625 2910 e
674 2839 920 2934 Regno
974 2840 1332 2928 Absentia,
1387 2842 1622 2913 Banali
1673 2840 2232 2920 Locumtenente.
2301 2840 2560 2914 directe
2613 2841 3050 2937 dependebit,
3104 2839 3451 2914 Officiales
3508 2864 3679 2914 vero
3727 2839 3852 2912 M}-

521 2990 525 2993 >
580 2942 817 3016 litares
869 2955 939 3016 et
992 2948 1207 3067 ipsum
1263 2944 1527 3038 Corpus
1573 2944 1848 3018 Militiae
1903 2943 2148 3016 ibidem
2202 2945 2724 3034 Praesidiariae,
2776 2968 2902 3041 pro
2953 2955 3289 3040 tempore,
3343 2967 3475 3039 quo
3530 2943 3856 3017 Dubiczae

581 3049 972 3140 persistent,
1027 3058 1098 3120 et
1146 3053 1212 3121 in
1267 3049 1500 3122 Rebus
1536 3050 1902 3123 Servitium
1954 3049 2476 3143 Praesidiarium
2531 3049 2989 3143 tangentibus,
3041 3048 3367 3122 directam
3412 3060 3482 3122 et
3518 3046 3858 3121 immedia—

583 3158 723 3221 tam
776 3150 863 3222 ab
916 3152 1158 3225 eodem
1216 3152 1749 3225 Commendante
1804 3153 2168 3248 Capitulari
2223 3152 2741 3248 dependentiam
2792 3153 3157 3242 habebunt,
3231 3152 3424 3224 salva
3478 3152 3568 3224 de
3621 3152 3856 3246 reliquo

580 3256 794 3348 ipsius
847 3253 1223 3350 Supremas
1292 3256 1777 3330 Praefecturae
1827 3256 2136 3329 Militaris
2204 3258 2381 3330 illius
2435 3257 2713 3330 Militiae
2780 3257 3057 3330 Banalis
3110 3255 3565 3329 Confiniariae
3633 3262 3698 3329 in
3749 3256 3859 3326 bos

582 3360 785 3429 etiam
840 3359 1330 3433 Praesidiarios
1384 3361 1909 3448 Jurisdictione3
1973 3361 2109 3457 Ipsi
2163 3383 2334 3434 vero
2385 3360 2711 3434 Militares
2764 3361 2853 3432 ad
2906 3360 3282 3434 Confinium
3336 3359 3607 3455 quidem
3659 3357 3859 3430 Dubi-

583 3485 837 3534 czense
890 3475 1307 3557 spectantes,
1360 3487 1498 3537 non
1552 3475 1775 3538 tamen
1828 3464 2078 3538 ibidem
2131 3463 2478 3537 Dubiczae
2514 3465 2977 3557 Praesidiarij,
3037 3465 3376 3558 iidemque
3430 3487 3559 3538 seu
3611 3467 3677 3535 in
3728 3462 3860 3533 Du-

580 3563 777 3638 bicza
831 3566 1237 3642 habitantes.
1308 3592 1432 3642 seu
1487 3590 1659 3643 vero
1731 3573 1801 3640 in
1855 3572 2358 3641 circumvicinis
2413 3568 2613 3641 Locis
2667 3569 3029 3663 degentes,
3091 3566 3513 3640 Officialibus
3566 3566 3862 3639 Militari-

581 3668 708 3741 bus
760 3670 1127 3764 Phalangis
1204 3674 1410 3759 illius,
1489 3673 1575 3744 ad
1647 3694 1850 3767 quam
1920 3672 2236 3767 applicati
2288 3671 2640 3762 habentur,
2720 3671 3062 3745 suberunt.
3166 3671 3355 3743 Idem
3407 3693 3616 3766 porro
3670 3667 3865 3742 Com-

580 3773 912 3849 mendans
990 3776 1443 3848 Dudiczensis
1523 3797 1645 3871 pro
1702 3773 1881 3849 Casu
1954 3779 2332 3868 ingruentis
2385 3776 2580 3853 Belli.
2645 3780 2778 3848 nisi
2828 3775 2990 3849 illud
3044 3786 3280 3847 contra
3333 3776 3598 3847 Turcas
3655 3775 3862 3846 susci-

580 3888 882 3973 peretur,
944 3878 1131 3951 Loco
1189 3901 1475 3952 movere
1546 3878 1721 3951 baud
1778 3878 2135 3974 obligatur.
2240 3880 2347 3951 De
2400 3882 2664 3976 reliquo
2718 3889 3156 3976 praenotatus
3211 3878 3617 3974 Capitularis
3672 3876 3864 3949 Com-

577 3980 910 4056 mendans
990 3980 1368 4056 Confinium
1450 3981 1881 4057 Dubiczeuse
1938 4005 2025 4056 eo
2081 3983 2310 4072 modo,
2373 3984 2934 4078 quemadmodum
2991 3986 3118 4078 ipsi
3171 3982 3410 4055 fideles
3461 3980 3865 4078 praelibato-

576 4108 725 4156 rum
781 4086 1174 4179 Regnorum
1247 4097 1631 4159 nostrorum
1688 4087 1919 4159 Status
1974 4098 2044 4158 et
2096 4086 2386 4160 Ordines
2451 4089 2723 4161 residua
2781 4087 3087 4160 Continia
3142 4087 3367 4182 quoad
3420 4087 3863 4159 Oeconomica

575 4190 1025 4279 administret,
1078 4193 1206 4287 ipsi
1258 4202 1482 4264 autem
1539 4191 1925 4282 Confiniarij
1983 4189 2483 4280 Dubiczenses,
2540 4197 2760 4286 prouti
2813 4191 3208 4286 aequalibus
3264 4213 3414 4262 cum
3469 4191 3866 4286 reliquorum

579 4292 1041 4367 Confiniorum
1097 4294 1496 4368 Militaribus
1548 4294 2040 4368 Emolumentis
2095 4294 2428 4385 fruentur,
2482 4297 2578 4368 lta
2612 4318 2676 4367 -e
2714 4317 3062 4368 converso
3118 4299 3320 4367 etiam
3374 4295 3690 4391 aequalia
3734 4313 3864 4363 cum

576 4398 824 4489 iisdem
878 4398 1106 4472 Onera
1161 4399 1346 4472 ferre
1400 4398 1761 4472 debebunt.
1866 4396 2285 4472 Memoratus
2351 4421 2556 4495 porro
2613 4398 3014 4496 Capitularis
3070 4397 3356 4490 Confinij
3429 4397 3861 4472 Dubiczensis

580 4502 1109 4593 Commendans,
1164 4507 1521 4598 quotannis
1568 4506 1963 4597 quorumvis
1998 4504 2457 4576 Proventuum
2513 4526 2606 4576 ex
2656 4502 2967 4577 Confinio
3019 4501 3437 4575 Dubiczensi
3488 4505 3860 4601 percipien-

574 4606 844 4696 dorum,
925 4606 1195 4681 fidelem
1267 4618 1338 4679 et
1389 4617 1704 4679 exactam
1759 4610 2336 4696 connotationem,
2410 4607 2497 4678 ad
2549 4612 2910 4702 puritatem
2964 4606 3444 4680 Conscientiae
3498 4630 3698 4696 suae,
3762 4623 3861 4699 per

576 4710 851 4783 modum
893 4711 1254 4803 Ratiocinij
1314 4709 1767 4800 conficiendo,
1832 4709 2118 4783 eandem
2173 4714 2302 4805 ipsi
2351 4711 2543 4784 Bano
2598 4711 2957 4798 exhibeat3
3012 4709 3150 4784 Sed
3191 4722 3261 4782 et
3296 4711 3557 4783 Omnes
3612 4712 3860 4783 omnino

579 4813 867 4907 Continij
924 4814 1376 4889 Dubiczensis
1429 4816 1816 4888 Proventus
1869 4815 1953 4887 ad
2009 4837 2249 4888 manus
2302 4815 2496 4904 Bani,
2569 4818 2685 4888 vel
2753 4821 2825 4888 in
2877 4815 3076 4907 huJus
3131 4838 3172 4887 e
3223 4814 3471 4908 Regno
3527 4813 3860 4891 Absenth,

573 4921 789 5013 ipsius
844 4919 1390 4993 Locumtenentis
1444 4919 1743 5009 Banalis,
1823 4922 2187 5012 consignet
2237 4941 2322 4991 ac
2376 4918 2696 4993 effective
2751 4919 3073 5015 deponat,
3126 4923 3193 4993 in
3248 4942 3614 4993 commune
3667 4915 3862 5008 Regni

574 5023 841 5096 Bonum
894 5032 967 5096 et
1019 5025 1179 5097 utile
1243 5024 1702 5121 applicandos.
1808 5022 2048 5096 Eidem
2118 5045 2292 5097 vero
2339 5021 2889 5097 ‹Commendanti
2940 5022 3356 5096 Dubiczensi
3426 5026 3493 5096 in
3553 5021 3860 5109 Qualitate

573 5125 1140 5202 Vise-Colonelli
1208 5127 1590 5204 obveniens
1660 5149 1952 5200 annuum
2035 5126 2455 5223 Stipendium
2528 5151 2622 5201 ex
2673 5127 2890 5201 Cassa
2945 5127 3170 5221 Regni
3241 5127 3701 5222 persolvatur,
3765 5131 3863 5193 aut

511 5287 521 5297 .
569 5253 674 5304 ex
724 5233 966 5306 iisdem
1016 5231 1471 5308 Proventibus
1522 5230 2092 5320 Dubiczensibus,
2163 5240 2362 5326 prout
2413 5232 2682 5304 demum
2737 5230 3048 5305 fidelibus
3103 5232 3431 5304 dictorum
3485 5229 3860 5326 Regnorum

574 5343 965 5408 nostrorum
1017 5335 1319 5412 statibus
1373 5347 1444 5409 et
1480 5335 1857 5410 Ordinibus
1909 5334 2283 5429 videbitur,
2317 5369 2324 5375 ·
2356 5333 2777 5434 defalcetur53
2848 5334 2999 5436 Quo
3025 5346 3262 5432 ¹¹pacto
3317 5330 3863 5434 quemadmodum
