3950 5917
1508 966 2053 1053 ccxvn.

1108 1254 1320 1326 Anao
1380 1251 1615 1327 1683.
1675 1252 1807 1326 26.
1857 1253 2052 1326 διιεῖ.
2104 1253 2457 1326 Ρσιωυίἰ.

106 1513 692 1622 leopoldus
752 1512 954 1596 Rex
1014 1518 1709 1595 intemeratam
1750 1511 2343 1595 Croatorum
2405 1512 3008 1595 fidelitatem
3070 1524 3449 1602 summis

113 1654 535 1742 extollit
592 1652 1098 1758 laudibus,
1184 1652 1789 1757 eosdemque
1850 1663 2385 1758 provocat,
2479 1662 2578 1732 ut
2659 1658 2750 1733 in
2815 1658 3180 1735 unione
3242 1681 3451 1737 eum

114 1792 352 1873 aliis
447 1795 971 1873 caesareis
1065 1793 1400 1897 copiis
1481 1789 2068 1871 defensioni
2127 1789 2891 1873 Austriacarum
2976 1802 3069 1871 et
3127 1790 3449 1901 Regni

1003 1925 1469 2010 Croatiae
1529 1938 2005 2009 terrarum
2067 1928 2565 2010 studeant.

433 2199 892 2298 spectabiles,
944 2198 1316 2295 Magnifici,
1383 2198 1751 2291 Generosi,
1819 2199 2098 2276 Fideles
2170 2200 2420 2275 dilecti.
2527 2200 2857 2276 illibatam
2913 2212 2986 2275 et
3036 2202 3442 2278 Continuam

100 2305 357 2403 jnclyti
410 2305 636 2401 Regni
691 2302 1014 2378 croatiae
1066 2299 1299 2395 fldem,
1371 2312 1443 2377 et
1496 2302 1823 2388 Ordinum
1875 2302 2119 2377 borum
2184 2307 2668 2397 intemeratam
2741 2326 2867 2402 pro
2921 2327 3005 2380 re
3057 2303 3444 2382 Christiana

106 2409 370 2487 menda
407 2407 901 2497 Constantiam,
939 2417 1011 2480 et
1040 2406 1275 2482 Nostri
1304 2405 1607 2482 Gloriosi
1656 2406 2119 2504 probauerunt
2145 2406 2730 2502 Praedecesores,
2783 2408 3066 2507 Nosque
3109 2413 3252 2507 jpsi
3306 2411 3441 2484 hoc

110 2515 487 2609 praecipue
557 2512 961 2586 exulcerato
1028 2521 1342 2608 tempore
1420 2520 1776 2606 gratanter
1845 2514 2259 2607 experimur.
2367 2511 2523 2585 Non
2596 2533 2752 2602 eos,
2823 2523 2898 2585 ut
2965 2513 3296 2610 reliquos,
3366 2517 3440 2587 in

108 2627 587 2690 transuersum
659 2624 730 2689 et
791 2618 1330 2711 ,ignominiosam
1409 2616 1781 2706 iuramenti
1867 2618 2179 2710 praestiti
2268 2613 2680 2689 obliuionem
2757 2621 2899 2710 agit
2958 2620 3440 2710 jmmanissimi

108 2719 388 2793 'Furcae
456 2717 944 2816 Pacifragium,
1014 2717 1173 2792 Non
1244 2718 1453 2791 allicit
1511 2718 1702 2810 jllius
1779 2739 2186 2792 uenenosus
2251 2717 2516 2795 Suasus
2569 2723 2639 2791 in
2690 2718 3104 2816 perfidorum
3175 2723 3438 2794 multo-

108 2845 261 2897 rum
318 2822 800 2917 Hungarorum
856 2820 1383 2897 coalescentem
1440 2820 1887 2914 Societatem,
1959 2843 2186 2918 neque
2258 2821 2575 2897 deturbat
2646 2844 2774 2898 eos
2847 2846 2886 2895 a
2942 2822 3137 2896 Statu
3213 2828 3438 2898 auitae

112 2927 462 3001 fidelitatis
532 2925 905 2999 Turcarum
971 2934 1471 3021 praesentanea
1543 2924 1916 3016 Violentia,
1989 2926 2368 2999 truculenta
2437 2931 2506 2999 in
2576 2927 2821 3021 Regna
2895 2938 2966 3000 et
3035 2926 3440 3001 Provincias

106 3031 413 3105 Nostras
458 3032 739 3125 jruptio,
795 3039 912 3102 aut
952 3032 1322 3125 jpsiusmet
1389 3027 1791 3124 Metropolis
1859 3028 2187 3102 Austriae
2257 3029 2463 3104 Vrbis
2535 3029 2954 3105 Viennensis
3026 3031 3320 3124 obsidio,
3376 3044 3448 3105 et

106 3154 670 3230 quaquaversum
723 3133 907 3205 illata
960 3131 1167 3205 foeda
1220 3131 1562 3206 Vastatio.
1668 3130 2102 3204 Gratulamur
2177 3133 2466 3227 proinde
2545 3132 2761 3207 Nobis
2828 3132 2916 3207 de
2968 3145 3126 3207 tam-
3163 3135 3314 3208 fidis
3369 3147 3438 3207 et

98 3240 477 3329 juramenti
531 3246 734 3331 atque
771 3234 1224 3330 obligationis
1259 3234 1602 3310 Naturalis
1652 3245 1792 3307 tam
1825 3234 2184 3309 tenacibus
2222 3234 2551 3327 Subditis,
2603 3235 2823 3310 Vobis
2876 3246 3101 3309 autem
3158 3237 3247 3310 ob
3284 3237 3442 3309 Ve-

108 3352 329 3414 stram
382 3362 509 3435 per
572 3343 794 3414 omnis
850 3343 1092 3413 aetatis
1145 3341 1545 3412 memoriam
1600 3341 1668 3411 in
1719 3348 1865 3411 toto
1920 3336 2307 3412 Christiano
2362 3338 2547 3412 Orbe
2575 3338 3186 3437 depraedicandam
3243 3337 3442 3411 Gon-

108 3445 460 3530 stantiam,
516 3442 757 3539 Neque
811 3441 1227 3532 dubitamus,
1291 3445 1451 3537 quin
1505 3441 1611 3516 his
1683 3450 1756 3514 et
1806 3440 1961 3534 aliJs
2018 3464 2057 3513 a
2107 3440 2404 3514 fidelium
2459 3463 2594 3539 ope
2652 3446 3034 3540 expectatis
3098 3440 3439 3534 Subsidijs

106 3547 673 3620 truculentissimi
726 3545 947 3621 hostis
998 3544 1277 3641 perfidia
1334 3549 1402 3618 in
1454 3548 1796 3642 propriam
1827 3542 1949 3617 Sui
1975 3542 2470 3619 Confusionem
2522 3549 2838 3641 proxime
2866 3551 2956 3620 sit
2989 3543 3436 3620 retundenda.

104 3652 563 3747 Nequaquam
615 3652 794 3722 enim
848 3653 918 3722 in
957 3649 1196 3742 Solatij
1252 3649 1497 3721 Vicem
1553 3650 1785 3722 celare
1836 3648 1989 3722 Vos
2043 3648 2383 3739 uolumus,
2435 3646 2886 3744 undecunque
2938 3657 3073 3721 tam
3131 3671 3225 3720 ex
3250 3647 3438 3720 Pro-

100 3756 361 3846 uincijs
412 3752 689 3828 Nostris
743 3751 1246 3845 haereditarijs,
1298 3774 1499 3847 quam
1555 3775 1649 3825 ex
1699 3751 1996 3849 Imperio
2051 3752 2366 3825 Romano
2417 3749 2784 3825 Confluere
2835 3751 3142 3842 Auxilia,
3197 3750 3438 3848 quibus

104 3859 479 3932 Nostrates
536 3856 822 3929 aductos
893 3855 1163 3929 bostem
1235 3879 1273 3926 a
1348 3858 1560 3928 muris
1637 3854 1981 3944 Viennae,
2054 3878 2231 3950 quae
2287 3855 2661 3929 fortissime
2731 3858 3098 3928 etiamnum
3151 3854 3440 3930 hostiles

99 3961 404 4036 insultus
457 3960 751 4055 repellit,
807 3963 966 4055 quin
1012 3963 1160 4052 Jmo
1216 3982 1310 4032 ex
1362 3956 1691 4031 Omnibus
1743 3956 2073 4032 Austriae
2137 3970 2208 4031 et
2253 3959 2481 4053 Regni
2532 3959 2768 4034 Nostri
2817 3959 3213 4054 Hungariae
3267 3983 3442 4057 par-

96 4066 288 4139 tibus
353 4062 725 4136 exturbare
777 4084 989 4159 posse
1046 4061 1485 4135 Confidimus.
1590 4060 1866 4135 Adsunt
1938 4065 2009 4134 in
2083 4061 2314 4159 Styria
2386 4085 2661 4157 quoque
2733 4073 2876 4137 tres
2945 4066 3259 4158 integrae
3323 4064 3441 4136 le-

94 4173 359 4265 giones
425 4190 577 4262 cum
634 4169 846 4258 uarijs
901 4176 972 4239 et
1022 4167 1247 4239 multis
1303 4164 1858 4261 Supplementis3
1913 4163 2282 4238 aduenient
2334 4164 2593 4263 Copiae
2647 4165 3240 4263 Archi-Episcopi
3295 4166 3440 4240 Sa-

96 4272 607 4365 lisburgensis3
679 4269 983 4343 Consilio
1057 4280 1128 4342 et
1177 4292 1403 4364 gnaua
1456 4292 1579 4342 sua
1630 4268 2073 4364 Experientia
2146 4273 2429 4344 assistet
2499 4267 2736 4365 Campi
2785 4270 2962 4343 Vice
3016 4268 3442 4346 Marescalus

96 4376 369 4450 Noster
415 4372 670 4447 Comes
724 4372 1174 4462 Strasoldius,
1228 4396 1269 4445 a
1304 4371 1523 4447 Nobis
1577 4371 2054 4464 gubernationi
2106 4371 2314 4447 Vrbis
2370 4372 2789 4448 Graecensis
2844 4373 3247 4469 deputatus3
3299 4372 3443 4446 Mi-

94 4482 211 4554 les
268 4483 551 4572 insuper
609 4476 868 4551 Noster
919 4499 1051 4550 una
1107 4499 1260 4549 cum
1314 4480 1701 4550 numerosis
1753 4474 2226 4549 Auxiliaribus
2281 4475 2368 4549 ad
2420 4475 2725 4550 radicem
2778 4475 3109 4550 Montium
3163 4477 3444 4574 Styria-

94 4605 350 4658 corum
404 4586 653 4656 sistere
707 4604 788 4654 se
842 4584 1125 4675 cogitat,
1197 4591 1270 4652 ut
1323 4591 1393 4653 et
1440 4580 1692 4653 Vestra
1748 4579 2018 4655 facilius
2070 4582 2245 4653 tueri
2301 4603 2516 4676 seque
2571 4603 2724 4654 cum
2781 4579 3018 4677 Copijs
3089 4584 3445 4654 interiori—

94 4689 237 4761 bus
297 4684 383 4757 ad
453 4685 953 4760 succurendum
1007 4682 1348 4759 obsessae
1401 4683 1607 4759 Vrbis
1660 4683 2080 4762 Viennensis
2136 4685 2562 4779 conjungere
2614 4695 2838 4780 queat.
2943 4685 3143 4778 Jugis
3214 4688 3445 4778 itaque

94 4803 177 4864 et
235 4799 488 4863 exacta
543 4787 1168 4884 correspondentia
1221 4792 1401 4862 inter
1452 4788 1627 4876 Vos,
1681 4787 2033 4863 Ministros
2086 4787 2381 4865 Nostros
2437 4787 2906 4878 Graecenses,
2968 4798 3171 4884 atque
3223 4792 3447 4884 ipsum

92 4887 437 4970 Nostrum
472 4893 845 4966 Armorum
876 4892 1144 4966 Ducem
1180 4891 1591 4965 Generalem
1624 4891 2009 4988 Principem
2052 4890 2534 4983 Lotharingiae
2570 4914 2742 4989 opus
2780 4902 2918 4982 est,
2968 4902 3044 4965 ut
3089 4890 3445 4984 Consilijs,

97 5001 357 5072 animis
392 5007 465 5069 et
498 4999 868 5093 propositis
898 4998 1154 5088 junctis
1199 5017 1341 5093 pro
1375 4994 1845 5070 Austriacis
1899 5005 1981 5068 et
2012 4994 2309 5089 Regni
2362 4994 2687 5073 Nostri
2740 4993 3157 5069 Oroatici
3209 4999 3444 5088 terris,

97 5115 279 5197 quas
336 5121 472 5174 uno
526 5110 598 5173 et
647 5123 789 5174 non
843 5099 1153 5175 dissimili
1204 5099 1452 5173 affectu
1503 5107 1793 5194 paterno
1847 5098 2388 5195 complectimur,
2458 5122 2584 5195 pro
2635 5104 2941 5176 instituto
2995 5108 3070 5173 et
3119 5097 3448 5174 fidelitate

94 5205 446 5297 lajorum
501 5202 879 5280 fortissime
947 5206 1285 5300 pugnetis.
1390 5200 1539 5275 Nos
1592 5223 1763 5275 sane
1823 5201 2332 5278 Graecensibus
2384 5202 2658 5279 Nostris
2713 5203 3142 5295 Consiliarijs
3207 5205 3446 5276 stricte

94 5321 175 5392 et
230 5312 421 5386 serio
477 5310 968 5396 commisimus,
1038 5317 1113 5380 ut
1158 5310 1227 5380 in
1283 5304 1595 5380 omnibus
1648 5303 2028 5380 Vobiscum
2099 5306 2685 5381 confidentissime
2758 5310 3300 5398 communicent3
3371 5313 3448 5382 et

92 5423 448 5509 quatenu
498 5414 898 5507 prouinciae
943 5411 1116 5504 illae
1167 5411 1448 5509 pollent,
1530 5431 1664 5506 ope
1736 5412 1920 5485 omni
1991 5409 2301 5506 possibili
2355 5410 2572 5486 Vobis
2645 5422 2926 5508 praesto
2994 5415 3131 5486 sint
3181 5420 3254 5508 et
3304 5408 3448 5484 ad-

317 5545 468 5612 (rm
502 5544 544 5598 1.
578 5545 750 5600 ravit
787 5554 841 5599 οι
872 5543 1089 5614 uben.)
2921 5515 3022 5587 45
