3950 5917
3322 388 3473 462 217

133 606 420 674 ciemus.
525 599 777 673 Datum
832 597 1035 673 Crisii
1088 599 1200 672 die
1252 599 1618 673 Dominico
1684 604 2002 696 proximo
2055 609 2212 672 ante
2267 598 2517 672 festum
2589 596 2946 670 beatorum
3002 597 3347 670 Simeonis
3405 605 3476 667 et

125 705 310 778 Jude
347 704 868 798 Apostolorum.
923 704 1131 775 Anno
1169 701 1445 776 Domini
1479 703 1846 776 Millesimo
1903 702 2578 797 quadringentesimo
2635 704 3150 796 septuagesimo
3205 710 3478 772 octauo.

131 807 304 881 Mox
377 806 724 901 Egregius
797 807 1120 879 Andreas
1195 803 1478 901 Capitan
1553 807 1640 878 de
1704 806 2051 879 Desnicze
2104 803 2500 878 Vicebanus
2555 814 2624 876 et
2678 801 2932 877 Comes
3004 812 3247 878 noster
3317 799 3479 874 Cri-

133 913 393 984 siensis
447 920 749 983 nostram
825 931 1218 1003 exsurgens
1273 913 1340 980 in
1395 912 1830 1004 presenciam
1880 912 2071 1005 paria
2128 908 2502 981 earundem
2556 909 2930 980 litterarum
2985 929 3112 1002 per
3163 927 3296 982 nos
3351 903 3481 979 sibi

135 1015 282 1086 dari
336 1014 734 1109 postulauit,
789 1034 923 1107 que
978 1012 1203 1084 eidem
1260 1012 1577 1085 duximus
1634 1011 2079 1085 concedenda
2152 1015 2492 1083 communi
2573 1013 2825 1083 iustitia
2878 1009 3238 1101 suadente,
3308 1029 3483 1104 pre—

139 1127 378 1190 sentes
434 1127 658 1188 autem
734 1115 960 1209 sigillo
1025 1114 1314 1210 Egregii
1367 1114 1553 1188 Petri
1601 1115 1935 1211 Bochkay
1990 1116 2077 1187 de
2130 1113 2766 1187 Razinakerezthur
2816 1111 3153 1186 Vicebani
3206 1120 3278 1185 et
3331 1109 3483 1182 Co·-

136 1224 318 1293 mitis
375 1223 593 1292 nostri
650 1213 1020 1292 Crisiensis
1089 1218 1383 1290 fecimus
1458 1221 1874 1312 consignari.
1973 1218 2221 1289 Datum
2278 1214 2477 1292 Crisii
2529 1217 2703 1290 feria
2761 1216 3066 1292 secunda
3121 1225 3480 1312 prenotata

135 1325 346 1396 Anno
403 1321 677 1395 Domini
727 1320 1094 1394 Millesimo
1151 1322 1829 1417 quadringentesimo
1884 1323 2381 1415 octuagesimo.

1013 1549 1252 1624 (Locm
1309 1550 1518 1629 seq-‘112'
1562 1551 1632 1612 in
1693 1551 2001 1613 nteriori
2053 1549 2226 1629 facie
2271 1552 2619 1632 oppressi.)

133 1761 279 1834 orig.
317 1766 370 1817 in
408 1763 635 1817 Archivo
670 1763 842 1834 Regni
879 1763 1135 1818 Croniae.
1191 1763 1327 1817 Priv.
1365 1762 1427 1817 N.
1464 1765 1551 1818 47.

1506 2376 1964 2460 CXLVI
1976 2378 2128 2459 11.

1362 2693 1572 2762 Anno
1643 2690 1879 2762 1481.
1963 2691 2202 2761 Crisii.

139 2951 469 3030 Banus
564 2950 1098 3030 Ladislaus
1180 2951 1293 3029 de
1355 2949 1874 3056 Egervara
1969 2976 2149 3029 una
2245 2977 2437 3030 cum
2534 2950 3068 3032 Nobilibus
3163 2950 3479 3059 Regni

139 3089 714 3194 Slavoniae,
780 3102 1138 3194 quanta
1201 3091 1589 3169 telonia
1654 3101 1738 3169 et
1799 3089 2357 3191 vectigalia
2425 3092 2507 3167 in
2571 3087 2918 3193 Regno
2982 3090 3482 3170 solvenda

139 3233 382 3332 sint,
445 3233 536 3306 in
598 3226 909 3332 Regni
986 3226 1864 3332 congregatione,
1960 3250 2277 3330 prope
2355 3225 2953 3331 Zagrabiam
3048 3241 3482 3332 servata,

1496 3364 2119 3444 determinat.

459 3634 608 3710 Nos
662 3634 1023 3710 Ladislaus
1077 3636 1167 3709 de
1217 3633 1608 3730 Egervara,
1663 3633 2063 3729 Regnorum
2116 3633 2500 3723 Dalmacie,
2557 3631 2850 3707 Croucie
2905 3645 2976 3708 et
3008 3639 3232 3710 tocius
3269 3636 3484 3709 Scla-

136 3743 348 3814 nonie
386 3738 645 3825 BanuS,
700 3743 1033 3812 memorie
1070 3739 1661 3825 commendamus,
1716 3737 1898 3833 quod
1952 3761 2107 3811 cum
2161 3738 2335 3809 feria
2391 3740 2606 3810 tercia
2659 3741 2972 3833 proxima
3032 3749 3190 3813 ante
3228 3737 3484 3813 festum

137 3842 663 3918 Purificacionis
717 3842 933 3916 Beate
965 3842 1205 3916 -Marie
1268 3842 1574 3937 Virginis
1630 3842 2133 3915 Serenissimus
2188 3843 2510 3937 princeps
2583 3842 2897 3915 dominus
2951 3841 3245 3916 Mathias
3296 3842 3484 3933 Rex,

139 3946 464 4022 dominus
534 3956 775 4020 noster
844 3950 1237 4041 graciosus,
1307 3969 1435 4042 per
1502 3943 1912 4038 Magnificos
1986 3945 2302 4019 dominos
2374 3945 2779 4018 Michaelem
2848 3946 3081 4039 Orzag
3132 3947 3219 4020 de
3277 3945 3484 4020 thh

138 4051 304 4123 dicti
358 4048 588 4144 Regni
640 4049 989 4144 Hungarie
1043 4048 1449 4134 Palatinum,
1506 4059 1576 4120 et
1612 4046 1943 4120 Comitem
2002 4047 2419 4143 Stephanum
2472 4049 2560 4120 de
2596 4048 2853 4122 Batbor
2902 4049 3215 4123 Judicem
3270 4051 3479 4124 Curie

138 4155 292 4229 Sue
329 4151 740 4242 MaiestatiS,
793 4175 1009 4249 prope
1046 4156 1390 4226 ciuitatem
1428 4150 1996 4244 Zagrabiensem,
2049 4174 2174 4246 pro
2211 4150 2701 4225 reformatione
2757 4163 2971 4226 status
3006 4153 3234 4248 Regni
3267 4153 3485 4226 Scla-

137 4260 355 4332 uonie
410 4256 1007 4352 exstirpandisque
1061 4254 1619 4330 malefactoribus
1659 4265 1729 4328 et
1762 4258 2028 4328 nociuis
2076 4254 2488 4342 bominibus,
2544 4260 2808 4331 cunctis
2864 4261 3070 4329 etiam
3125 4254 3485 4332 maleficiis

138 4383 226 4434 ac
281 4358 729 4456 prauitatibus
784 4370 856 4433 et
906 4360 1103 4433 malis
1159 4357 1544 4447 abolendis,
1597 4361 1945 4433 vniuersis
2019 4357 2375 4431 Nobilibus
2446 4357 2759 4432 eiusdem
2830 4359 3053 4454 Regni
3109 4360 3483 4436 Solanonie

142 4463 548 4554 Grisiensis,
602 4461 1121 4557 Zagrabiensis,
1178 4461 1665 4538 varasdiensis
1722 4474 1791 4534 et
1826 4462 2250 4535 Werewcze
2316 4459 2765 4535 Comitatuum
2833 4461 3484 4557 Congregacionem

141 4566 506 4643 celebrare
559 4566 849 4642 fecisset
899 4567 1327 4660 generalem,
1401 4575 1472 4639 et
1524 4569 1592 4637 in
1648 4565 1891 4638 eadem
1948 4569 2128 4638 inter
2179 4566 2339 4656 alia,
2412 4589 2544 4661 que
2600 4589 2725 4662 pro
2781 4565 2941 4639 dicti
2994 4566 3221 4662 Regni
3273 4591 3482 4641 com-

137 4672 353 4747 modo
401 4681 472 4744 et
505 4673 774 4744 iusticie
829 4681 1198 4764 augmento
1255 4680 1409 4742 acta
1463 4669 1690 4757 fuere,
1746 4692 1883 4742 non
1937 4667 2328 4743 mediocres
2384 4669 2470 4742 de
2527 4682 2597 4742 et
2651 4692 2857 4766 super
2910 4669 3173 4745 tributis
3221 4676 3290 4744 in
3347 4672 3484 4747 boc

139 4775 398 4868 Regno
479 4773 732 4868 vbique
787 4772 1033 4847 habitis
1090 4782 1161 4845 et
1212 4777 1466 4847 erectis
1524 4783 1849 4846 tractatus
1905 4782 1976 4846 et
2027 4772 2306 4847 labores
2378 4772 2541 4846 facti
2616 4778 3028 4861 exstiterint,
3099 4773 3218 4847 vbi
3273 4798 3481 4848 com-

139 4890 369 4975 perto,
441 4882 814 4973 agnitoque
868 4887 938 4950 et
989 4877 1367 4966 intellecto,
1441 4875 1624 4972 quod
1675 4880 1747 4950 in
1798 4875 2203 4971 quibusdam
2271 4876 2671 4951 tributorum
2741 4878 3203 4974 predictorum
3272 4880 3483 4954 valde

139 4987 396 5058 iniuste
463 4984 1170 5076 inconuenientesque
1225 4990 1297 5053 et
1344 4979 1689 5075 superflue
1760 4982 2168 5053 exactiones
2223 5002 2261 5051 a
2316 4980 3018 5076 pretergredientibus
3073 5005 3229 5055 cum
3282 5006 3482 5056 mer-

141 5090 388 5161 cantiis
441 5096 516 5159 et
567 5086 719 5158 aliis
775 5082 1210 5180 questoribus
1264 5082 1491 5156 habite
1545 5082 1770 5173 fuere,
1844 5106 1939 5156 ex
1992 5082 2257 5155 eisdem
2306 5085 2599 5179 quedam
2652 5088 2830 5159 iusta
2884 5097 2955 5160 et
3005 5097 3225 5178 recta,
3297 5108 3482 5181 que-

144 5190 299 5263 dam
350 5211 531 5264 vero
586 5192 834 5261 iniusta
886 5199 955 5262 et
1006 5187 1377 5284 superflua,
1449 5196 1520 5259 et
1578 5190 2080 5283 proscriptione
2135 5184 2469 5260 Comitum
2524 5198 2597 5261 et
2646 5188 2969 5279 Judlium,
3039 5190 3481 5264 Juratorum-

148 5316 279 5391 que
329 5293 804 5370 Assessorum
878 5296 1094 5389 ipsius
1168 5289 1765 5387 Congregacionis
1846 5289 2342 5385 condempnata
2417 5296 2776 5383 exstitere,
2849 5297 3158 5389 quamuis
3229 5304 3483 5390 expost

345 5472 506 5540 (Pan
537 5468 579 5523 1.
615 5469 792 5523 Privil.
826 5478 878 5522 et
910 5468 1131 5537 Libert.)
2957 5439 3061 5515 28
