3950 5917
442 372 594 445 146

436 572 669 649 fuerat
719 572 807 648 ad
859 595 973 665 ea,
1026 575 1204 649 sicut
1254 570 1730 662 adseruerunt,
1783 591 1909 667 per
1952 568 2244 664 Regiam
2299 571 2725 643 maiestatem
2779 570 3244 645 hartuinus.
3305 567 3394 642 Et
3445 590 3600 647 eun
3653 570 3770 653 ds

439 676 716 753 fuerunt
768 679 974 750 etiam
1024 684 1431 772 praesentes
1482 675 1749 769 egregij
1805 675 1940 746 viri
1991 671 2246 745 domini
2297 671 2546 746 Paulus
2600 671 2689 746 de
2743 670 3068 767 Georgtjs
3120 671 3345 763 milen,
3414 681 3488 746 et
3533 672 3768 745 Jaco—

440 778 570 854 bus
622 778 992 853 Raduchus
1042 779 1306 874 Legum
1356 778 1654 869 Doctor,
1726 779 2108 849 communis
2158 774 2412 849 Jadrae
2466 773 3029 867 Ambaxiatores,
3084 784 3156 849 ut
3206 773 3613 850 asserebant
3665 797 3772 848 ex

441 904 577 956 una
632 892 866 978 parte;
938 892 1007 954 et
1058 879 1498 955 honorabiles
1553 890 1623 952 et
1675 881 1940 974 egregij
2015 881 2148 951 viri
2216 877 2473 951 domini
2540 878 2912 953 Zacharias
2964 877 3384 970 Contereno,
3452 876 3771 951 Joannes

449 985 842 1059 Gradonico
893 993 965 1056 et
1008 981 1302 1057 Michael
1327 982 1751 1056 Mauroceno
1804 981 2301 1055 Procuratores
2352 978 2718 1055 Ecclesiae
2765 980 3008 1055 Sancti
3057 980 3301 1072 Marci,
3351 983 3556 1054 cives
3599 980 3774 1055 Ve-

386 1102 389 1105 ’
440 1091 806 1176 netiarum,
862 1086 1172 1184 Syndici,
1232 1087 1755 1175 Procuratores,
1825 1083 2158 1175 Actores,
2208 1081 2744 1157 Ambaxiatores
2799 1095 2871 1157 et
2921 1087 3132 1177 nuntij
3207 1085 3533 1181 spetiales
3583 1083 3770 1156 Illu-

445 1194 605 1265 stris
661 1200 732 1264 et
779 1188 1129 1282 Magnifici
1179 1189 1455 1262 Domini
1505 1189 1782 1262 Domini
1830 1186 2207 1261 Anndreae
2263 1182 2681 1278 Centareno,
2732 1186 2865 1261 Dei
2901 1191 3121 1280 gratia
3165 1186 3381 1261 Ducis
3417 1187 3772 1261 Venetia-

440 1316 590 1367 rum
626 1303 760 1367 etc.
816 1304 887 1365 et
932 1293 1474 1366 consiliariorum
1529 1295 1706 1383 eius,
1760 1299 1831 1364 et
1867 1294 2247 1364 communis
2280 1287 2755 1381 Venetiamm,
2806 1293 3084 1363 nomine
3137 1300 3210 1363 et
3258 1294 3419 1364 vice
3470 1289 3770 1387 praefa-

442 1406 669 1470 torum
718 1396 1004 1469 illustris
1042 1405 1113 1468 et
1135 1393 1483 1487 Magnifici
1532 1393 1809 1467 Domini
1850 1391 2093 1483 Ducis,
2147 1393 2690 1466 consiliariorum
2745 1403 2816 1465 et
2867 1397 3246 1466 communis
3289 1391 3772 1483 venetiarum,

438 1499 775 1575 habentes
829 1498 920 1572 ad
970 1497 1404 1593 infrascripta
1453 1497 1730 1593 plenum
1783 1506 1852 1569 et
1907 1495 2257 1570 sufficiens
2307 1493 2724 1587 mandatum,
2775 1505 2849 1568 ut
2899 1505 3086 1592 patet
3152 1494 3424 1594 publico
3495 1483 3795 1568 instru-'

442 1612 704 1691 mento,
758 1605 1011 1697 scripto
1074 1623 1277 1675 manu
1325 1599 1668 1674 Leonardi
1720 1598 1808 1672 de
1860 1598 2272 1688 Anzetellis,
2326 1597 2416 1672 de
2470 1597 2785 1690 VenetiJs
2837 1600 3116 1692 notarii,
3188 1597 3313 1672 sub
3370 1620 3549 1671 anno
3602 1598 3771 1670 Do-

444 1708 607 1778 mini
657 1705 1018 1779 millesimo
1073 1706 1561 1777 trecentesimo
1617 1706 2090 1796 octuagesimo
2136 1704 2382 1798 primo,
2434 1701 2805 1774 indictione
2842 1710 3107 1798 quarta,
3145 1700 3257 1774 die
3294 1705 3521 1796 quinta
3552 1723 3770 1774 men-

446 1810 547 1883 sis
599 1808 909 1904 Aprilis3
989 1810 1181 1881 cuius
1238 1817 1439 1879 tenor
1489 1804 1777 1879 inferius
1853 1816 1962 1879 est
2014 1808 2311 1879 insertus
2366 1814 2497 1877 etc.
2547 1845 2653 1858 -κ
2702 1846 2807 1859 -
2860 1846 2961 1857 —-
3032 1804 3201 1877 Item
3258 1826 3413 1877 cum
3463 1807 3534 1877 in
3584 1825 3769 1900 pace

445 1913 748 2007 antiqua,
801 1910 971 1985 alias
1043 1908 1224 1982 facta
1277 1914 1457 1983 inter
1524 1908 1905 2005 praefatum
1958 1906 2493 1982 Serenissimum
2556 1906 2898 1980 dominum
2952 1907 3222 2000 Regem
3274 1918 3346 1980 et
3398 1928 3772 1981 commune

445 2011 919 2104 venetiarum,
972 2016 1437 2086 contineatur:
1521 2010 1720 2098 Quod
1793 2010 2106 2084 dominus
2157 2010 2319 2082 Dux
2371 2019 2442 2082 et
2493 2031 2855 2083 commune
2908 2009 3350 2084 venetiarum
3419 2009 3772 2083 effectua-

443 2116 601 2190 liter
649 2121 1038 2189 renuntiant
1091 2115 1181 2188 de
1234 2114 1418 2188 facto
1470 2118 1541 2187 in
1594 2113 1904 2186 manibus
1960 2113 2212 2187 domini
2265 2112 2483 2207 Regis
2530 2111 2879 2206 Ungariae
2934 2122 3003 2186 et
3038 2135 3526 2186 successorum
3579 2135 3767 2187 suo-

423 2242 598 2293 ·rum
670 2223 795 2292 toti
847 2219 1272 2307 Dalmatiae3
1350 2239 1666 2313 nuncque
1721 2216 1881 2290 dicti
1934 2215 2246 2313 syndici,
2322 2215 2821 2291 Procuratores
2874 2224 2945 2293 et
2996 2214 3529 2299 Ambaxiatores
3600 2216 3775 2293 dieti

424 2322 704 2399 ‚domini
780 2322 994 2395 Ducis
1065 2332 1136 2393 et
1206 2323 1585 2397 communis
1638 2319 2110 2410 venetiarum,
2189 2321 2466 2394 nomine
2521 2318 2851 2395 dictorum
2932 2318 3358 2393 dominorum
3424 2317 3637 2393 Ducis
3691 2330 3775 2391 et

450 2429 830 2501 communis
885 2424 1355 2515 Venetiamm,
1408 2427 1479 2495 in
1528 2427 1878 2519 praesenti
1945 2445 2121 2519 pace
2173 2426 2559 2496 renuntiant
2638 2420 3112 2513 effectualiter,
3192 2421 3279 2496 de
3350 2425 3499 2495 iure
3551 2431 3621 2494 et
3675 2421 3773 2494 de

446 2526 669 2617 facto,
719 2531 789 2601 in
842 2525 1150 2601 manibus
1206 2526 1745 2623 supradictorum
1801 2525 2227 2599 dominorum
2271 2524 2796 2621 Episcoporum,
2847 2526 3376 2599 Procuratorum
3426 2535 3501 2597 et
3553 2532 3767 2597 acto—

447 2654 596 2705 rum
650 2632 811 2704 dicti
883 2630 1139 2704 domini
1204 2629 1425 2723 Regis
1480 2638 1551 2702 et
1603 2650 2090 2703 successorum
2159 2650 2436 2705 suorum
2487 2632 2557 2701 in
2609 2628 2859 2722 Regno
2931 2638 3005 2702 et
3054 2625 3358 2717 Corona,
3407 2630 3529 2703 teti
3581 2627 3773 2703 Dal-

446 2738 724 2825 matiae,
778 2757 820 2805 a
874 2733 1241 2808 medietate
1296 2733 1560 2807 scilicet
1612 2730 1950 2824 Carnarij,
2002 2754 2221 2827 usque
2276 2733 2362 2805 ad
2417 2731 2591 2804 fines
2634 2731 2989 2825 Durachij,
3043 2742 3380 2828 tamquam
3434 2729 3519 2804 ab
3575 2735 3772 2804 anti-

446 2860 582 2933 quo
638 2836 726 2911 de
778 2839 929 2910 iure
982 2858 1203 2930 regno
1257 2847 1328 2910 et
1381 2831 1699 2911 Coronae
1752 2835 2100 2929 Ungariae
2155 2839 2491 2930 spectanti
2542 2844 2615 2908 et
2662 2837 3045 2930 pertinenti.
3142 2834 3311 2908 Item
3361 2833 3486 2906 fuit
3537 2844 3773 2907 actum

414 2943 625 3027 ‚inter
676 2939 894 3013 dictas
947 2949 1206 3035 partes,
1259 2938 1443 3036 quod
1495 2961 1703 3035 super
1753 2938 1938 3012 facto
1993 2937 2336 3012 Standalis
2392 2937 2628 3012 Sancti
2677 2937 2895 3010 Marci
2947 2936 3035 3012 de
3089 2937 3374 3032 Seigna,
3428 2947 3498 3010 et
3549 2940 3769 3009 iuris-

450 3040 767 3116 dictionis
822 3041 1262 3134 Consulatus,
1339 3065 1542 3137 quam
1598 3064 1958 3115 commune
2014 3040 2459 3114 Venetiamm
2510 3044 2579 3114 in
2632 3042 2793 3115 loco
2847 3039 3152 3135 Seignae
3205 3041 3489 3129 obtinet,
3543 3043 3633 3113 sit
3695 3050 3772 3112 et

450 3166 615 3218 esse
695 3143 945 3220 debeat
1012 3149 1084 3219 in
1137 3147 1479 3219 electione
1559 3144 2003 3221 Serenissimi
2079 3143 2354 3218 Domini
2422 3143 2640 3239 Regis
2696 3154 2768 3218 et
2815 3144 3264 3218 Dominorum
3345 3142 3767 3217 Comitorum

451 3247 798 3343 Seigna03
853 3250 1052 3324 simul
1101 3251 1168 3321 in
1223 3248 1357 3321 hac
1408 3248 1680 3322 forma:
1752 3248 2103 3341 videlicet,
2157 3247 2338 3344 quod
2393 3250 2455 3321 si
2497 3247 2961 3344 disposuerint
3009 3248 3127 3321 vel
3177 3249 3513 3342 elegerint
3543 3245 3771 3320 Stan-

420 3349 704 3445 dalem,
775 3361 844 3425 et
898 3351 1341 3427 Consulatum
1394 3352 1483 3425 de
1533 3351 1791 3447 Seigna
1844 3353 2017 3444 tolli,
2089 3351 2271 3448 quod
2338 3349 2474 3424 hoc
2536 3373 2704 3426 casu
2776 3350 2936 3425 dicti
3006 3351 3261 3425 domini
3317 3348 3618 3424 Comites
3674 3349 3772 3423 de

447 3452 708 3548 Seigna
762 3477 1004 3531 carere
1057 3454 1354 3529 debeant
1405 3454 1719 3529 omnibus
1772 3465 1845 3528 et
1896 3456 2183 3550 singulis
2235 3452 2622 3549 beneficiis,
2693 3453 3094 3547 honoribus,
3164 3454 3573 3551 privilegijs,
3627 3475 3771 3550 pa-

448 3560 578 3631 ctis
631 3568 703 3632 et
755 3558 1354 3650 conventionibus,
1434 3580 1610 3655 quae
1679 3555 2013 3633 haberent
2063 3560 2135 3632 in
2184 3556 2502 3651 Venetijs
2570 3567 2640 3632 et
2694 3580 2847 3632 cum
2901 3562 3243 3631 communi
3294 3557 3774 3648 venetiarum,

447 3662 582 3737 nisi
632 3669 794 3737 tunc
839 3663 974 3756 ipsi
1022 3661 1300 3734 Domini
1353 3657 1656 3734 Comites
1711 3660 2018 3757 Seignae
2087 3659 2514 3735 ostenderint
2561 3684 2641 3736 se
2693 3664 2766 3734 in
2816 3660 3132 3754 Venetijs
3185 3671 3255 3735 et
3301 3684 3456 3735 cum
3510 3682 3773 3735 comu-

414 3765 659 3863 „nitate
707 3760 1155 3836 venetiarum
1207 3761 1465 3837 habere
1519 3764 1653 3837 alia
1708 3763 2092 3860 privileg-ia,
2143 3763 2476 3856 honores,
2544 3763 2913 3856 beneficia,
2963 3775 3164 3863 pacta
3218 3776 3290 3839 et
3340 3766 3776 3840 conventio-

444 3887 601 3956 nes,
657 3865 790 3938 alia
842 3869 1244 3957 occasione,
1296 3889 1499 3967 quam
1552 3869 1926 3942 occasione
1982 3866 2342 3960 dictorum,
2397 3867 2723 3944 standalis
2777 3878 2848 3943 et
2878 3866 3312 3961 Consulatus,
3375 3891 3552 3967 quae
3604 3867 3779 3943 dicti

415 3967 535 4059 ‚de
587 3967 904 4063 venetijs
973 3968 1225 4043 habent
1277 3974 1347 4044 in
1398 3971 1558 4044 loco
1633 3969 1965 4067 Seignae,
2045 3992 2180 4067 quo
2261 3992 2430 4047 casu
2509 3971 2620 4044 illa
2675 3971 2836 4062 alia,
2915 3994 3093 4070 quae
3172 3972 3304 4045 alia
3387 3974 3772 4046 occasione

445 4072 894 4146 ostenderent
946 4095 1027 4147 se
1061 4071 1346 4163 habere,
1402 4075 1607 4147 etiam
1642 4077 1712 4147 in
1747 4083 2100 4170 posterum
2150 4072 2471 4166 habeant,
2524 4096 2666 4148 non
2719 4073 3034 4150 obstante
3088 4078 3475 4150 remotione
3527 4074 3768 4149 dicto-

445 4197 595 4248 rum
647 4174 993 4250 Standalis
1047 4186 1119 4250 et
1171 4178 1586 4251 consulatus.
1691 4176 1863 4251 Item
1915 4177 2043 4251 fuit
2094 4187 2316 4250 actum
2373 4187 2447 4251 et
2497 4179 2898 4253 solemniter
2950 4190 3365 4255 conventum
3418 4183 3598 4252 inter
3648 4176 3771 4252 di·-

416 4287 595 4350 -ctas
646 4288 917 4375 partes:
1026 4279 1227 4369 Quod
1297 4302 1539 4355 omnes
1622 4280 1868 4355 subditi
1919 4280 2154 4376 Regii,
2225 4291 2295 4352 et
2346 4284 2680 4377 paecipue
2730 4281 3087 4375 Jadratini,
3167 4294 3306 4356 tam
3359 4286 3429 4355 in
3483 4284 3769 4357 civitate

444 4378 918 4473 venetiarum,
970 4405 1171 4478 quam
1225 4386 1291 4456 in
1349 4381 1860 4479 quibuscunque
1914 4388 2117 4460 terris
2172 4394 2242 4457 et
2291 4383 2468 4458 locis
2522 4385 2651 4458 sibi
2699 4383 3012 4479 subditis,
3064 4389 3332 4483 possint
3385 4395 3457 4460 et
3487 4386 3776 4460 valeant

446 4491 590 4557 tute
658 4495 733 4557 et
801 4506 1050 4558 secure
1132 4489 1452 4577 mercari,
1524 4495 1594 4558 et
1662 4509 1730 4558 m
1813 4489 2124 4562 cationes
2202 4486 2469 4579 facere,
2551 4499 2623 4560 et
2674 4488 2805 4562 alia
2860 4512 3357 4586 quaecumque,
3411 4512 3614 4585 quae,
3698 4500 3776 4563 et

444 4594 647 4679 prout
699 4596 858 4660 ante
910 4598 1349 4683 praesentem
1401 4611 1718 4683 guerram
1803 4612 2011 4661 acere
2079 4600 2415 4686 poterant.
2511 4589 2601 4664 Et
2653 4591 2832 4688 quod
2893 4592 3055 4666 dicti
3109 4591 3355 4668 subditi
3407 4592 3641 4688 Regij,
3698 4604 3774 4665 et

442 4690 814 4783 praecipue
865 4689 1224 4781 Jadratini,
1276 4711 1402 4785 per
1454 4712 1816 4764 commune
1866 4690 2342 4786 venetiarum,
2397 4703 2467 4767 et
2519 4698 2668 4770 eius
2723 4694 3101 4786 officiales,
3162 4694 3462 4792 benigne
3525 4707 3596 4769 et
3651 4695 3778 4768 fa·-

414 4786 846 4887 ‚vorabiliter
896 4801 1294 4882 tractentur,
1359 4796 1508 4866 sine
1562 4795 1783 4890 aliqua
1853 4798 2099 4869 iniuria
2158 4797 2279 4873 vel
2332 4796 2619 4873 offensa.
2729 4798 2916 4873 Sane
2966 4822 3242 4895 semper
3291 4798 3772 4895 intelligendo,

447 4892 630 4990 quod
683 4914 809 4989 per
860 4916 1196 4990 praesens
1252 4893 1627 4991 Capitulum
1680 4920 1813 4972 nec
1867 4900 2090 4996 aliqua
2145 4903 2214 4972 in
2266 4903 2419 4997 ipso
2474 4911 2824 4995 contenta,
2902 4924 3041 4975 non
3094 4903 3557 4997 intelligantur
3607 4902 3776 4976 dicti

418 4994 694 5089 ‘subditi
744 5001 919 5093 regij
977 5020 1103 5071 seu
1152 4998 1507 5093 Jadratini,
1562 5005 1896 5096 navigare
1951 5026 2078 5076 seu
2130 5008 2425 5078 mercari
2477 5026 2690 5100 posse
2743 5009 2813 5079 in
2857 5006 3055 5080 dictis
3108 5004 3374 5098 buccis,
3425 5029 3561 5080 nec
3612 5007 3778 5100 alijs

443 5100 620 5173 locis
673 5103 742 5173 in
795 5105 1141 5198 praesenti
1213 5107 1659 5180 instrumento
1732 5106 2107 5203 prohibitis.
2212 5106 2304 5181 Et
2352 5130 2563 5183 versa
2635 5113 2794 5182 vice
2865 5109 3022 5182 dicti
3092 5107 3346 5183 Veneti
3398 5119 3470 5182 et
3513 5107 3780 5184 subditi

446 5225 683 5277 eorum
738 5208 809 5278 in
862 5228 1081 5301 regno
1134 5205 1507 5304 Ungariae,
1563 5220 1634 5282 et
1684 5214 1889 5283 terris
1943 5221 2015 5284 et
2063 5211 2240 5284 locis
2295 5209 2426 5285 sihi
2479 5210 2792 5302 subditis,
2845 5214 3114 5309 possint
3165 5222 3240 5286 et
3285 5212 3568 5295 valeant
3624 5223 3778 5289 tute

445 5315 517 5378 et
566 5329 816 5382 secure
886 5314 1206 5403 mercari,
1287 5320 1357 5383 et
1408 5316 1869 5389 mercationes
1941 5313 2205 5405 facere,
2276 5323 2346 5386 et
2416 5314 2548 5389 alia
2605 5336 3079 5413 quaecunque,
3156 5338 3362 5413 quae,
3433 5326 3520 5389 et·
3569 5328 3780 5414 prout
