3950 5917
399 710 535 770 182.

398 897 532 953 183.

398 1178 535 1235 184.

395 1462 537 1519 185.

398 1742 536 1804 186.

401 1934 538 1993 187.

400 2217 535 2275 188.

400 2596 537 2653 189.

394 2882 535 2938 190.

397 3166 533 3221 191.

395 3354 532 3412 192.

393 3640 530 3696 193.

388 3927 529 3984 194.

386 4113 528 4171 195.

388 4304 529 4364 196.

387 4494 528 4554 197.

385 4688 525 4745 198-

382 4879 523 4936 199.

380 5170 523 5228 290.

455 5289 462 5300 l

381 5361 523 5422 201.

607 709 760 764 Anao
800 708 973 766 1516.
1009 707 1208 762 Budae.
1277 707 1570 763 Ludovicus
1603 708 1664 763 11.
1700 709 1811 761 Rex
1842 708 2287 778 prothonotariusn
2322 709 2493 777 Regni
2527 707 2806 763 Slavoniae
2855 709 3074 776 octavis,
3127 725 3159 763 a
3194 709 3339 764 Bsuo
3375 711 3515 764 indi·

606 803 806 865 condis,
839 805 1089 856 iuteresse
1117 802 1273 870 jubet
1320 838 3511 859 ..........................

603 898 756 952 Anno
794 897 968 953 1517.
1039 896 1186 950 Feria
1241 899 1292 949 2.
1347 907 1464 966 post
1514 898 1700 951 festum
1752 897 1812 950 B.
1862 896 2138 951 Ualentini.
2208 897 2404 951 Budae.
2474 897 2767 951 Ludovicus
2821 898 2884 951 11.
2936 898 3082 964 Rex,
3137 907 3194 951 ut
3239 900 3515 954 inchoatae

608 1000 854 1056 octavae,
925 992 1070 1046 nullo
1124 991 1359 1045 brevium
1412 991 1591 1047 Budae
1644 992 2077 1046 celebrandorum
2121 992 2437 1059 judiciorum
2490 1001 2733 1062 respectu
2786 992 2996 1059 habito,
3049 995 3336 1048 continuari
3391 1010 3516 1062 pos-

603 1087 725 1152 sint,
777 1089 1022 1154 permittit
1129 1122 3508 1146 ............................

604 1180 757 1234 Anno
797 1181 968 1236 1517.
1023 1180 1173 1234 Fer-ia
1220 1182 1271 1233 4.
1323 1189 1445 1234 ante
1499 1181 1688 1234 iustum
1735 1180 1793 1234 B.
1841 1181 2063 1235 Bathiae
2116 1181 2368 1250 Apostoli.
2420 1181 2621 1235 Budae.
2690 1182 2983 1235 Ladovicus
3017 1182 3077 1236 n.
3132 1183 3260 1248 Rex,
3286 1239 3291 1246 ,
3315 1193 3373 1235 ut
3424 1185 3511 1235 in-

608 1276 827 1328 choatae
880 1284 1131 1341 cetuna,
1197 1276 1342 1329 nullo
1395 1275 1575 1328 Budae
1630 1276 2062 1329 celebrandorum
2114 1275 2348 1330 brevium
2396 1277 2711 1344 judiciorum
2767 1276 2945 1331 habito
3002 1287 3275 1347 respectu,
3341 1279 3511 1330 conti-

607 1372 756 1424 nuari
813 1372 1038 1439 possint,
1096 1373 1341 1440 permittit
1407 1406 3512 1425 .........................

601 1463 757 1518 Anno
795 1464 971 1520 1519.
1029 1467 1112 1518 die
1152 1467 1233 1520 12.
1270 1465 1588 1520 Decembris.
1661 1466 1897 1535 Regnum
1951 1463 2189 1519 Groatiae
2243 1473 2299 1517 et
2350 1461 2639 1517 Dalmatiae
2692 1464 2824 1534 Regi
2878 1465 3199 1535 {iungas-iac,
3256 1467 3345 1533 qui
3398 1482 3515 1518 cum

606 1555 786 1610 Tuscis
821 1558 1005 1611 foedus
1043 1559 1182 1612 nulla
1219 1560 1284 1612 de
1320 1562 1383 1613 iis
1417 1561 1550 1613 sacta
1588 1557 1848 1613 mentione
1904 1560 2196 1630 pepigerat,
2235 1560 2453 1629 amplius
2505 1559 2722 1613 obedire
2775 1557 2979 1622 nolens,
3004 1573 3009 1578 ·
3032 1559 3261 1611 tutellam
3299 1566 3353 1614 et
3387 1575 3515 1628 pro-

605 1654 884 1706 tectionem
919 1652 1181 1706 Pontificio
1218 1656 1433 1708 Romani
1468 1656 1666 1723 expetit
1754 1687 3510 1709 .....................

606 1748 759 1800 Anno
800 1745 974 1802 1525.
1010 1747 1276 1801 Dominica
1314 1735 1544 1817 proxima
1579 1757 1700 1802 ante
1735 1749 1921 1801 festum
1956 1747 2016 1799 B.
2052 1747 2306 1814 Dionysii.
2341 1748 2539 1802 Budae.
2611 1747 3048 1802 Credencionales
3084 1762 3116 1800 a
3152 1747 3412 1800 Ludovico
3447 1746 3507 1799 ll.

607 1842 753 1913 Rege
787 1842 1011 1895 Johanni
1046 1843 1243 1895 Statilio
1279 1843 1346 1895 ad
1383 1843 1616 1897 Diaetam
1651 1844 1820 1914 Regni
1856 1843 2134 1897 Slavoniae
2170 1845 2325 1896 misso
2361 1845 2550 1898 oratori
2588 1844 2741 1897 datae
2796 1879 3510 1899 .........

609 1937 762 1989 Auno
801 1938 975 1994 1525.
999 1972 1003 1976 «
1031 1937 1184 1989 Festo
1220 1936 1282 1992 B.
1317 1936 1539 2008 Philippi
1573 1947 1627 1990 et
1659 1936 1841 1990 ,iacobi
1877 1938 2263 2006 Apostolorum.
2319 1937 2516 1991 Budae.
2585 1938 2878 1991 Ludovicns
2914 1937 2975 1989 11.
3010 1937 3121 1989 Rex
3170 1935 3445 1988 Francisco
3482 1952 3511 1987 a

605 2030 860 2098 Bathyam
895 2031 1040 2084 Bano
1078 2030 1331 2096 Croatiae,
1371 2031 1438 2085 ob
1476 2032 1613 2085 bene
1649 2042 1763 2085 acta
1801 2041 1856 2085 et
1889 2041 2102 2085 tractata
2137 2035 2190 2085 in
2227 2032 2394 2102 Regni
2450 2032 2726 2086 Slavoniae
2781 2030 2952 2084 diaeta
3007 2033 3216 2101 negotia
3273 2029 3508 2098 compla-

606 2117 827 2179 centidm
864 2142 1007 2178 suam
1044 2127 1299 2196 exprimit,
1334 2127 1612 2197 eidemque
1643 2125 1897 2181 Joannem
1933 2127 2074 2196 Taby
2109 2127 2366 2197 collegam
2403 2128 2553 2180 mittit
2624 2161 3509 2180 ...........

605 2219 758 2273 Anno
796 2219 973 2276 1525.
1023 2220 1173 2273 Feria
1228 2222 1281 2274 2.
1332 2231 1452 2291 post
1490 2223 1690 2275 -restum
1743 2222 2092 2276 Pentecostes.
2157 2222 2355 2275 Budae.
2439 2222 2733 2275 Ludovicus
2786 2220 2848 2273 n.
2902 2220 3009 2274 Rex
3062 2219 3391 2273 Franciscnm
3444 2219 3511 2271 de

605 2313 892 2382 Bauium,
958 2314 1125 2384 Regni
1191 2316 1502 2382 Dalmatiae,
1570 2315 1808 2371 croatiae
1868 2325 1924 2371 et
1973 2318 2253 2370 Slavoniae
2315 2316 2516 2369 Banum
2580 2316 2844 2380 bortatur,
2909 2324 2968 2367 ut
3018 2314 3256 2368 omnibus
3320 2314 3512 2365 viribus

606 2409 904 2472 contendat,
959 2426 1063 2479 quo
1118 2413 1327 2481 negotia
1381 2413 1436 2464 in
1489 2412 1669 2465 Diaeta
1720 2413 2012 2474 slavonica,
2065 2413 2132 2465 ad
2188 2428 2343 2481 quam
2394 2410 2648 2465 ,loannem
2703 2410 2979 2478 Deeshazy
3031 2418 3290 2464 oratorem
3343 2409 3509 2472 mittit,

606 2502 744 2557 bene
780 2503 1116 2557 absolvantur
1219 2540 3508 2562 ...........................

607 2597 761 2651 Anno
800 2599 975 2655 1525.
1009 2599 1160 2652 Feria
1197 2604 1248 2655 4.
1285 2609 1401 2669 post
1436 2601 1621 2653 festum
1657 2600 1986 2654 Elisabetbae
2021 2602 2238 2653 viduae.
2273 2601 2473 2654 Budae.
2544 2601 2837 2654 Ludovicus
2871 2600 2933 2652 11.
2969 2600 3079 2653 Rex
3111 2598 3257 2650 Bano
3293 2597 3350 2650 F.
3384 2597 3509 2650 Bat-

604 2693 764 2762 tbyan
798 2693 994 2759 scribit,
1048 2702 1105 2745 ut
1139 2710 1344 2747 omnem
1399 2712 1574 2748 curan
1628 2695 1892 2760 adhibeat,
1948 2712 2054 2766 quo
2088 2695 2151 2748 1υ
2122 2712 2317 2750 oannes
2352 2695 2493 2763 Taby
2549 2711 2673 2748 occ·
2678 2696 2828 2748 sione
2881 2693 3098 2747 Diaetae
3133 2693 3442 2745 8Ιαιοιιίοειο
3480 2708 3507 2742 a

604 2788 886 2857 regnicolis
921 2790 973 2840 in
1011 2791 1275 2856 pristinam
1308 2789 1534 2843 Banatus
1571 2790 1873 2858 dignitatem
1908 2793 2203 2860 recipiatur,
2240 2800 2293 2844 et
2326 2790 2470 2859 Jajce
2506 2789 2815 2844 victualibus
2850 2788 3185 2857 provideatur
3232 2826 3246 2839 .
3319 2827 3332 2841 .

606 2883 759 2935 Anno
796 2883 973 2938 1525.
1038 2883 1186 2936 Feria
1235 2886 1285 2937 6.
1338 2886 1568 2953 proxima
1623 2895 1741 2954 post
1795 2886 1985 2939 festum
2039 2885 2098 2939 B.
2145 2887 2333 2940 Luciae
2386 2886 2629 2956 Virginis.
2690 2885 2889 2939 Budae.
2960 2883 3253 2936 Ludovicus
3285 2881 3347 2934 11.
3401 2881 3509 2935 Rex

601 2977 748 3050 Bano
801 2978 861 3031 F.
894 2978 1150 3045 Battbyau
1200 2979 1396 3045 scribit,
1451 2989 1508 3032 ut
1557 2980 1724 3051 Regni
1778 2980 2015 3034 croatiae
2067 2979 2297 3047 Nobiles,
2352 2983 2442 3050 qui
2476 2997 2663 3050 pacem
2715 2996 2833 3032 cum
2868 2979 3044 3031 Turcis
3056 2977 3379 3047 cupiebant,
3436 2976 3503 3028 ad

604 3074 900 3140 patientiam
936 3075 1176 3144 disponat
1220 3107 3505 3130 ...........................

602 3170 756 3219 Anno
797 3168 969 3223 1530.
1020 3169 1110 3221 die
1151 3171 1231 3223 17.
1273 3169 1453 3222 Martii.
1503 3169 1720 3240 Prsgae.
1789 3171 2148 3223 Ferdinandus
2199 3169 2308 3223 Rex
2360 3170 2817 3223 Locumtenentem
2849 3167 2979 3220 Bani
3017 3168 3084 3246 de
3122 3170 3201 3230 iis,
3257 3182 3392 3236 qnae
3439 3164 3506 3216 ad

606 3263 862 3316 Croatiani
899 3273 1212 3334 caeteraque
1247 3282 1339 3317 sua
1376 3281 1538 3334 regna
1575 3265 1904 3318 defendenda
1940 3268 2186 3334 suscepit,
2222 3266 2413 3318 edocet
2446 3297 3505 3319 .............

601 3357 753 3411 Anno
795 3358 966 3414 1531.
1021 3360 1106 3410 die
1144 3362 1231 3413 27.
1267 3360 1507 3429 Augusti.
1542 3361 1600 3412 ln
1637 3361 1832 3429 oppido
1880 3361 2257 3440 Scherd'yigen.
2328 3360 2688 3412 Ferdiuaudus
2723 3358 2762 3410 1.
2815 3359 2927 3410 Rex
2979 3365 3096 3427 post
3129 3365 3343 3410 montem
3380 3354 3508 3407 Bani

600 3450 814 3505 Joannis
851 3454 1090 3523 Torquati
1143 3455 1382 3508 Karlovic
1434 3456 1751 3525 Episcopum
1802 3455 2183 3508 Tinniniensem
2236 3455 2499 3531 Andream
2554 3456 2770 3524 primum
2825 3453 3282 3506 Locumtenentem
3332 3449 3507 3502 Bana-

603 3546 706 3600 leni
741 3550 972 3601 nominat
1047 3585 1842 3605 ..........
1849 3557 1854 3564 ·
1916 3582 3497 3605 ...................

599 3642 752 3694 Anno
792 3642 965 3700 1567.
1018 3644 1104 3695 die
1156 3644 1244 3696 29.
1278 3641 1417 3697 Julii.
1491 3645 1716 3698 Posonii.
1786 3645 2153 3697 maximilianus
2206 3645 2314 3697 Rex
2371 3643 2645 3708 vict-bani,
2700 3642 3100 3706 Prothonotarii‚
3154 3638 3499 3707 viceprotho-

600 3739 807 3803 notarii,
844 3737 1212 3792 vicecomitum
1248 3749 1301 3792 et
1334 3738 1574 3792 Judicum
1612 3739 1872 3793 Nobilium
1926 3739 2094 3809 Regni
2131 3739 2406 3792 Slavoniae
2459 3738 2601 3792 bona
2652 3737 2942 3793 secundum
2995 3735 3418 3789 consvetudinem
3454 3739 3508 3784 et

602 3833 774 3901 legem
810 3833 1044 3899 ejusdem
1080 3834 1248 3902 Regni
1285 3850 1315 3887 a
1352 3850 1540 3888 census
1574 3842 1628 3887 et
1663 3844 1812 3887 taxae
1848 3835 2092 3904 publicae
2126 3834 2383 3888 solutione
2437 3835 2684 3887 immunia
2720 3848 2837 3886 esse
2873 3831 2985 3884 vult
3056 3862 3503 3882 ......

598 3926 752 3980 Anno
789 3928 965 3982 1577.
1017 3927 1193 3980 Eleusa
1230 3927 1548 3983 Februario.·
1588 3929 1810 3984 Posonii.
1882 3928 2099 3983 camera
2150 3930 2449 4000 flung-riae
2502 3928 2710 3983 Diaetas
2764 3926 2931 3995 Regni
2967 3925 3246 3980 slavoniae
3300 3921 3506 3974 nonnisi

596 4019 743 4074 Bano
769 4021 991 4088 jubeme
1028 4021 1317 4076 celebratas
1352 4024 1511 4078 fuisse
1545 4033 1763 4078 testatur
1785 4048 3501 4089 .....................
3522 4073 3533 4082 ,

597 4116 752 4170 Anno
789 4116 940 4172 1581
953 4117 1194 4174 -1629.
1267 4118 1598 4190 Privilegium
1652 4118 2103 4174 Carolostadiense
2158 4135 2190 4173 a
2242 4118 2470 4190 Regibus
2522 4117 2800 4185 liudolpho
2838 4115 2899 4169 11.
2952 4124 3005 4169 et
3058 4115 3385 4168 Ferdinando
3420 4109 3503 4165 111.

598 4211 868 4283 elargitum
954 4240 3501 4270 ..............................

598 4307 755 4362 Auno
793 4309 968 4363 1599.
1025 4309 1109 4362 die
1151 4311 1232 4361 17.
1267 4309 1402 4376 maji.
1456 4310 1674 4379 Pragae.
1745 4289 2059 4379 liudolphus
2084 4309 2193 4362 Rex
2245 4308 2336 4360 88.
2372 4317 2427 4361 et
2460 4307 2569 4366 00.
2627 4309 2795 4377 Regni
2831 4306 3067 4361 Groatiae
3120 4314 3175 4358 et
3227 4304 3502 4357 Slavoniae

598 4412 866 4472 provocat,
914 4414 973 4455 ut
1004 4405 1059 4457 in
1094 4421 1191 4458 sua
1225 4405 1398 4459 diaeta
1444 4405 1692 4459 Conflniis
1728 4406 2016 4459 Slavonicis
2059 4405 2369 4474 provideant
2447 4435 3501 4456 .............

598 4498 753 4552 Anno
791 4499 967 4555 1618.
1023 4503 1140 4552 15-
1160 4503 1247 4557 25.
1281 4500 1417 4569 maji.
1479 4502 1703 4555 Posonii.
1773 4500 2077 4554 Litterarum
2127 4501 2611 4553 assecuratoriarum
2662 4497 2980 4551 Ferdinandi
3012 4495 3075 4549 11.
3110 4496 3269 4564 Regis
3313 4495 3500 4562 Regno

599 4594 874 4648 Slavoniae
909 4597 1126 4649 seorsim
1164 4596 1283 4650 data
1318 4597 1611 4649 authentica
1648 4598 1792 4666 paria
1897 4625 3488 4649 ...................

592 4689 747 4743 Anno
784 4689 963 4746 1618.
1018 4693 1103 4743 15.
1138 4689 1396 4744 calendas
1429 4690 1604 4745 Julias.
1661 4690 1886 4746 Posonii.
1955 4689 2196 4762 Diploma
2232 4690 2627 4744 assecurationis
2661 4705 2691 4743 a
2726 4687 3058 4743 Ferdinando
3092 4685 3156 4739 11.
3191 4685 3338 4754 Rege
3371 4682 3493 4736 Sta-

594 4784 733 4838 tibns
767 4793 822 4837 et
855 4783 1136 4838 Ordinibus
1170 4786 1340 4857 Regni
1377 4786 1611 4842 Croatiae
1647 4791 1694 4839 e
1729 4787 2005 4840 stas-oniae
2041 4788 2257 4840 seorsim
2295 4788 2470 4840 datum
2519 4817 3495 4839 ............

590 4879 745 4936 Anno
784 4881 958 4937 1620.
1012 4882 1096 4934 die
1137 4884 1202 4934 12
1253 4881 1391 4935 1ιιΙιί.
1446 4882 1693 4936 Viennae.
1755 4881 2122 4960 ferdinandus
2158 4882 2199 4934 11
2272 4882 2380 4935 Rex
2435 4882 2657 4945 ordinat,
2712 4887 2769 4931 ut
2822 4878 3054 4943 Valachss
3105 4878 3157 4929 in
3196 4874 3399 4929 Groatia
3437 4883 3493 4926 et

592 4974 837 5030 slav-mia
873 4977 1147 5047 degentes,
1184 4979 1356 5033 medio
1395 4978 1782 5033 commissionis
1812 4979 1959 5046 juxta
1997 4978 2254 5032 Articulos
2302 4979 2502 5032 diaetae
2538 4994 2587 5029 a.
2628 4976 2764 5030 1618
2791 4975 3140 5043 jurisdictioni
3174 4972 3499 5035 dominorum

590 5076 908 5128 temoni-um
942 5072 1282 5135 subiiciantnr
1385 5107 3488 5130 .........................

589 5172 744 5225 Anno
782 5171 957 5227 1622.
1030 5171 1269 5241 Diploma
1304 5173 1700 5225 assecurationis
1736 5188 1769 5226 a
1803 5172 2132 5226 Ferdinando
2168 5172 2231 5226 11.
2268 5172 2415 5242 Rege
2451 5171 2541 5223 88.
2577 5179 2633 5222 et
2667 5167 2774 5223 00.
2811 5168 2978 5238 Regni
3016 5166 3255 5221 Grontiae
3291 5174 3345 5218 et
3379 5164 3498 5218 Sla-

592 5269 783 5321 vonise
817 5277 936 5321 ante
973 5270 1365 5322 coronationem
1401 5268 1575 5322 datum
1648 5301 3496 5324 ......................

591 5363 744 5419 Anno
781 5364 1187 5422 1622-1692.
1223 5365 1472 5420 Viennae.
1543 5363 1819 5435 Privilegia
1855 5364 2249 5434 Ognlinensiusn
2359 5403 3499 5420 ..............

3526 616 3731 688 Pagina

3619 807 3731 863 262

3614 1090 3730 1148 270

3615 1373 3721 1428 271

3615 1653 3729 1707 272

3618 1841 3731 1895 272

3615 2125 3726 2178 273

3614 2502 3722 2558 2¹74

3490 2824 3503 2837 .
3610 2786 3722 2846 275

3610 3069 3722 3121 276

3605 3541 3717 3594 279
