3950 5917
498 445 651 519 312

492 663 565 725 et
612 650 705 725 de
756 650 962 747 plano
1017 647 1568 736 considerentur,
1621 657 1695 719 et
1746 645 2134 721 seeundum
2174 646 2474 742 allegata
2525 657 2598 719 et
2667 645 2956 744 probata
3005 647 3424 722 Judieentnr.
3505 647 3797 725 Finaliter

486 763 723 830 antem
775 751 1171 826 decisiones
1224 759 1296 824 et
1320 753 1732 825 sententiaa
1782 753 1857 824 in
1907 748 2211 840 casibus,
2263 753 2379 847 qul
2428 752 2500 838 in
2549 753 2702 825 istis
2756 755 3024 825 statutis
3060 749 3436 848 specificati
3471 774 3606 825 non
3639 764 3795 840 mk

496 853 874 930 secundum
927 853 1154 948 Regni
1203 851 1371 927 Jura
1424 852 1758 927 finiantur.

1566 1135 2126 1210 Articulus
2211 1131 2758 1232 Septimus.

809 1341 888 1415 In
956 1342 1364 1415 testimoniis
1413 1338 1868 1436 deponendis,
1944 1361 2084 1412 non
2137 1359 2334 1414 more
2387 1338 2806 1412 sclavonico
2885 1343 2956 1414 in
3008 1341 3289 1414 alterius
3343 1344 3634 1415 animam
3680 1341 3797 1416 Ju-

493 1444 779 1536 rabitur,
858 1443 986 1520 sed
1057 1442 1337 1541 quilibet
1386 1445 1684 1518 seorsim
1756 1441 1843 1515 de
1912 1446 2070 1517 visu
2123 1452 2196 1516 et
2265 1445 2442 1517 scitu
2494 1445 2927 1517 examinatus
2977 1441 3376 1519 Juramento
3428 1442 3796 1532 testabitur;

495 1553 650 1647 quis
703 1559 933 1622 autem
988 1548 1233 1621 melius
1287 1544 1629 1643 probavit,
1681 1543 1724 1617 J
1729 1545 1945 1620 udicis
2002 1555 2073 1618 et
2121 1543 2586 1621 Assessorum
2642 1549 2772 1620 erit
2825 1545 3304 1642 determinare.

1588 1827 2150 1903 Articulus
2247 1826 2733 1902 Octavus.

807 2035 1049 2111 Nullus
1104 2035 1191 2109 ad
1242 2034 1710 2110 Juramentum
1764 2033 2248 2133 praestandum
2297 2037 2432 2110 nisi
2487 2032 2777 2127 JeJ‘unus
2832 2034 3233 2109 admittatur.

1658 2317 2216 2393 Articulns
2295 2316 2726 2408 Nonus.,

805 2527 874 2598 A
927 2530 1265 2600 sententia
1318 2524 1579 2598 Jndicis
1632 2528 1805 2597 intra
1859 2523 2269 2597 decendium
2323 2526 2427 2598 sic
2480 2522 2567 2596 ad
2620 2524 3021 2617 generalem
3055 2524 3432 2620 Appellare
3486 2525 3596 2599 fas
3636 2536 3794 2612 esto,

488 2630 673 2726 quod
723 2635 784 2705 si
831 2652 970 2703 non
1026 2629 1168 2720 fiat,
1239 2629 1494 2725 elapsis
1547 2626 1865 2702 fatalibus
1920 2630 2254 2702 sententia
2307 2636 2613 2701 transeat
2661 2630 2732 2700 in
2783 2650 2932 2701 rem
2985 2626 3397 2718 Judicatam,
3468 2629 3796 2725 appellans

487 2746 718 2808 autem
794 2734 1313 2830 appellationem
1388 2753 1583 2805 suam
1662 2734 1833 2804 intra
1888 2754 2093 2804 unum
2173 2731 2635 2819 introducere,
2714 2753 2799 2802 ac
2851 2734 3025 2803 intra
3080 2732 3254 2804 duos
3310 2733 3487 2805 alios
3541 2750 3796 2804 menses

487 2839 816 2934 prosequi
889 2834 1228 2930 obligatus
1282 2837 1393 2925 sit,
1475 2835 1798 2908 alterutro
1854 2840 2037 2908 enim
2088 2856 2227 2907 non
2300 2838 2392 2907 ita
2447 2833 2846 2926 observato,
2917 2835 3307 2931 Appellatio
3359 2857 3487 2931 pro
3545 2834 3800 2911 deserto

486 2939 844 3030 habeatur,
914 2949 984 3011 et
1036 2939 1391 3012 Sententia
1442 2937 1944 3012 Executionem
2001 2941 2381 3028 sorciatur,
2451 2947 2523 3010 et
2589 2940 2703 3035 qui
2773 2937 2954 3011 male
3017 2937 3467 3034 appellaverit
3537 2941 3609 3011 in
3655 2936 3802 3011 Ex-

487 3044 727 3138 pensis
772 3040 1215 3115 damnabitur.

1581 3298 2139 3372 Articulus
2213 3296 2722 3372 Decimus.

803 3503 1230 3593 Sententiae,
1298 3504 1412 3578 ubi
1479 3506 1707 3579 nullae
1758 3503 2280 3600 Appellationes
2351 3507 2793 3600 interpositae
2864 3503 3140 3596 fuerint,
3214 3506 3480 3603 ellapso
3545 3506 3800 3580 decimo

490 3607 602 3681 die
655 3630 784 3704 per
833 3608 1133 3682 Knesios
1186 3609 1305 3682 vel
1354 3631 1560 3681 unum
1614 3632 1710 3682 ex
1759 3607 2261 3681 Assessoribus
2313 3607 2727 3681 Executioni
2781 3607 3296 3683 demandentur.
3404 3608 3541 3696 Qui
3590 3619 3802 3683 autem

484 3732 736 3809 parere
787 3716 1292 3803 recusaverint,
1346 3711 1722 3786 secundum
1779 3711 2166 3807 qualitatem
2222 3711 2451 3784 delicti
2503 3715 2887 3808 puniantur,
2953 3713 3075 3785 vel
3125 3718 3332 3787 etiam
3385 3717 3448 3788 si
3500 3715 3800 3788 enormi·

484 3824 595 3888 tas
647 3817 1086 3889 resistentiae
1137 3815 1206 3888 id
1259 3819 1352 3890 ita
1403 3818 1756 3905 meruerit,
1810 3814 1900 3887 ad
1949 3813 2290 3911 Regimen
2341 3815 2662 3890 bellicum
2713 3821 3167 3909 remittantur,
3219 3816 3648 3915 procedente
3695 3817 3804 3889 ni-

485 3916 851 3993 bilominus
904 3923 1339 3995 executione.

1768 4274 2530 4333 mmmmm.

1631 4503 2185 4576 Articulus
2246 4502 2702 4578 Primus.·

800 4704 1089 4783 Cuilibet
1120 4707 1314 4800 Pago
1366 4709 1486 4782 vel
1540 4707 1788 4804 oppido
1843 4709 1950 4782 sui
2003 4711 2173 4782 certi
2222 4707 2473 4782 limites
2528 4707 3079 4785 determinentur.

1540 4966 2097 5041 Articulus
2175 4963 2741 5040 Secundus.

793 5171 872 5246 Si
906 5175 1023 5269 qui
1056 5170 1145 5246 de
1180 5170 1523 5246 frumento
1577 5169 1800 5246 adbuc
1848 5175 1919 5245 in
1972 5171 2189 5266 Agris
2241 5175 2611 5261 existente,
2666 5171 2788 5244 vel
2838 5170 2929 5245 de
2977 5171 3131 5247 aliis
3180 5168 3390 5247 rebus
3440 5169 3796 5246 mobilibus

478 5275 872 5451 ἓοιῗιὴέὲὶιίἒε
894 5274 1816 5453 cpffigtpnirztgtolssmptorque
1867 5273 2006 5348 boc
2055 5274 2324 5350 duobus
2375 5275 2493 5350 vel
2543 5272 2758 5349 tribus
2808 5274 3130 5351 'festibus
3181 5274 3480 5372 probare
3531 5276 3792 5374 poterit,
