3950 5917
484 394 649 470 478

484 598 874 694 praemisso
927 594 1072 669 Usu
1127 593 1514 668 confectum
1568 592 1854 678 babere,
1908 592 2292 688 eodemque
2339 596 2408 666 in
2445 597 2830 686 signatione
2884 596 3180 666 omnium
3229 601 3306 664 'et
3356 589 3808 686 quarumlibet

488 698 1016 796 Expeditionum
1072 720 1347 772 suarum
1401 700 1614 770 instar
1682 697 1967 768 aliorum
2022 696 2311 790 praefati
2363 694 2589 789 Regni
2641 696 2871 771 Nostri
2923 696 3318 789 Hungariae
3368 694 3809 790 Partinmque

486 803 732 876 Eidem
786 800 1210 874 adnexarum
1290 797 1738 874 comitatuum
1813 797 2126 892 Ceraque
2194 797 2397 871 rubra
2453 803 2548 871 uti
2599 803 2884 894 possint.
2992 797 3203 892 Cujus
3257 797 3527 893 quidem
3582 798 3808 891 Sigilli

490 907 705 980 Arma
763 915 833 980 et
880 905 1182 996 Insignis
1246 906 1599 998 sequentia
1655 901 1917 974 forent:
2003 901 2283 974 Scutum
2335 899 2660 974 videlicet
2711 913 3041 989 erectum,
3112 902 3624 973 horizontaliter
3680 923 3810 974 seu

490 1011 939 1083 transversim
994 1017 1286 1096 sectum,
1338 1029 1425 1077 ac
1478 1010 1832 1101 superiore
1886 1003 2089 1076 Parte
2142 1004 2467 1099 polariter
2513 1003 2937 1101 bipartitum3
3005 1005 3175 1079 Pars
3245 1008 3459 1099 prima
3523 1002 3812 1076 exhibet

488 1109 818 1188 Tesselas
890 1111 1167 1183 antelati
1218 1108 1443 1203 Regni
1495 1109 1728 1182 Nostri
1785 1106 2104 1180 Croatiae
2155 1107 2470 1201 Argento
2525 1117 2594 1179 et
2645 1112 2853 1182 minio
2908 1116 3194 1181 stratas:
3273 1105 3441 1179 Pars
3496 1105 3808 1179 secunda

492 1238 535 1286 e
588 1213 903 1308 Digmute
983 1222 1424 1309 pervetustae
1479 1222 1549 1284 et
1596 1234 1636 1282 a
1692 1209 1961 1283 Seculis
2046 1207 2351 1283 florentis
2403 1209 2731 1283 Familiae
2782 1210 3059 1302 Majlatb
3116 1212 3203 1283 de
3258 1209 3635 1305 Szekbely,
3713 1232 3808 1281 ex

491 1340 622 1412 qua
695 1321 1005 1389 nimirum
1081 1319 1577 1388 rementionato
1660 1313 1815 1386 huic
1885 1312 2245 1386 Comitatui
2326 1311 2818 1385 Szeverinensi
2891 1312 2978 1386 de
3046 1313 3474 1408 providentia
3545 1312 3805 1384 Nostra

484 1419 706 1513 Regia
761 1424 1016 1514 primus
1067 1418 1306 1513 obtigit
1358 1418 1731 1512 Supremus
1787 1414 2039 1489 Comes
2094 1427 2166 1488 et
2199 1414 2619 1505 Moderator,
2669 1415 2885 1490 refert
2934 1420 3004 1488 in
3057 1417 3246 1489 Area
3297 1415 3538 1511 Cyano
3591 1420 3806 1488 tincta

485 1523 883 1597 Ancboram
937 1524 1388 1615 Argenteum,
1440 1519 1750 1614 Pugione
1802 1540 2043 1608 aureo,
2097 1518 2402 1614 fulgente
2442 1517 2701 1614 Copulo
2740 1531 2810 1592 et
2845 1519 3045 1593 viridi
3096 1517 3315 1591 Ramo
3361 1517 3609 1591 olivae
3667 1518 3806 1591 de-

489 1628 744 1700 cussim
797 1628 1164 1720 inscriptis,
1219 1632 1594 1697 oneratam.
1698 1622 1871 1696 Pars
1922 1622 2195 1694 demum
2251 1623 2443 1694 Scuti
2493 1622 2783 1696 inferior
2833 1623 3177 1708 caerulea,
3231 1622 3318 1694 ad
3369 1621 3804 1694 Allusionem

484 1728 732 1801 Portus
793 1728 995 1821 Regii
1048 1732 1114 1801 in
1172 1726 1507 1801 Comitatu
1560 1726 1781 1799 hocce
1835 1725 2330 1799 Szeverinensi
2384 1729 2783 1808 constructi,
2855 1729 3155 1797 cernitur
3213 1728 3390 1797 inter
3457 1724 3807 1819 praealtos

490 1830 1310 1926 candicantes-Scopulos
1356 1853 1485 1902 seu
1517 1829 1789 1902 Montes
1843 1839 2165 1924 petrosos
2221 1825 2736 1902 Commercialis
2787 1828 3119 1901 Maritima
3176 1826 3415 1913 Navis,
3472 1830 3807 1922 expansis

486 1931 709 2022 Velis,
763 1932 921 2006 albo
974 1933 1176 2007 viridi
1230 1944 1300 2006 et
1350 1931 1558 2006 rubro
1615 1930 1976 2005 Coloribus
2030 1930 2394 2025 Ungaricis
2455 1934 2683 2003 tinctis
2738 1934 3149 2003 extremitati
3211 1929 3426 2003 Navis
3481 1933 3806 2002 sinistrae

485 2034 703 2109 infixo
755 2040 1009 2109 minuto
1062 2036 1295 2109 Rubro
1345 2035 1651 2123 Vexillo,
1706 2033 2000 2108 Crucem
2055 2045 2123 2107 et
2175 2044 2545 2129 quaternos
2626 2034 2910 2107 Fluvios
2961 2033 3347 2127 Ungaricos
3428 2032 3805 2107 referente.

484 2137 564 2212 In
618 2137 872 2211 Centro
947 2141 1228 2231 majoris
1298 2137 1499 2232 hujus
1573 2138 1762 2211 Sonti
1828 2141 2215 2211 continetur
2266 2136 2444 2209 aliud
2497 2139 2719 2209 minus
2773 2135 3135 2209 Pectorale
3214 2135 3463 2208 dictum
3517 2135 3804 2208 Scutum

482 2243 819 2332 Aureum,
873 2241 960 2314 de
1015 2243 1337 2337 peculiari
1414 2240 1960 2315 Clementissima
2031 2238 2507 2313 Concessione
2557 2239 2806 2342 Nostra
2874 2237 3239 2313 initialibus
3310 2240 3805 2332 Angustissimi

478 2342 920 2441 Imperatoris
964 2345 1118 2418 Filii
1155 2345 1390 2419 Nostri
1427 2343 1779 2419 Carissimi
1817 2355 1885 2416 et
1920 2343 2158 2416 Nostri
2212 2345 2552 2416 nominum
2606 2342 2659 2415 1.
2696 2372 2755 2412 n.
2800 2342 2890 2416 M.
2928 2342 3004 2415 Τ.
3043 2345 3505 2437 conspicuum.
3558 2340 3806 2414 Eidem

481 2446 640 2520 huic
692 2447 903 2520 Scuto
957 2446 1204 2541 Majori
1254 2445 1579 2521 incumbit
1630 2445 1906 2519 Corona
1941 2446 2268 2539 Vulgaris
2320 2466 2570 2534 aurea3
2649 2442 3094 2518 Telamonum
3132 2443 3343 2517 Vices
3397 2443 3808 2517 obeuntibus

480 2549 643 2622 hinc
691 2547 927 2624 Leone
979 2573 1220 2636 aureo,
1289 2551 1473 2622 illinc
1507 2549 1756 2644 Aquila
1811 2551 2024 2621 nativi
2077 2547 2375 2637 Coloris,
2414 2546 2758 2643 Capitibus
2792 2571 2831 2619 a
2878 2547 3091 2621 Scuto
3140 2550 3431 2620 aversis.
3487 2547 3804 2640 Sigillum
3899 2567 3918 2581 ·

482 2674 659 2727 vero
710 2655 931 2749 ipsum
982 2654 1161 2726 haec
1190 2650 1582 2749 Epigrapbe
1618 2673 1743 2725 seu
1780 2653 2378 2745 superinscriptio:
2433 2650 2866 2745 Sigillum
2903 2648 3409 2724 Comitatus
3446 2649 3804 2724 Saeve-

481 2759 928 2845 rinensis,
981 2757 1407 2828 circumdare
1455 2756 1735 2828 visitur:
1798 2751 2380 2838 Quemadmodum
2435 2754 2611 2827 baec
2646 2757 2873 2827 omnia
2918 2757 2985 2826 in
3028 2757 3355 2850 principio
3402 2773 3527 2826 seu
3563 2751 3808 2849 Capite

479 2862 867 2953 praesentis
918 2857 1342 2953 Doplomatis
1396 2856 1657 2946 Nostri,
1709 2854 2000 2929 Pictoris
2055 2855 2301 2929 edocta
2358 2878 2559 2929 manu
2603 2867 2676 2929 et
2709 2855 2994 2930 artificio
3021 2857 3478 2952 -proprijsque
3533 2866 3606 2929 et
3658 2879 3803 2951 ge-

480 2962 706 3033 nuinis
759 2964 904 3035 suis
958 2957 1303 3035 coloribus
1357 2961 1609 3035 clarius
1663 2959 1930 3056 depicta
1983 2969 2057 3031 et
2106 2957 2196 3031 ob
2250 2957 2508 3033 Oculos
2560 2951 2954 3034 intuentium
3009 2960 3297 3033 lucidius
3350 2964 3575 3056 posita
3634 2981 3803 3034 esse

485 3064 1088 3158 conspicerentur3
1141 3072 1523 3138 annuentes
1576 3072 1646 3137 et
1698 3084 1793 3136 ex
1840 3072 2032 3135 certa
2066 3071 2299 3136 nostra
2334 3065 2620 3136 scientia
2675 3067 3036 3158 animoque
3091 3062 3469 3136 deliberato
3525 3084 3806 3137 conce-

483 3161 756 3255 dentes,
830 3176 902 3238 ut
970 3165 1189 3240 Idem·
1216 3164 1590 3239 Comitatus
1668 3165 2202 3239 Szeverineusis
2279 3169 2527 3259 vigore
2601 3170 2985 3262 praesentis
3035 3165 3316 3260 benigni
3393 3165 3804 3260 Diplomatis

482 3265 720 3341 Nostri
796 3271 1068 3364 plenum
1121 3292 1317 3344 suum
1396 3269 1918 3343 stabilimentum
1971 3279 2043 3341 et
2095 3266 2623 3343 Consistentiam
2707 3273 3082 3366 accipiens,
3161 3281 3365 3366 atque
3419 3268 3505 3341 ad
3562 3291 3802 3365 parem

486 3392 639 3442 cum
694 3371 973 3468 reliquis
1024 3372 1251 3467 Regni
1303 3372 1535 3447 Nostri
1585 3372 1980 3466 Huugariae
2057 3371 2490 3468 Partiumque
2541 3370 2784 3445 Eidem
2856 3371 3278 3446 adnexarum
3355 3373 3796 3445 Activitatem

481 3493 612 3569 per
659 3471 808 3549 Nos
859 3479 1124 3571 positus
1177 3499 1216 3548 a
1268 3475 1475 3549 modo
1528 3480 1598 3549 in
1648 3485 2001 3571 posterum
2053 3473 2294 3548 futuris
2347 3486 2419 3549 et
2468 3479 2814 3571 perpetuis
2886 3497 3164 3572 semper
3221 3473 3677 3569 Temporibus
3733 3478 3797 3547 in

485 3573 801 3651 omnibus
872 3587 943 3651 et
995 3580 1284 3674 singulis
1350 3577 1781 3652 Litteralibus
1849 3578 2323 3652 Instrumentis
2396 3588 2467 3651 et
2533 3578 3098 3675 Expeditionihus
3165 3588 3306 3651 tam
3373 3578 3797 3652 Forensibus

482 3700 688 3774 quam
737 3679 1058 3756 Juridicis
1112 3682 1399 3777 aliisque
1452 3680 1861 3777 quibuslibet
1908 3679 2202 3755 Nomine
2251 3680 2733 3756 Universitatis
2787 3681 3123 3778 saepefati
3176 3679 3553 3756 Comitatus
3587 3681 3795 3773 *Sne-

486 3784 879 3857 verinensis
934 3783 1386 3880 expediendis
1438 3785 1710 3859 Litteris
1765 3782 2038 3857 Cerave
2087 3782 2291 3857 rubra
2346 3807 2441 3858 ex
2489 3784 2791 3879 benigno
2845 3785 3109 3858 Indultu
3145 3796 3218 3857 et
3254 3783 3486 3858 Gratia
3541 3783 3796 3860 Nostra

484 3886 773 3980 speciali
850 3886 1303 3982 clementique
1380 3888 1770 3961 Annuentia
1842 3890 1938 3960 nti
2009 3909 2288 3984 semper
2353 3892 2572 3984 possit
2639 3911 2725 3961 ac
2777 3889 3032 3978 valeat,
3136 3887 3285 3962 lmo
3337 3888 3796 3982 indulgemus,

489 3990 846 4062 annuimus
901 3999 972 4062 et
1023 3989 1491 4081 concedimus,
1543 3989 2089 4086 roboramusqne
2141 4001 2213 4063 et
2262 3989 2716 4086 approbamus
2754 3992 2953 4085 hujus
3005 3992 3238 4066 Nostri
3291 3991 3585 4064 Secreto
3637 3991 3802 4065 Ma-

324 4173 333 4180 ,
477 4091 623 4181 iori
674 4092 918 4185 Sigillo
951 4092 1236 4180 Nostro,
1289 4114 1425 4189 quo
1471 4104 1542 4166 ut
1575 4093 1841 4187 Regina
1878 4092 2274 4188 Hungariae
2326 4097 2595 4181 utimur,
2649 4094 3063 4191 impendenti
3116 4098 3508 4168 communiti
3552 4094 3805 4190 Diplo·

484 4195 690 4268 matis
741 4198 990 4290 vigore
1044 4207 1112 4269 et
1163 4196 1606 4270 Testimonio.
1711 4196 1955 4270 Datum
2010 4219 2137 4293 per
2187 4218 2426 4271 manus
2486 4197 2742 4271 Fidelis
2798 4198 3033 4272 Nostri
3084 4197 3301 4272 Nobis
3355 4202 3632 4273 sincere
3688 4199 3804 4272 di-

483 4294 654 4369 lecti
704 4295 1113 4394 Spectabilis
1167 4322 1252 4372 ac
1304 4299 1650 4395 Magnifici
1704 4297 1986 4374 Comitis
2010 4297 2390 4392 'Francisci
2440 4299 2871 4398 Eszterbazy
2920 4301 3010 4374 de
3065 4300 3425 4391 Galantba,
3486 4300 3804 4396 Perpetui

482 4399 556 4472 in
610 4398 913 4493 Frakno,
988 4403 1208 4476 Aurei
1258 4402 1556 4478 Velleris
1608 4413 1680 4476 et
1726 4425 1862 4477 una
1914 4403 2213 4495 Insignis
2267 4402 2540 4478 Ordinis
2602 4404 2839 4477 Sancti
2907 4404 3234 4500 Stephani
3304 4403 3522 4498 Regis
3594 4404 3805 4500 Apo-

484 4502 716 4577 stolici
766 4503 1063 4599 Magnae
1117 4504 1356 4580 Crucis
1409 4506 1698 4604 Equitis,
1753 4504 2126 4599 Camerarij
2185 4504 2682 4602 Consiliarique
2717 4506 2950 4582 Nostri
2996 4508 3307 4581 Actualis
3350 4507 3599 4599 Intimi,
3657 4506 3811 4581 Co·-

482 4608 760 4681 mitatus
809 4606 1314 4685 Mossoniensis
1384 4610 1699 4707 Supremi
1771 4608 2081 4701 Comitis,
2152 4608 2401 4683 Curiae
2470 4610 2771 4685 Nostrae
2838 4610 3108 4704 Regiae
3176 4610 3489 4704 Magistri
3561 4621 3636 4683 et
3685 4633 3814 4708 per

486 4708 855 4783 antelatum
908 4711 1230 4789 Nostrum
1300 4712 1694 4808 Hungariae
1746 4711 2060 4806 Regnum
2115 4713 2342 4786 Aulae
2391 4711 2716 4804 Nostrae,
2794 4725 2996 4810 prout
3045 4724 3116 4787 et
3166 4712 3457 4810 praefati
3506 4713 3812 4809 Insignis

489 4810 764 4887 Ordinis
843 4815 1082 4889 Sancti
1154 4816 1481 4913 Stephani
1562 4816 1969 4909 Cancellarij
1995 4868 2018 4903 ,
2097 4820 2166 4889 in
2250 4816 2757 4890 Archi-Ducali
2835 4816 3130 4891 Civitate
3208 4816 3460 4891 Nostra
3537 4817 3813 4891 Vienna

489 4915 845 5010 Austriae,
923 4918 1054 4992 Die
1132 4918 1418 4993 Decima
1470 4918 1732 4995 Mensis
1786 4919 2043 5015 Aprilis
2122 4919 2328 4994 Anno
2382 4919 2656 4993 Domini
2732 4920 3094 4994 Millesimo
3139 4920 3816 5017 'septingentesimo

486 5018 1023 5117 Septuagesimo
1077 5022 1373 5114 Octavo,
1459 5023 1856 5119 Regnorum
1909 5021 2320 5097 Nostrorum
2371 5023 2790 5117 Hungariae,
2843 5024 3220 5098 Bohemiae
3274 5034 3342 5097 et
3393 5025 3816 5119 reliquorum

492 5123 704 5198 Anno
784 5124 1172 5219 Trigesimo
1252 5125 1543 5201 Octavo.
1647 5127 2306 5218 Reverendissimis,
2385 5126 2887 5226 illustrissimis,
2967 5126 3403 5201 Reverendis
3480 5132 3646 5200 item
3731 5151 3817 5200 ac

488 5223 1021 5305 venerabilibus
1100 5233 1172 5305 in
1250 5227 1523 5304 Christo
1602 5228 1940 5320 Patribus,
2020 5231 2332 5304 Dominis
2408 5230 2715 5326 Josepbo
2787 5253 2830 5303 e
2903 5230 3280 5305 Comitibus
3332 5231 3422 5303 de
3474 5230 3817 5327 Battbyan

320 5379 333 5388 -
490 5325 838 5428 Perpetuo
892 5337 963 5406 in
1015 5333 1534 5426 Nemethujvar‚
1616 5333 1816 5409 Sacri
1864 5332 2161 5412 Romani
2208 5332 2482 5431 Imperii
2536 5333 2875 5432 Principe,
2949 5334 3472 5430 Strigoniensis,
3539 5335 3815 5408 Adamo
