3950 5917
496 384 653 462 450

1958 1095 2360 1177 CCLV.

1455 1379 1662 1451 Anno
1725 1378 1958 1452 1767.
2035 1379 2102 1449 1.
2159 1381 2477 1475 Anqusti.
2552 1379 2873 1450 Viennae.

503 1639 801 1719 Maria
914 1638 1391 1717 Theresia
1509 1642 2013 1718 erectioni
2125 1644 2353 1717 novi
2468 1639 2908 1750 Consilii
3005 1637 3287 1742 Regii
3383 1637 3835 1717 Croatici

1752 1777 2025 1854 ultro
2110 1776 2586 1854 inhaeret.

506 2061 808 2136 MARIA
881 2060 1340 2134 THERESIA
1410 2059 1566 2154 DEI
1639 2060 1871 2135 Gratia
1941 2061 2406 2134 Romanorum
2477 2061 2884 2157 Imperatrix
2956 2060 3203 2149 Vidua,
3277 2082 3361 2130 ac
3415 2059 3840 2153 Hungariae‚

508 2165 909 2254 Bohemiae‚
962 2165 1381 2252 Dalmatiae‚·
1427 2163 1773 2255 Croniae,
1825 2163 2563 2339 {ffggg'tgazzueoedgc
2617 2164 2886 2258 Regina
2926 2162 3355 2258 Apostolica‚
3411 2162 3842 2236 Archi-Dux

823 2520 1247 2609 Reverendi‚
1300 2518 1785 2608 Honorabiles‚
1840 2516 2297 2613 Spectabiles‚
2352 2539 2437 2588 ac
2486 2515 2859 2611 magnifici,
2936 2517 3285 2612 Magnifici
3337 2522 3498 2590 item
3550 2518 3844 2614 Egregii

513 2638 584 2701 et
638 2623 949 2713 Nobiles,
1004 2646 1137 2700 nec
1193 2644 1332 2695 non
1383 2620 1790 2706 Prode-ntes,
1847 2642 1931 2690 ac
1988 2616 2508 2715 circumspecti,
2563 2620 2838 2695 Fideles
2891 2619 3107 2694 Nobis
3161 2621 3431 2693 Dilecti.
3537 2622 3658 2693 Ex
3713 2622 3845 2694 de-

512 2734 723 2804 missa
769 2727 1199 2800 Fidelitatum
1238 2725 1640 2797 vestrarum
1695 2722 1918 2796 isthuc
1970 2720 2098 2795 suh
2156 2722 2277 2796 13.
2331 2732 2652 2796 recenter
2705 2723 2923 2819 elapsi
2969 2723 3232 2796 Mensis
3285 2724 3443 2818 Julij
3503 2724 3846 2797 submissa

511 2832 1203 2928 Repraesentatione‚
1254 2827 1627 2899 clementer
1682 2824 2041 2921 aequidem
2097 2833 2301 2920 atque
2361 2825 2638 2898 uberius
2685 2827 3143 2899 intelleximus
3179 2825 3633 2902 Reflexiones
3671 2828 3850 2915 illas,

517 2956 689 3032 quas
759 2931 1065 3004 Eaedem
1137 2928 1354 3002 Nobis
1426 2932 1692 3022 ratione
1771 2931 2156 3017 necerecti,
2229 2931 2301 3001 in
2353 2930 2503 3003 istis
2555 2928 2962 3019 Dalmatiae,
3035 2926 3356 3001 Croatiae
3410 2941 3482 3002 et
3534 2931 3851 3003 Sclavo-

516 3038 676 3109 niae
727 3034 993 3128 Regnis
1049 3032 1334 3106 Consilii
1384 3032 1620 3106 Nostri
1670 3030 1902 3124 Regii,
1974 3030 2342 3103 humillime
2394 3031 2878 3128 proponendas
2933 3034 3427 3104 existimarunt.

834 3136 1001 3209 Cum
1056 3135 1490 3208 nihilominus
1548 3132 1635 3205 ad
1689 3155 1981 3228 aequam
2015 3132 2315 3206 Lancem
2365 3137 2694 3229 expensis
2746 3156 2872 3229 pro
2927 3144 2998 3206 et
3049 3145 3288 3206 contra
3329 3135 3851 3210 occurrentibus

518 3240 797 3314 motivis
850 3241 1027 3312 ultro
1085 3260 1355 3333 quoque
1409 3240 2016 3332 comperissemus,
2080 3246 2219 3308 tum
2274 3235 2587 3310 altissimi
2620 3237 2900 3310 Servitii
2937 3236 3170 3311 Nostri
3204 3237 3431 3330 Regii,
3487 3249 3634 3310 tum
3685 3239 3852 3310 Boni

520 3342 795 3440 publici,
868 3365 907 3414 a
964 3343 1414 3436 consequenti
1486 3343 1789 3435 ipsorum
1842 3342 2047 3412 etiam
2099 3349 2670 3434 praeattactorum
2724 3339 3124 3433 Regnorum
3178 3340 3582 3413 Nostrorum
3648 3341 3853 3413 Utili-

517 3448 675 3520 tatis
730 3454 802 3518 et
853 3441 1384 3516 Commodorum
1435 3446 1770 3516 rationem
1823 3439 1893 3512 id
1947 3463 2363 3537 exposcere,
2415 3452 2491 3515 ut
2545 3444 2635 3531 ei,
2692 3443 2875 3538 quod
2927 3442 3058 3514 hac
3112 3447 3181 3514 in
3235 3466 3313 3515 re
3357 3445 3500 3535 jam
3556 3467 3602 3515 a
3645 3447 3853 3540 priori

522 3557 787 3621 matura
836 3545 1352 3620 Deliberatione
1401 3544 1714 3619 discussa
1761 3543 1976 3617 Nobis
2033 3545 2411 3617 clementer
2462 3554 2762 3618 statuere
2816 3548 3038 3618 visum
3097 3556 3226 3634 est,
3282 3544 3614 3640 deinceps
3675 3569 3854 3640 qno-

525 3673 659 3749 que
712 3671 839 3746 pro
893 3648 1181 3722 Munere
1233 3648 1490 3723 Nostro
1542 3648 1768 3741 Regio
1823 3648 2240 3721 insistamus.

834 3751 1216 3848 Eapropter
1294 3750 1733 3843 (Juramento
1806 3753 2010 3823 etiam
2090 3772 2218 3846 per
2288 3748 2749 3845 Spectabilem
2831 3773 2914 3821 ac
2985 3749 3420 3843 Magnificum
3515 3749 3856 3824 Comitem

521 3856 783 3929 Banum
853 3855 1160 3927 Fidelem
1232 3852 1446 3927 Nobis
1527 3874 1826 3948 syncere
1895 3852 2264 3942 Dilectum,
2348 3875 2476 3948 qua
2555 3857 2958 3948 praeattacti
3029 3854 3207 3927 Novi
3280 3853 3562 3944 Consilij
3625 3854 3859 3926 Nostri

521 3958 727 4052 Regii
796 3957 1195 4030 Praesidem
1264 3959 1333 4027 in
1405 3959 1795 4051 praesentia
1860 3954 2111 4028 Nostra
2170 3953 2800 4050 Caesareo-Regia
2862 3957 3006 4047 jam
3080 3956 3393 4052 deposito
3470 3960 3854 4038 existente)

522 4058 989 4133 Fidelitatibus
1043 4057 1315 4132 Vestris
1367 4056 1631 4130 hancce
1682 4054 2077 4151 benignam,
2134 4066 2340 4151 atque
2397 4067 2823 4132 constantem
2872 4056 3309 4132 Voluntatem
3366 4058 3727 4146 Nostram,
3779 4081 3855 4128 ea

525 4185 679 4236 cum
735 4163 1040 4235 ulteriori
1078 4161 1609 4235 clementissima
1647 4160 2134 4233 Declaratione
2190 4159 2708 4254 significandam
2746 4183 2908 4233 esse
2948 4161 3308 4250 duximus3
3363 4160 3561 4247 Quod
3607 4185 3855 4257 quem-

525 4263 888 4338 admodum
944 4263 1092 4338 Nos
1153 4263 1426 4337 Novum
1498 4263 1633 4336 hoc
1689 4261 2063 4335 Consilium
2135 4263 2430 4357 Regium
2511 4266 2582 4336 in
2652 4262 2965 4338 omnibus
3036 4264 3122 4336 ad
3194 4263 3518 4337 Normam
3576 4263 3856 4339 Consilii

526 4365 1176 4440 Locumtenentialis
1230 4365 1464 4440 Nostri
1514 4366 1914 4460 Hungarici‚
1995 4368 2066 4438 in
2116 4364 2381 4460 Regnis
2457 4368 2661 4439 etiam
2731 4368 2880 4441 istis
2932 4366 3342 4456 Dalmatiae,
3414 4365 3744 4440 Croatiae
3795 4376 3857 4437 et

528 4469 949 4543 Sclaveniae
1002 4468 1479 4560 instituendum
1550 4467 1848 4562 benigne
1921 4467 2387 4560 decrevimus,
2468 4472 2559 4540 ita
2633 4471 2835 4541 etiam
2909 4467 3217 4561 ejusdem
3276 4470 3724 4544 Activitatem
3796 4478 3856 4538 et

525 4572 1072 4668 Dependentiam
1134 4572 1340 4644 talem
1422 4575 1695 4643 omnino
1778 4576 1845 4644 in
1912 4569 2222 4644 omnibus
2277 4581 2347 4643 et
2410 4571 2723 4664 singulis,
2805 4572 3023 4666 qualis
3101 4575 3501 4666 praeattacti
3572 4573 3849 4658 Consitij

526 4673 763 4750 Nostri
833 4674 1478 4746 Locumtenentialis
1549 4674 1751 4767 Regii
1821 4674 2191 4767 Hungarici
2263 4683 2413 4759 est„
2504 4673 2840 4764 futuram,
2930 4697 3153 4769 neque
3207 4674 3354 4746 Nos
3409 4675 3854 4747 admissurus.

529 4787 606 4850 ut
669 4777 838 4850 Illud
914 4776 1246 4872 Spheram
1320 4777 1708 4849 Activitatis
1780 4776 1966 4848 Suae
2038 4776 2158 4848 vel
2226 4779 2296 4847 in
2365 4775 2790 4866 Militat-ibus,
2855 4776 2972 4848 vel
3046 4779 3112 4848 in
3182 4777 3467 4872 publicis
3546 4777 3854 4871 Negotiis

527 4901 806 4976 quoquo
876 4878 1085 4952 Modo
1158 4878 1495 4967 excedat3
1566 4882 1726 4973 quin
1795 4883 2021 4974 potius
2097 4888 2479 4967 curaturam
2561 4889 2633 4950 ut
2701 4884 2771 4951 in
2823 4878 2930 4952 his
2984 4879 3259 4952 Banalis
3335 4881 3741 4952 Authoritas
3795 4890 3852 4947 et

529 4983 838 5057 Statuum
931 4991 1000 5054 et
1066 4980 1393 5054 Ordinum
1482 4981 1710 5075 Regni
1776 4981 2119 5053 Activitas
2214 4979 2506 5076 Semper
2578 4980 2833 5054 Salvae
2917 4992 3284 5054 maneant:
3392 4983 3564 5053 Hinc
3661 4989 3855 5054 ettam

527 5083 831 5179 henigne
887 5084 1341 5159 admittimus:
1451 5084 1537 5157 Ut
1588 5106 1724 5157 non
1783 5084 2004 5157 solum
2059 5085 2232 5156 haec
2286 5083 2468 5157 Novi
2525 5083 2808 5157 Consilii
2863 5084 3067 5177 Regii
3120 5107 3246 5179 per
3298 5084 3444 5156 Nos
3499 5084 3681 5156 facta
3739 5085 3860 5156 lu-

530 5192 789 5263 stitutio
842 5192 912 5261 in
964 5191 1277 5283 proxima
1335 5185 1658 5261 Generali
1712 5185 1938 5282 Regni
1991 5187 2388 5282 Huugariae
2436 5186 2681 5259 Diaeta
2734 5187 3241 5277 inarticuletur3
3321 5186 3581 5259 Verum
3629 5191 3854 5259 etiam.

530 5300 605 5363 ut
671 5300 904 5386 partes
954 5289 1365 5377 Maritimae,
1447 5298 1604 5362 actu
1672 5312 1798 5385 per
1854 5289 2225 5364 Consilium
2283 5287 2715 5364 Comerciale
2766 5310 3171 5387 possessae,
3245 5299 3315 5362 ut
3388 5290 3720 5364 hactenus
3778 5287 3858 5358 ab
