3950 5917
3274 409 3428 488 -161

1590 928 1981 1013 cxvl.

1032 1247 1243 1317 Anao
1315 1243 1546 1317 1388.
1631 1243 1758 1318 19.
1813 1246 2171 1317 lanuarii.
2233 1244 2534 1340 Spoleti.

161 1524 802 1628 Spalatenses
884 1519 1505 1628 sigismundi
1587 1521 1890 1627 Regis
1974 1526 2708 1627 protectionem
2796 1548 3175 1628 unaque
3238 1518 3441 1629 pri-

495 1662 1111 1766 vilegiorum
1180 1686 1562 1743 suorum
1628 1662 2485 1742 confirmationem
2549 1675 3062 1767 quaerunt.

424 1931 510 2006 ln
568 1933 813 2007 Christi
868 1937 1142 2007 nomine
1193 1934 1441 2006 Amen.
1548 1932 1696 2006 Nos
1746 1931 2099 2006 Jobannes
2152 1931 2240 2004 de
2290 1931 2696 2005 Pizinacolis
2751 1933 2839 2006 de
2891 1934 3210 2026 Ancona,
3285 1932 3434 2006 Ca-

57 2113 58 2120 ,
159 2041 455 2132 pitaneus,
512 2036 797 2112 Judices
843 2041 909 2110 de
943 2035 1327 2112 Consiliarii
1364 2035 1670 2110 Ciuitatis
1707 2036 1990 2132 Spalati,
2046 2034 2245 2110 vobis
2281 2039 2449 2111 viris
2484 2035 2821 2110 nobilibus
2856 2034 3157 2111 Mattbeo
3196 2036 3433 2134 Chry-

57 2161 60 2216 ἓ
164 2140 430 2236 stopbori
482 2145 552 2215 dc
606 2139 851 2214 Nicole
906 2140 1197 2232 Sricbie,
1269 2139 1846 2214 Ambaxatoribus
1894 2143 2185 2231 nostris,
2258 2140 2546 2213 salutem
2601 2149 2671 2213 et
2723 2143 2993 2216 sincere
3047 2139 3435 2216 dilectionis

161 2242 457 2316 affectum.
511 2244 773 2317 Harum
828 2249 1011 2318 serie
1049 2248 1523 2318 committimus
1560 2243 1785 2335 vobis,
1840 2243 2020 2338 quod
2075 2245 2278 2340 (pro)
2326 2255 2519 2348 parte
2571 2253 2805 2318 nostra
2844 2246 2947 2317 ire
2985 2241 3288 2318 debeatis
3342 2244 3433 2318 ad

160 2345 658 2422 Serenissimum
712 2359 783 2421 et
831 2345 1362 2424 lllustrissimum
1415 2348 1798 2445 Principem
1851 2348 2217 2420 Dominum
2252 2358 2558 2420 nostrum
2594 2345 3126 2440 sigismundum,
3178 2347 3433 2440 Vnga-

157 2454 258 2538 rie,
321 2451 687 2543 Dalmatie,
759 2449 1035 2525 croatie
1103 2452 1369 2546 Regem
1441 2453 1764 2542 inclitum,
1841 2463 1907 2522 et
1961 2451 2047 2524 ad
2104 2453 2626 2526 Serenissimam
2695 2452 3052 2523 Dominam
3127 2463 3430 2525 nostram

57 2555 58 2558 ’
157 2551 476 2628 Dominam
531 2554 849 2647 Mariam,
919 2556 1316 2651 Regnorum
1380 2557 1751 2629 eorundem
1827 2555 2159 2649 Reginam
2230 2556 2550 2647 inclitam,
2608 2566 2677 2628 et
2732 2557 2989 2629 eisdem
3046 2567 3114 2628 et
3165 2560 3431 2651 utrique

162 2679 362 2731 eorum
410 2683 570 2731 cum
625 2663 810 2732 omni
860 2664 1247 2734 reuerentia
1300 2659 1733 2749 inclinabitis,
1787 2666 1961 2732 sicut
2013 2658 2255 2732 honori
2290 2659 2515 2754 Regio
2569 2671 2639 2731 et
2688 2670 2925 2734 nostro
2981 2664 3424 2754 cognoscetis

57 2765 58 2772 ’
167 2767 527 2854 conuenire,
587 2763 675 2836 de
729 2771 855 2837 su'a
909 2767 1382 2855 coronatione,
1435 2762 1862 2854 liberatione,
1915 2767 2248 2856 regimine
2302 2775 2371 2836 et
2424 2766 2565 2838 suis
2621 2763 2929 2836 felicibus
2994 2764 3430 2840 successibus

161 2869 663 2959 congaudentes.
767 2866 942 2958 NoS,
997 2870 1355 2942 consilium
1405 2877 1707 2943 nostrum
1779 2870 2095 2958 ciuitatis,
2177 2871 2366 2942 ciues
2420 2877 2490 2940 et
2540 2869 2802 2940 incolas
2873 2870 3166 2940 civitatis
3238 2871 3431 2954 regie

165 2966 576 3063 Spalatensis,
634 2994 759 3042 sue
812 2969 1150 3046 Maiestati
1202 2971 1664 3062 fidelissimos,
1721 2982 1791 3043 et
1844 2993 2016 3066 quos
2068 2974 2137 3043 in
2186 2975 2399 3066 regiis
2453 2971 2971 3047 aduersitatibus
3042 2984 3275 3045 contra
3333 2983 3435 3044 tot

153 3069 326 3145 'nobis
375 3075 673 3148 aduersa
730 3074 1194 3172 comprobauit
1265 3085 1591 3150 constans
1646 3086 1715 3149 et
1765 3098 1937 3149 vera
1990 3071 2190 3162 fides,
2260 3087 2339 3149 vt
2388 3079 2727 3149 notorium
2781 3087 2914 3164 est,
2987 3100 3432 3150 recommen-

169 3173 363 3249 dabitis
414 3178 711 3268 eisdem,
768 3182 941 3251 sicut
992 3179 1384 3254 discretioni
1434 3177 1674 3254 vestre
1727 3178 2066 3252 videbitur
2116 3182 2516 3272 conuenire,
2566 3190 2635 3252 et
2689 3184 2745 3252 si
2796 3179 2998 3254 vobis
3069 3181 3431 3270 videbitur,

169 3276 410 3354 aduersa
483 3283 929 3376 distinguere.
1034 3282 1181 3356 Nos
1235 3293 1306 3356 et
1357 3281 1712 3358 Ciuitatem
1797 3281 2240 3372 excusabitis,
2297 3285 2358 3356 si
2410 3293 2566 3357 ante
2622 3283 2708 3356 ad
2761 3305 3019 3380 eorum!
3049 3282 3430 3358 Maiestatis

166 3400 271 3453 non
315 3389 619 3458 misimus
671 3385 1232 3476 Ambassatores,
1288 3392 1440 3483 quia
1497 3410 1631 3458 non
1686 3391 2052 3484 potuimus,
2122 3397 2259 3458 tum
2331 3396 2608 3484 propter
2675 3391 2940 3460 viarum
3014 3386 3430 3478 discrimina,

163 3493 269 3557 tum
312 3500 591 3586 propter
667 3511 985 3585 guerram
1038 3491 1234 3563 nobis
1287 3490 1562 3577 factam,
1634 3501 1705 3562 et
1756 3491 2000 3564 damna
2054 3491 2261 3580 illata,
2333 3500 2406 3562 et
2455 3495 2848 3585 grauamina
2921 3491 3154 3581 multa,
3227 3489 3426 3565 nobis

163 3591 420 3686 impensa
494 3617 625 3689 per
691 3593 958 3689 Regem
1013 3593 1270 3686 Bosne,
1332 3594 1637 3668 Priorem
1710 3595 1992 3667 Aurane
2046 3605 2116 3666 et
2167 3594 2340 3668 alios
2395 3594 2538 3667 Sue
2591 3593 2967 3668 Maiestatis
3015 3593 3305 3687 emulos,
3359 3606 3433 3668 et

59 3735 60 3748 ÷
160 3691 265 3764 alia
311 3707 382 3769 vt
433 3697 638 3788 infra,
694 3722 825 3794 que
880 3702 1104 3771 omnia
1160 3702 1327 3772 satis
1379 3709 1540 3771 nota
1594 3705 1749 3771 sunt
1811 3697 2148 3792 omnibus,
2205 3698 2292 3772 de
2347 3697 2588 3794 quibus
2642 3703 2810 3770 estis
2863 3698 3257 3793 plenissime
3308 3701 3431 3771 in-

159 3791 411 3890 formati,
467 3824 605 3897 que
655 3824 785 3873 nec
824 3811 1135 3875 cessaret
1185 3823 1317 3875 nec
1354 3813 1657 3894 cessant,
1692 3806 1759 3874 in
1796 3801 2092 3875 futurum
2142 3802 2486 3894 videmus,
2540 3806 2673 3876 nisi
2727 3801 2950 3875 diuina
3004 3801 3427 3899 prouidentia

161 3919 389 3976 manum
461 3908 767 4001 porrigat
840 3905 1259 3997 adiutricem,
1333 3916 1401 3978 et
1471 3905 1612 3978 Sue
1683 3903 2061 3981 Maiestatis
2130 3910 2428 4002 potentia
2501 3918 2882 3997 succurrat,
2954 3905 3135 4003 quod
3189 3906 3430 3979 facere

161 3999 454 4098 dignetur,
531 4010 1007 4105 supplicamus.
1106 4008 1498 4083 Nouissime
1550 4008 1878 4082 Maiestas
1931 4008 2184 4083 Vestra
2237 4009 2508 4103 fideles,
2561 4015 2699 4086 imo
2759 4009 3201 4085 fidelissimos
3261 4033 3428 4084 suos

159 4103 562 4202 Spuntenses
631 4114 1007 4209 requisiuit,
1081 4124 1158 4185 vt
1209 4113 1298 4187 ad
1351 4113 1658 4186 eiusdem
1717 4115 2129 4211 presentiam
2210 4112 2718 4189 Ambaxatores
2791 4114 3233 4208 destinarent,
3303 4136 3429 4211 pro

161 4211 634 4288 confirmatione
686 4220 958 4291 vnionis
1015 4227 1084 4290 et
1133 4222 1351 4315 pacis,
1404 4240 1604 4313 quam
1660 4217 2073 4290 concludere
2147 4214 2538 4290 intendebat
2590 4228 2660 4291 et
2708 4218 2947 4292 facere
3016 4239 3172 4292 cum
3230 4217 3431 4291 Duce

161 4323 218 4384 et
245 4313 722 4394 communitate
747 4319 1235 4412 Venetiamm3
1293 4323 1405 4418 qui
1437 4326 1536 4394 vti
1573 4319 1688 4413 filij
1730 4318 2117 4394 obedientie
2153 4329 2225 4394 et
2256 4323 2411 4394 veri
2444 4315 2712 4410 fideles,
2764 4343 2923 4415 nos,
2978 4339 3179 4421 quam
3213 4323 3430 4396 velo-

163 4417 281 4493 cius
325 4431 705 4518 potuerunt,
734 4424 1255 4522 'expediuerunt
1305 4430 1489 4498 iuxta
1546 4425 1929 4498 mandatum
1984 4424 2385 4522 predictum,
2440 4434 2511 4499 et
2545 4420 2762 4522 gratia
2815 4425 2949 4499 Dei
2999 4449 3132 4500 nos
3186 4424 3430 4501 auidos

162 4521 358 4596 colere
404 4524 832 4604 Maiestatem
884 4527 1203 4603 Vestram
1258 4529 1625 4603 deuotione
1677 4540 1844 4621 tota,
1899 4532 1968 4602 in
2023 4527 2330 4603 eiusdem
2384 4528 2667 4603 deduxit
2720 4540 3166 4627 conspectum
3218 4552 3427 4603 man-

165 4620 293 4698 dato
336 4627 728 4707 Maiestatis·
758 4631 1030 4708 Vestre.
1136 4633 1260 4707 His
1316 4634 1512 4708 dictis
1568 4632 1827 4707 stabitis
1882 4644 1952 4706 et
2003 4655 2411 4731 responsum
2460 4631 2972 4733 exspectabitis,
3029 4637 3090 4709 si
3125 4633 3431 4725 dabitur3

165 4733 221 4797 u
247 4732 300 4802 si
328 4753 460 4807 non
494 4733 782 4828 dabitur,
833 4736 1281 4833 procurabitis
1318 4741 1525 4828 scire,
1583 4737 1741 4833 quid
1794 4737 2048 4811 factum
2097 4741 2185 4812 sit
2235 4737 2323 4813 de
2372 4738 2722 4837 predictis,
2777 4748 2892 4812 aut
2943 4760 3078 4833 que
3132 4739 3221 4811 sit
3275 4740 3431 4833 ejus

165 4829 443 4927 intentio3
496 4850 565 4913 et
601 4861 808 4937 super
840 4841 974 4915 boc
999 4839 1442 4937 providebitis
1482 4839 1927 4924 ordinefisto:
1980 4840 2307 4916 videlicet
2357 4841 2678 4916 conferre
2730 4841 2992 4916 debetis
3047 4865 3200 4915 cum
3237 4844 3426 4915 Am-

167 4925 581 5015 hxiaton‘bus
651 4945 933 5040 aliarum
1003 4955 1335 5019 terrarum
1386 4945 1756 5038 Dalmatie,
1829 4955 1898 5019 et
1966 4944 2221 5020 hortari
2270 4945 2637 5020 Dominum
2705 4939 2973 5041 Regem
3039 4945 3126 5019 ad
3180 4969 3425 5044 pacem

171 5057 291 5112 cum
339 5043 635 5121 omnibus
690 5060 759 5121 et
809 5052 1132 5147 precipue
1187 5073 1342 5122 cum
1392 5048 1715 5141 Venetis,
1800 5053 1956 5145 quia
2006 5048 2188 5124 bona
2242 5060 2313 5124 et
2365 5074 2447 5123 ea
2502 5052 2776 5124 minima
2829 5050 3200 5123 concordia
3255 5072 3428 5123 cre-

173 5155 354 5237 scunt,
403 5147 736 5224 discordia
808 5155 1108 5226 maxima
1161 5152 1562 5247 dilabuntur,
1636 5136 1705 5240 {t
1758 5154 2139 5251 supplicare
2192 5177 2277 5227 ac
2325 5151 2716 5251 proposse
2766 5175 3167 5256 procurare,
3240 5154 3428 5251 quod

161 5261 594 5328 temnamus
663 5255 815 5358 sub¹
838 5259 1266 5354 protectione
1319 5268 1390 5331 et
1440 5245 1739 5331 dominio
1811 5255 2087 5332 Corone
2150 5253 2525 5353 Vngarice,
2579 5267 2649 5334 et
2700 5258 2880 5354 quod
2932 5259 3006 5332 in
3057 5258 3232 5334 alios
3284 5278 3427 5332 non

157 5351 632 5460 ‚transiet-amur,
688 5367 757 5432 et
809 5360 987 5458 quod
1041 5361 1293 5435 nullum
1348 5361 1546 5435 alium
1621 5361 1986 5436 dominium
2052 5362 2173 5466 ⁸‘vel
2228 5383 2589 5436 commune
2659 5360 2911 5437 babeat
2974 5361 3092 5436 vel
3165 5365 3427 5462 aquirat

342 5513 486 5578 (rm
514 5516 554 5569 1.
586 5519 753 5574 rma.
789 5532 840 5574 ee
873 5483 1090 5589 uben)
2564 5483 2573 5502 ¹
2904 5491 2999 5567 21
