3950 5917
3167 408 3178 421 “
3220 396 3370 473 117

152 606 491 701 nonaum-ij
528 602 877 703 plurinum
907 605 1375 697 necessarios,
1426 603 1517 679 de
1558 602 1824 681 eisdem
1872 604 2247 703 priuilegijs
2300 604 2663 679 collective
2715 602 3148 702 excipiendo,
3200 626 3372 702 pre-

150 709 404 791 sentibus
450 711 695 784 nostris
743 709 984 787 litteris
1033 707 1593 806 priuilegialibns,
1644 707 1732 784 de
1782 706 2004 786 verbo
2059 708 2145 782 ad
2194 706 2481 783 verbum
2533 708 3080 801 transsumendo,
3133 717 3372 783 trans-

148 812 315 893 αἱδί
341 823 407 888 et
436 813 656 908 sigillo
706 822 947 888 nostro
998 808 1403 907 consignari
1440 811 1680 887 facere
1730 812 2184 907 dignaremur.
2238 812 2369 900 Qui
2419 811 2688 909 quidem
2741 813 3003 886 articuli
3052 815 3122 885 in
3176 811 3369 887 dictis

149 916 361 993 duobus
405 917 775 1014 priuilegijs
822 917 1036 1014 ipsius
1087 916 1343 990 domini
1391 914 1675 989 Andree
1726 914 1970 1010 Regis,
2024 916 2112 989 de
2164 914 2382 990 verbo
2436 915 2523 989 ad
2564 915 2851 990 verbum
2900 914 3145 991 talibus
3196 938 3374 990 ver-

153 1022 342 1097 borum
385 1019 867 1119 prolationibus
915 1022 1177 1094 inventi
1224 1018 1442 1095 fuisse
1494 1018 1954 1096 dinoscuntur.
2033 1019 2555 1116 Principaliores
2608 1042 2876 1117 quoque
2928 1028 3000 1093 et
3048 1021 3372 1111 servicia,

150 1148 251 1222 que
283 1146 399 1199 nos
430 1127 557 1221 ipsi
586 1134 899 1221 tempore
931 1123 1233 1198 Ducatus
1266 1125 1510 1213 nostri,
1564 1122 1652 1197 de
1688 1122 1932 1198 eodem
1970 1120 2305 1198 Comitatu
2348 1126 2732 1219 recepimus
2783 1127 3149 1216 annuatim,
3198 1145 3373 1221 pre-

152 1230 287 1305 senti
326 1229 561 1325 pagine
614 1227 932 1302 duximus
979 1225 1367 1303 inserenda.
1470 1225 1604 1300 Pro
1655 1229 2039 1302 marturinis
2089 1246 2499 1323 vnaquoque
2565 1229 2832 1302 mansio
2899 1229 3142 1322 viginti
3193 1248 3374 1323 qua-

158 1342 275 1405 tuor
311 1330 641 1407 ffisnticos
696 1332 970 1407 soluere
1017 1339 1289 1407 tenetur
1354 1333 1738 1421 annuatim3
1805 1329 1891 1404 ab
1960 1330 2094 1403 hac
2144 1339 2370 1404 autem
2438 1332 2951 1404 marturinamm
3021 1332 3375 1406 solucione

156 1436 324 1511 ullus
369 1444 724 1533 exemptus
774 1444 910 1527 est,
959 1444 1192 1531 preter
1241 1437 1560 1533 quinque,
1628 1454 1913 1530 quorum
1962 1433 2096 1508 bec
2148 1443 2302 1510 sunt
2352 1437 2663 1507 nomina.-
2733 1435 3053 1509 Brennue
3102 1438 3172 1508 in
3222 1434 3375 1508 Bo·

152 1539 326 1627 aeta,
367 1538 647 1631 Wlkan,
704 1537 970 1632 Berkis,
1019 1537 1307 1633 Bogdan
1358 1548 1431 1612 et
1482 1535 1782 1627 Gostu03
1859 1540 2143 1614 istorum
2213 1540 2505 1634 quinque
2552 1535 3034 1634 Jobagionum,
3103 1537 3381 1635 quilibet

156 1665 271 1717 cum
310 1641 611 1721 run-ihus
666 1643 947 1719 uterinis
999 1651 1071 1719 et
1120 1640 1507 1740 nepotibus,
1567 1640 1818 1719 debent
1868 1643 2169 1717 ecclesie
2219 1650 2362 1715 tres
2413 1663 2667 1739 pensas
2713 1645 3082 1733 annuatim,
3132 1650 3203 1716 et
3237 1640 3373 1714 de-

160 1766 418 1821 scensum
461 1757 737 1837 tenere,
802 1766 1056 1843 porcos
1123 1768 1297 1823 uero
1346 1748 1583 1841 regios
1634 1744 1840 1820 debet
1906 1744 2206 1821 ecclesia
2278 1744 2366 1820 de
2415 1754 2558 1819 tota
2607 1755 2792 1820 terra
2841 1768 2969 1821 sna
3021 1745 3377 1841 colligere,

158 1852 247 1939 iu,
284 1850 443 1947 quod
488 1850 723 1925 nullus
774 1847 860 1922 ab
913 1871 1150 1925 eornm
1212 1849 1568 1929 solucione
1620 1850 1707 1927 ast
1756 1858 2138 1947 exemptus.
2241 1848 2498 1925 Omnes
2566 1871 2736 1923 uero
2803 1851 2920 1925 isti
2989 1848 3379 1946 supradicti,

162 1954 241 2049 qui
278 1954 522 2029 soluunt
568 1963 724 2029 tres
775 1974 1054 2049 pensas,
1104 1975 1230 2051 per
1277 1961 1491 2027 totum
1540 1974 1826 2048 regnum
1875 1952 2249 2048 Hungarie,
2303 1952 2388 2026 ad
2439 1955 2813 2029 iussionem
2877 1950 3195 2043 Abbatis,
3263 1954 3382 2027 vel

160 2057 311 2148 illius,
352 2062 457 2155 qui
504 2060 709 2132 uices
755 2059 933 2149 eius,
1008 2056 1324 2131 mandato
1376 2059 1616 2234 Ἇηίιιε,
1695 2057 2132 2156 suppleuerit,
2201 2060 2466 2153 quoties
2517 2060 2688 2133 iussi
2737 2054 3010 2148 fuerint,
3085 2060 3381 2154 preprijs

163 2162 304 2257 equis
347 2171 411 2235 et
458 2159 866 2259 sumptibus,
914 2162 1047 2258 ipsi
1096 2169 1166 2237 et
1213 2160 1381 2235 bere
1431 2180 1510 2236 es
1562 2182 1826 2252 eorum,
1903 2164 2006 2237 ire
2057 2170 2395 2251 tenentur,
2446 2169 2520 2233 et
2568 2165 2631 2235 si
2679 2163 2782 2235 ire
2832 2161 3194 2252 noluerint,
3246 2158 3381 2233 ab-

162 2259 292 2337 tatis
330 2264 564 2339 iudicio
621 2262 1088 2341 subiacebunt.
1190 2263 1520 2341 Homines
1571 2263 1659 2338 do
1710 2263 1866 2339 foro
1916 2264 2020 2338 To
2069 2264 2228 2355 lice,
2304 2273 2533 2365 preter
2597 2267 3024 2355 marturinas,
3091 2263 3387 2339 reddere

166 2363 355 2443 debent
394 2369 719 2447 tunellam
769 2370 937 2461 vini,
986 2366 1237 2443 bouem
1287 2390 1522 2456 vnum,
1576 2377 1645 2443 et
1697 2366 1783 2443 de
1836 2371 1940 2445 sin
2173 2366 2482 2443 domibus
2531 2390 2775 2465 panem
2825 2390 3063 2461 vnum,
3123 2377 3194 2441 et
3242 2366 3378 2441 boc

170 2478 248 2542 ter
280 2474 337 2547 in
377 2495 579 2565 anno,
636 2472 905 2548 scilicet
952 2474 1024 2547 in
1073 2472 1283 2547 natali
1329 2472 1629 2561 Domini,
1680 2474 1749 2545 in
1784 2471 2043 2568 pascha
2095 2480 2165 2546 et
2208 2474 2280 2546 in
2331 2474 2791 2569 assumptione
2839 2470 3042 2546 beate
3075 2473 3384 2567 virginis.

78 2664 79 2693 ᾧ
172 2570 417 2651 Preion-ea
464 2575 830 2653 sciendum
863 2585 998 2668 est,
1053 2574 1233 2672 quod
1283 2574 1588 2674 hospites
1642 2574 1730 2650 de
1771 2574 1927 2650 foro
1980 2575 2289 2677 Toplice,
2342 2576 2625 2670 singulis
2671 2578 2865 2653 annis
2910 2575 3150 2650 decem
3203 2597 3384 2672 peu-

172 2696 257 2753 m
290 2677 753 2770 bisaticorum,
822 2678 1046 2755 eidem
1097 2679 1397 2756 ecclesie
1472 2679 1749 2754 soluere
1813 2688 2154 2771 tenentur,
2205 2681 2277 2753 in
2326 2682 2676 2755 nativitate
2746 2683 3035 2777 quinque
3103 2701 3385 2776 pensas,

174 2789 231 2855 et
257 2784 310 2857 in
347 2784 591 2881 pascha
652 2786 946 2883 quinque
995 2804 1276 2881 pensas,
1328 2792 1557 2880 preter
1606 2785 2034 2876 marturinas,
2086 2803 2282 2882 quas,
2336 2785 2511 2861 sicut
2561 2784 2674 2879 alij
2730 2783 3017 2859 soluant.
3121 2783 3383 2880 Hospi-

178 2889 261 2957 tes
292 2896 477 2963 tutem
528 2899 601 2965 et
662 2896 1055 2965 castrenses
1106 2906 1350 2962 omnes
1400 2890 1847 2987 prenominati
1884 2882 2282 2981 Comitatus,
2335 2887 2606 2965 soluant
2654 2890 3070 2964 monasterio
3106 2886 3388 2984 Toplice

178 2988 362 3081 iuguli
401 2993 486 3068 de
529 2992 827 3089 siugulis
876 2989 1340 3069 mansionibus
1392 2994 1730 3069 annuatim
1784 2990 2094 3066 cubulum
2129 3013 2337 3067 vnum
2387 2990 2729 3085 frumenti,
2781 3001 2852 3066 et
2885 2992 3088 3065 alium
3132 3013 3386 3080 avene,

182 3093 319 3167 edus
368 3118 690 3173 mensura
742 3098 870 3171 erit
919 3104 1206 3195 quatuor
1270 3115 1648 3195 pugnorum
1698 3105 1770 3173 et
1819 3105 2107 3192 quatuor
2156 3094 2541 3191 digitorum,
2594 3119 2637 3171 a
2685 3094 2868 3171 festo
2921 3117 2980 3172 s.
3033 3092 3385 3170 Michaelis

182 3213 336 3295 nque
375 3200 453 3275 ad
500 3199 764 3277 festum
836 3203 1135 3274 omnium
1206 3207 1617 3293 sanctorum,
1696 3200 1872 3273 sicut
1939 3208 2011 3273 et
2056 3201 2490 3290 marturinas,
2541 3208 2612 3272 et
2663 3198 3140 3275 collectoribus
3218 3198 3390 3274 duas

183 3301 469 3396 fugiebas,
518 3308 591 3379 e't
650 3301 963 3379 cubulum
1039 3324 1248 3379 vnum
1326 3325 1551 3377 avene
1603 3311 1675 3377 et
1725 3302 2045 3401 gallinam
2120 3324 2346 3379 vnam.
2449 3300 2596 3378 Nos
2668 3303 2994 3404 siquidem
3072 3305 3267 3377 iustis
3320 3314 3391 3376 et

178 3396 419 3495 legitimis
486 3406 946 3505 peticionibus
1021 3404 1267 3507 prefati
1339 3404 1568 3481 fratris
1640 3404 2018 3499 Gujllermi,
2095 3404 2381 3483 Abbatis
2434 3405 2522 3482 de
2571 3399 2878 3504 Toplica,
2930 3402 3392 3480 fauorabiliter

176 3504 425 3597 nolimu,
474 3511 826 3610 predictos
877 3511 1227 3601 articulos,
1280 3531 1407 3586 seu
1459 3510 1798 3587 clausulas
1849 3512 2313 3603 necessarias,
2366 3509 2456 3585 de
2507 3509 2769 3586 eisdem
2839 3507 3102 3586 duobus
3170 3512 3392 3606 priui-

176 3605 323 3705 legiis
349 3618 821 3712 prememorati
866 3613 1120 3690 domini
1152 3612 1435 3691 Andree
1486 3616 1702 3708 regis,
1755 3614 2116 3691 collectiue
2170 3615 2577 3711 excipiendo
2616 3617 2765 3691 sine
2816 3613 3268 3689 diminucione
3321 3621 3396 3687 et

176 3729 465 3807 muto
516 3719 820 3819 aliquali,
869 3716 1299 3817 presentibus
1349 3721 1602 3793 nostris
1653 3718 1894 3795 litteris
1945 3717 2504 3817 priuilegialibns,
2558 3718 2646 3794 de
2696 3716 2914 3793 verbo
2968 3719 3058 3793 ad
3107 3715 3394 3793 verbum

176 3810 397 3895 buinna
442 3824 659 3899 inseri
711 3832 783 3897 et
823 3822 1047 3919 sigillo
1095 3831 1333 3898 nostro
1385 3825 1725 3897 autentico
1779 3825 2197 3919 consignari,
2250 3820 2636 3898 uberiorem
2689 3822 2779 3896 ad
2829 3824 3182 3897 cautelam.
3235 3822 3395 3895 Da-

182 3924 273 3993 tn
312 3927 371 3997 in
415 3925 811 4024 Thopolcba
863 3924 1146 4002 sabatho
1197 3928 1509 4023 proximo
1563 3935 1720 4003 ante
1770 3924 2178 4001 dominicam
2229 3924 2495 4001 laetare.
2595 3925 2801 4003 Anno
2854 3926 3107 4002 domini
3155 3923 3402 4000 unte-

174 4024 302 4098 dno
345 4033 819 4108 trecentesimo
858 4018 1435 4129 quinquagesimo.

178 4246 577 4331 hrum-pto
614 4259 1003 4331 Privilociorum
1037 4258 1292 4315 &bafia
1325 4257 1724 4329 Tbopunkennis.
1880 4327 1898 4343 ·

1336 4628 1345 4635 ο
1446 4610 2060 4631 m
