3950 5917
496 401 669 488 874

497 619 715 704 agant
765 610 1142 686 seeundum
1191 609 1358 683 Jura
1399 619 1471 686 et
1503 612 2075 690 oonsvetudinem
2109 614 2305 688 istius
2341 612 2569 708 Regni
2599 616 2819 692 noan-i
2862 612 3322 706 Solanoniae3
3369 616 3502 692 nisi
3548 615 3799 696 Jeme*

502 735 635 798 nes
668 712 913 812 Tbaby
961 714 1178 792 vellet
1228 715 1842 794 extraordinarium
1892 715 2232 791 Judieium
2283 717 2453 790 ultra
2501 716 2750 796 subire.
2838 718 3130 814 Reliqua
3180 742 3276 794 ex
3305 722 3459 817 ipso
3509 720 3802 798 solnm

499 817 751 915 Thaby
828 829 1033 916 atque
1086 821 1293 896 efiam
1344 819 1613 898 Nunnio
1665 829 1784 896 tuo
1834 820 2187 896 Antbonio
2239 821 2510 898 literato
2564 826 2888 920 accipies.
2991 823 3360 898 Hortamur
3403 834 3506 914 tes,
3572 848 3674 901 ea·
3698 825 3802 902 cli-.-

504 921 789 1018 ligentia
861 932 933 997 et
993 921 1403 998 dexteritate
1455 946 1602 1005 rom
1657 941 1929 1002 omnem
1981 941 2214 1017 eures,
2284 935 2358 1000 ut
2385 928 2709 1026 „majores
2789 926 3146 1005 molestiae
3210 925 3430 1004 Nobis
3479 926 3590 1004 da.
3609 928 3803 1005 rebus

509 1023 942 1101 Solanoniois
994 1048 1135 1101 non
1185 1030 1510 1101 oriantur.
1611 1027 1703 1101 Et
1754 1032 2068 1126 quamvis
2121 1027 2410 1103 libenter
2461 1031 2825 1122 vellemus,
2896 1040 2967 1103 ut
3015 1034 3087 1105 in
3137 1030 3380 1106 Diaeta
3432 1032 3802 1127 Hungarica

500 1128 863 1204 nobiseum
932 1152 1164 1224 esses,
1236 1154 1390 1205 oum
1470 1141 1699 1206 tamen
1765 1133 2250 1228 intelligamus,
2331 1137 2746 1229 presentiam
2815 1144 3000 1209 tuam
3079 1138 3283 1209 etiam
3332 1138 3404 1209 in
3456 1133 3806 1211 Selavonia
3903 1163 3904 1240 ᾗ

504 1256 675 1310 esse
738 1237 1236 1328 neeessariam,
1311 1239 1614 1309 contenti
1666 1259 1926 1328 sumus,
2009 1246 2081 1309 ut
2129 1235 2378 1310 ibidem
2434 1259 2716 1313 maneas
2769 1249 2841 1314 et
2891 1237 3282 1313 defensioni
3356 1240 3552 1314 istius
3601 1239 3804 1335 Regni
3903 1245 3904 1260 ¹

504 1335 745 1416 Nostri
826 1337 1246 1414 Selavoniae
1296 1349 1371 1413 et
1422 1338 1740 1416 croatiae
1808 1351 1880 1415 et
1930 1339 2474 1416 dissensionibus
2545 1341 3080 1438 Rognicolarum
3144 1342 3631 1439 emetiendis
3695 1367 3803 1442 pro

504 1441 767 1537 ,viribus
836 1440 1221 1536 incumbas,
1298 1444 1526 1518 donee
1596 1442 1871 1522 uberius
1941 1443 2063 1517 tibi
2129 1444 2666 1541 providebimus,
2743 1445 2813 1521 id
2865 1445 3049 1543 quod
3104 1446 3513 1543 ‘propediem
3582 1447 3802 1528 facturi

501 1567 765 1620 sumus.
830 1546 1054 1622 Seous
1106 1549 1311 1643 igitur
1361 1562 1464 1620 ne
1505 1547 1783 1622 feceris.
1888 1548 2137 1621 Datum
2187 1549 2425 1624 Budae
2478 1553 2546 1624 in
2600 1549 2783 1624 festo
2835 1549 3189 1625 beatorum
3244 1550 3532 1649 Philippi
3580 1562 3649 1627 et
3684 1552 3801 1628 Ja-

502 1648 668 1724 cobi
718 1650 1231 1748 Apostolorum.
1282 1650 1490 1726 Anno
1544 1651 1819 1726 Domini
1883 1652 2107 1726 1525.

2003 1907 2059 1971 A
2104 1918 2284 1989 ter-90
2310 1934 2332 1970 .·

819 2098 1188 2196 Magnifioo
1241 2101 1618 2176 Franciseo
1673 2100 1760 2173 de
1815 2100 2152 2197 Batbyan,
2223 2100 2619 2195 Regnorum
2676 2110 3065 2175 nostrorum
3117 2102 3528 2193 Dalmatiae,
3597 2100 3804 2176 Croa-

509 2206 710 2383 3313
726 2202 1222 2383 egiglcssroniae
1288 2205 1480 2279 Bano
1561 2228 1646 2278 ao
1727 2205 2217 2278 Pineernarnm
2295 2216 2686 2278 nostrorum
2765 2204 3126 2301 Regalium
3205 2205 3567 2301 Magistro,
3643 2205 3805 2280 fideli

506 2533 774 2619 originale
811 2538 864 2590 in
898 2537 1124 2592 Arcbivo
1161 2536 1554 2591 Kormendiensi
1588 2535 1776 2589 Illustr.
1809 2535 2060 2603 Principis
2095 2535 2163 2589 de
2197 2535 2472 2603 Battbyan.

1761 3131 2607 3219 CLXXXVIII.

1040 3420 1250 3494 Anno
1310 3419 1546 3493 1525.
1599 3422 1820 3493 Ferae‘a
1869 3419 1942 3496 2.
1987 3427 2153 3517 post
2200 3423 2452 3515 testum
2509 3427 2984 3498 Pentecosten.
3040 3424 3312 3498 Budae.

513 3684 1091 3765 Ludovieus
1153 3682 1246 3763 11.
1339 3682 1541 3764 Rex
1652 3683 2298 3763 Franciseum
2384 3684 2494 3764 de
2573 3686 3099 3791 Batthyan,
3199 3686 3527 3793 Regni
3607 3687 3805 3766 Dal-

514 3827 913 3929 matiae,
1009 3820 1472 3902 Croatiae
1551 3821 2260 3904 etSlavoniae
2322 3823 2679 3906 Banum
2772 3826 3251 3930 hortatur,
3347 3839 3444 3907 ut
3538 3830 3808 3907 omni-

516 3961 703 4042 bus
767 3960 1150 4041 viribus
1246 3960 1820 4065 contendat,
1916 3986 2097 4066 quo
2192 3968 2598 4070 negotia
2678 3969 2771 4044 in
2856 3964 3197 4044 Diaeta
3262 3966 3806 4064 Slavonica,

513 4100 633 4180 ad
725 4123 997 4206 quam
1090 4097 1564 4179 ,Ioannem
1658 4099 2181 4206 Deoshazy
2272 4107 2765 4217 oratorem
2858 4105 3214 4208 mittit,
3329 4103 3585 4186 bene
3669 4102 3809 4184 ab-

1915 4241 2452 4321 solvantur.

2386 4527 2759 4592 Commissio
2798 4531 3074 4613 propria
3123 4528 3383 4593 Domini
3427 4530 3634 4611 Reyis.

1045 4764 1462 4859 Ludovicus,
1514 4766 1649 4840 Dei
1694 4763 1926 4840 Gratia
1979 4765 2139 4840 Rex
2181 4766 2572 4862 Hungariae
2625 4775 2698 4842 et
2748 4767 3123 4842 Bobemiae
3177 4777 3310 4841 ete.

839 4973 1209 5073 Magnifice
1262 4974 1482 5051 fidelis
1535 4973 1735 5051 nobis
1788 4974 2062 5050 dilecte.
2166 4976 2533 5052 Hortamur
2582 4974 2974 5049 fidelitatem
3043 4987 3253 5066 tuam,
3327 4987 3395 5049 et
3463 4974 3579 5048 tibi
3632 4976 3808 5046 etiam

523 5082 1039 5174 committimus,
1093 5091 1426 5179 quatenus
1478 5090 1618 5154 tam
1666 5101 1794 5177 per
1842 5089 1938 5170 te,
1993 5102 2195 5177 quam
2245 5102 2371 5176 per
2419 5079 2669 5155 fratres
2723 5089 2794 5153 et
2844 5083 3107 5155 amicos
3157 5092 3314 5156 tuos
3374 5082 3562 5154 omni
3612 5073 3807 5152 studio

528 5186 940 5279 contendas,
1010 5194 1086 5260 ut
1133 5189 1414 5282 negotia
1481 5187 1769 5278 nostra,‘
1816 5193 1887 5258 et
1935 5183 2336 5279 Regnorum
2402 5183 2836 5278 Nostrorum,
2898 5207 3023 5281 pro
3077 5184 3321 5281 quibus
3388 5182 3477 5257 ad
3525 5184 3810 5256 Diaetam

533 5290 1068 5385 Regnioolarum
1145 5290 1373 5386 Regni
1437 5289 1673 5366 Nostri
1745 5286 2163 5364 Solavoniae
2241 5289 2512 5363 fidelem
2580 5287 2905 5363 Nostrum
2982 5289 3353 5385 Egregium
3421 5286 3810 5384 Stephanum

528 5389 932 5489 Deesbazy,
1009 5393 1232 5468 Aulae
1298 5402 1580 5468 nostrae
1644 5392 2074 5487 familiarem,
2141 5395 2472 5485 misimus,
2519 5402 2783 5490 ‘optato
2845 5391 2983 5468 fine
3054 5392 3578 5481 concludantur,
3653 5382 3810 5486 quod
