3950 5917
31 1118 34 1287 ,
1046 1204 1257 1274 Anno
1321 1197 1559 1275 1618.
1623 1191 1965 1275 tau—26.
2019 1191 2222 1294 Mosa·
2281 1203 2604 1277 Paeonii.

148 1463 753 1544 litt-erorum
834 1468 1837 1545 aeneum-eterianus
1888 1463 2530 1546 ¹Ferdinandi
2588 1431 2694 1545 ni
2744 1462 3064 1571 Regu
3145 1464 3495 1573 Regum

566 1725 573 1732 ο
639 1597 1195 1682 S'lavoniae
1253 1605 1688 1682 seorsim
1752 1601 1972 1682 data
2038 1600 2626 1683 authentica
2710 1607 3017 1709 paria.

466 1843 614 1921 Nos
670 1843 926 1920 Comes
980 1845 1461 1942 sigismundus
1511 1843 1832 1943 Fon-gach
1886 1843 1976 1921 de
2032 1841 2366 1945 Ghymes,
2421 1843 2648 1943 Regni
2699 1841 3095 1944 Hungariae
3145 1845 3495 1928 Palatinus

151 1959 226 2022 et
273 1947 504 2022 Judex
590 1948 1075 2040 Cumanorum,
1154 1974 1288 2024 nec
1346 1974 1486 2025 non
1543 1949 1994 2026 Comitatuum
2072 1947 2646 2045 Neogradieusis,
2728 1951 3205 2028 Saarosiensis
3287 1963 3358 2026 et
3403 1949 3494 2032 d'e

150 2050 459 2142 Zabolcb
505 2049 759 2127 Comes
812 2076 899 2126 ac
932 2051 1396 2128 sacratissimi
1446 2054 1780 2152 Principis
1833 2053 2109 2128 Domini
2151 2053 2425 2129 Domini
2475 2051 2800 2148 Mathiae,
2833 2051 2964 2130 Dei
3013 2054 3242 2129 Gratia
3288 2055 3496 2131 electi

147 2141 618 2254 Romanorum
653 2155 1092 2254 Imperatoris
1147 2180 1426 2254 semper
1459 2158 1783 2260 Augusti,
1836 2179 1919 2229 ac
1958 2151 2400 2248 Germaniae,
2451 2153 2871 2255 Hungariae,
2924 2149 3302 2232 Bobemiae
3337 2153 3494 2235 Re·-

31 2344 32 2347 ,
145 2263 287 2356 gis,
337 2258 751 2334 Arcbiducis
784 2260 1139 2350 Austriae,
1191 2259 1410 2336 Ducis
1443 2255 1880 2357 Burgundiae
1919 2265 2047 2335 dcc.
2122 2255 2402 2335 Intimus
2442 2259 2886 2337 Consiliarius
2922 2273 2991 2335 et
3035 2285 3161 2359 per
3194 2261 3491 2359 Hunga-

31 2360 32 2375 ³
150 2366 325 2436 riam
359 2358 886 2436 Locumteneus.
939 2361 1321 2439 Memoriae
1373 2364 1933 2439 commendamus
1987 2375 2232 2439 tenore
2266 2368 2725 2461 praesentium
2781 2363 3275 2460 significantes,
3327 2361 3493 2462 qui-'-

146 2463 278 2543 bun
330 2465 613 2562 expedit
662 2469 1059 2542 vniversis:
1136 2465 1336 2554 Quod
1389 2489 1543 2542 cum
1598 2467 2080 2543 Sacratissima
2137 2465 2484 2543 Caesarea
2536 2467 2897 2565 Regiaque
2949 2461 3276 2543 Maiestas
3327 2467 3493 2545 Do'-

147 2572 373 2645 minus
424 2578 666 2644 noster
741 2567 1331 2647 elementissimus
1407 2573 1760 2646 vniversis
1829 2567 2145 2646 fidelibus
2217 2569 2515 2647 Statibus
2571 2583 2642 2645 et
2688 2567 3049 2647 Ordinibus
3102 2570 3331 2667 Regni
3381 2574 3493 2651 sni

144 2670 544 2768 Huugariae
582 2695 705 2768 pro
740 2674 1113 2749 tractandis
1146 2686 1216 2748 et
1257 2671 1750 2750 concludendis
1776 2674 2091 2772 'publicis
2125 2673 2352 2771 Regni
2401 2680 2723 2771 negotiis,
2778 2675 3205 2773 tranquillum
3238 2684 3491 2752 statum

150 2787 220 2850 et
270 2795 591 2852 securam
644 2781 1195 2871 permansionem
1250 2773 1852 2869 concernentibus,
1921 2769 2333 2853 Generalem
2385 2775 2699 2854 Diaetam
2755 2779 2843 2853 ad
2894 2779 3076 2853 hanc
3126 2775 3489 2853 Civitatem

31 2894 34 3009 Ι
146 2879 440 2984 Regiam
479 2903 564 2952 ac
597 2877 882 2954 liberam
921 2880 1420 2957 Posoniensem
1475 2882 1564 2956 ad
1601 2882 2031 2956 Dominicam
2084 2881 2441 2956 Inuocauit
2476 2888 2795 2979 proxime
2835 2887 3271 2979 praeteritam
3310 2905 3489 2980 pro-

146 2985 459 3078 mulgare
537 2984 917 3059 clementer
986 2984 1261 3080 dignata
1331 2985 1607 3077 fuisset,
1677 3009 1761 3058 ac
1811 3009 1939 3084 pro
2001 2989 2228 3059 innata
2283 2990 2393 3082 pia
2454 2999 2524 3060 et
2575 2998 2856 3082 paterna
2932 3010 3098 3081 erga
3169 2984 3486 3082 Regnum

144 3083 281 3160 boc
352 3083 720 3161 affectione
774 3098 846 3161 et
897 3087 1187 3163 sollicita
1244 3111 1405 3162 cura
1460 3093 1680 3186 primo
1745 3098 1818 3164 et
1868 3099 2028 3162 ante
2082 3092 2309 3162 omnia
2365 3089 2452 3163 de
2505 3088 2732 3163 futuro
2809 3089 3012 3186 Rege
3063 3099 3133 3163 et
3186 3113 3488 3166 succes—

145 3213 311 3264 sore
362 3189 687 3286 eligendo
741 3214 898 3266 cum
952 3192 1215 3268 eisdem
1268 3187 1583 3268 fidelibus
1633 3195 1779 3267 suis
1850 3187 2152 3266 statibus
2203 3201 2274 3265 et
2324 3187 2681 3268 Ordinibus
2761 3190 2987 3283 Regni
3067 3202 3364 3265 tractare
3418 3199 3491 3266 et

144 3291 565 3370 concludere
618 3299 994 3384 statuisset,
1049 3300 1117 3370 in
1173 3318 1398 3392 eoque
1450 3296 1685 3371 Status
1742 3307 1813 3369 et
1847 3295 2142 3369 Ordines
2197 3294 2495 3391 benigue
2548 3299 3073 3393 requisiuisset:
3125 3297 3235 3367 Ad
3283 3318 3488 3391 quam

141 3398 411 3472 Sacrae
438 3394 833 3472 Caesareae
859 3393 1263 3495 Regiaeque
1296 3398 1678 3474 Maiestatis
1712 3397 2077 3494 benignam
2115 3402 2625 3494 requisitionem
2665 3399 2876 3473 Iidem
2906 3397 3137 3473 Status
3174 3407 3244 3472 et
3271 3397 3488 3472 Ordi-

139 3524 272 3575 nes
327 3510 588 3575 matura
644 3499 914 3577 consilii
968 3500 1462 3577 deliberatione
1514 3502 1909 3598 praehabita
1962 3512 2123 3599 post
2170 3501 2422 3594 longos
2475 3513 2802 3578 tractatus
2846 3507 2917 3576 in
2954 3502 3485 3578 serenissimum

139 3601 525 3702 Principem
554 3603 1054 3679 Ferdinandum
1085 3606 1488 3698 secundum,
1516 3607 1650 3680 Dei
1674 3603 1907 3682 Gratia
1923 3604 2193 3701 Regem
2222 3603 2622 3697 Bobemiae,
2650 3606 3112 3679 Archiducem
3131 3604 3486 3696 Austriae,

138 3707 408 3782 Ducem
461 3704 925 3803 Burgundiae,
980 3710 1281 3807 Styriae,
1338 3709 1752 3801 carinthiae,
1810 3709 2199 3784 Carnioliae
2254 3720 2325 3783 et
2373 3701 2955 3803 Wirtembergae,
3015 3699 3486 3782 Marcbionem

139 3810 527 3904 Morauiae,
581 3809 915 3887 Comitem
952 3811 1340 3912 Habspurgi
1377 3823 1448 3887 et
1480 3807 1786 3911 'l‘yrolis,
1834 3811 2200 3887 Dominum
2254 3811 2484 3889 itidem
2520 3822 2827 3887 nostrum
2867 3808 3485 3887 Clementissimum

136 3919 554 3990 vuanimiter
618 3918 1160 3992 consensissent.
1265 3917 1668 4012 Priusquam
1739 3927 1970 3991 tamen
2039 3915 2271 3993 Status
2326 3929 2396 3992 et
2446 3917 2740 3992 Ordines
2811 3916 2900 3990 de
2971 3925 3243 3991 vetusta
3322 3913 3486 4012 lege

136 4030 208 4091 et
262 4019 474 4112 longa
528 4022 712 4094 serie
756 4017 1124 4095 obseruata
1168 4015 1502 4095 hactenus
1542 4017 2039 4100 cousuetudine
2092 4019 2387 4094 eundem
2421 4019 2789 4095 Dominum
2822 4019 3091 4116 Regem
3109 4015 3487 4094 Bobemiae

134 4127 205 4196 in
248 4122 617 4196 Dominum
654 4133 726 4197 et
758 4121 1027 4218 Regem
1081 4146 1322 4198 eorum
1375 4121 1611 4199 liberis
1666 4132 1736 4196 et
1773 4122 2243 4198 communibus
2295 4127 2480 4199 votis
2527 4126 2956 4220 ellegissent,
3010 4121 3489 4197 declarassent

132 4238 207 4299 et
260 4229 869 4323 pronunciassent,
949 4227 1173 4301 eidem
1244 4228 1543 4301 Domino
1595 4225 1778 4323 Regi
1846 4227 2201 4303 Articulos
2256 4225 2684 4303 subinsertos
2738 4225 3229 4325 acceptandus,
3302 4247 3487 4300 con-

132 4327 541 4420 firmandos,
620 4353 705 4404 ac
772 4352 899 4426 per
969 4329 1264 4404 eundem
1318 4330 1683 4405 Dominum
1735 4328 2005 4424 Regem
2079 4352 2206 4404 suo
2278 4341 2590 4426 tempore
2659 4333 3011 4425 regiminis
3082 4325 3368 4403 firmiter
3419 4340 3492 4403 et

132 4431 620 4508 inuiolabiliter
706 4431 1184 4508 obseruandos
1272 4434 1575 4518 demisse
1656 4438 2155 4530 porrexissent.
2282 4433 2586 4522 Quorum
2675 4433 3037 4508 humilibus
3129 4431 3488 4530 postulatis

130 4539 387 4610 eadem
437 4536 768 4612 Maiestas
819 4535 1041 4632 Regia
1096 4535 1395 4633 benigne
1449 4539 1796 4627 admissis,
1852 4537 2072 4612 dictos
2127 4538 2479 4626 articulos,
2534 4542 2899 4633 omniaque
2953 4548 3022 4610 et
3075 4536 3340 4630 singula
3414 4538 3485 4610 ia

132 4646 235 4714 eis
294 4650 619 4713 contenta
675 4650 1064 4736 acceptare,
1119 4641 1529 4715 confirmare
1582 4653 1653 4715 et
1702 4642 1945 4715 litteris
1999 4665 2272 4739 quoque
2309 4644 2452 4718 suis
2499 4641 2866 4738 superinde
2900 4635 3481 4734 Assecuratorffs,

130 4745 384 4841 Sigillo
440 4753 509 4817 et
559 4766 800 4818 manus
854 4748 1174 4840 propriae
1230 4743 1732 4841 subscriptione
1785 4746 2145 4835 roborare,
2201 4754 2271 4819 et
2323 4746 2595 4820 tandem
2651 4743 2914 4819 eisdem
2951 4743 3264 4819 Dominis
3318 4743 3483 4817 uni-

128 4851 365 4921 versis
421 4848 723 4921 Statibus
779 4859 850 4921 et
911 4846 1274 4922 Ordinibus
1326 4847 1554 4944 Regni
1608 4848 1976 4922 extradare
2031 4848 2409 4923 clementer
2460 4850 2735 4942 dignata
2790 4860 2917 4923 est.
3026 4845 3284 4934 Quibus
3338 4869 3482 4920 ex-

125 4953 447 5040 tradatis,
501 4962 575 5024 et
622 4949 933 5026 manibus
985 4955 1239 5025 nostris
1293 4956 1692 5047 assignatis,
1764 4951 2188 5047 postularunt
2238 4951 2444 5025 iidem
2500 4954 2732 5026 Status
2786 4963 2857 5027 et
2908 4950 3231 5040 Ordines,
3298 4972 3481 5046 qua-

125 5067 335 5131 tenus
392 5058 663 5150 copiam
707 5077 835 5130 seu
870 5058 1060 5151 paria
1116 5055 1486 5130 earundem
1526 5054 1652 5130 sub
1691 5056 1917 5150 sigillo
1971 5065 2209 5129 nostro
2264 5055 2655 5130 authentico
2690 5059 2760 5130 in
2794 5053 3248 5151 Transumpto
3283 5052 3478 5126 litte-

124 5182 363 5233 rarum
416 5169 802 5232 nostrarum
860 5158 1121 5233 eisdem
1174 5159 1718 5234 extradaremus.
1814 5157 2111 5245 Quarum
2168 5158 2441 5256 quidem
2493 5160 2866 5233 litterarum
2923 5157 3483 5233 assecuratoria-

124 5286 277 5337 rum
352 5272 560 5336 tenor
629 5263 781 5336 talis
852 5271 1008 5337 est:
1114 5261 1263 5337 Nos
1332 5260 1832 5349 Ferdiuaudus,
1909 5262 2046 5337 Dei
2116 5261 2348 5336 Gratia
2418 5261 2577 5336 Rex
2647 5261 3047 5350 Bobemiae,
3119 5258 3483 5335 Archidux

121 5367 489 5457 Austriae,
540 5363 703 5440 Dux
754 5359 1219 5460 Burgundios,
1272 5364 1575 5472 Stxriae,
1630 5359 2045 5458 Carintbiae,
2102 5363 2496 5439 Caruioliae
2537 5376 2608 5440 et
2641 5359 3228 5468 Wirtembergae,
3281 5357 3482 5438 llar-

342 5499 498 5566 (rm
544 5498 581 5550 ι.
639 5497 812 5552 sava.
866 5507 923 5555 οι
953 5496 1174 5566 mon.)
2943 5459 3050 5543 37
