3950 5917
506 396 675 476 112

505 609 579 672 et
614 600 1137 695 possasdonem
1180 594 1602 694 percipiendi
1653 593 1965 687 easdem,
2001 592 2116 671 ‹ad
2159 598 2269 672 tus
2301 596 3256 694 et‘propifflemsseiuadem
3285 596 3626 676 &clasiae
3665 614 3788 678 re·-

504 705 775 793 uocari,
828 703 1158 798 ipsosque
1212 698 1856 776 Commendatorem
1907 707 1981 773 et
2029 697 2284 775 statras
2333 694 2424 774 ab
2463 699 2862 776 huiusmodi
2911 699 3395 798 impedimento
3444 710 3773 800 compescig

506 804 864 900 dictusque
914 801 1155 881 Abbas
1209 802 1297 878 ad
1342 805 1733 879 instantiam
1784 801 2119 879 dictorum
2174 798 2488 898 Capituli,
2537 802 2805 879 eisdem
2864 800 3417 878 commendatori
3461 814 3532 880 et
3571 804 3780 881 trau-i-

506 907 651 987 bus,
699 907 786 981 ad
847 905 1401 1003 respondendum
1478 903 1661 979 dicto
1740 902 1973 981 libello
2051 905 2174 978 vel
2231 903 2593 981 dicendum
2671 928 2949 982 causam
2993 904 3527 981 rationabilem:
3597 931 3788 1004 quare·

506 1014 569 1083 ei
622 1010 1050 1106 respondere
1100 1030 1240 1083 non
1283 1007 1649 1100 deberent,
1693 1017 1955 1083 certum
2008 1016 2514 1104 competentem
2560 1013 3021 1105 peremptorie
3071 1012 3432 1085 terminum
3480 1010 3771 1106 assigna-..t

506 1117 626 1205 uit,
679 1118 751 1189 in
801 1135 937 1209 quo
988 1110 1319 1209 praefatis
1389 1109 1697 1207 Capitale
1768 1132 2006 1185 coram
2075 1110 2326 1185 eodem
2375 1109 2650 1185 Abbate
2717 1115 2792 1189 in
2840 1111 3093 1185 iudicio
3161 1111 3674 1208 competentibus
3709 1124 3772 1186 et

504 1216 1007 1311 praedictorum
1059 1213 1649 1290 Commendatoris
1701 1222 1774 1289 et
1813 1211 2098 1289 fratrum
2150 1235 2291 1287 non
2343 1217 2880 1310 comparentium
2930 1218 3427 1289 contumaciam
3471 1237 3778 1291 accusan-

501 1317 709 1410 tibus,
759 1328 832 1397 et
881 1328 1161 1416 propter
1209 1316 1594 1392 huiusmodi
1637 1337 1878 1393 eorum
1930 1317 2428 1392 contumaciam
2475 1339 2561 1393 se
2611 1319 2683 1391 in
2733 1319 3188 1414 possessione
3238 1318 3637 1414 percipiendi
3678 1317 3780 1391 di-

503 1432 648 1495 ctas
729 1421 1033 1497 decimas
1084 1424 1156 1494 in
1207 1419 1458 1494 eodem
1533 1418 1767 1493 libello
1842 1422 2118 1515 petitas,
2197 1441 2408 1495 causa
2459 1422 2568 1495 rei
2616 1419 3114 1512 reservandae,
3191 1423 3365 1495 mitti
3413 1417 3773 1517 petentibus,

499 1523 851 1620 praefatus
901 1522 1144 1599 Abbas
1197 1522 1486 1597 eosdem
1554 1520 2199 1597 Commendatorem
2248 1532 2321 1597 et
2369 1522 2622 1599 fratres
2674 1522 2764 1596 ad
2816 1521 3179 1597 dicendum
3249 1545 3525 1600 causam
3585 1526 3774 1597 ratio-

497 1625 821 1719 nabilem,
879 1630 943 1701 si
991 1647 1193 1723 quam
1239 1624 1597 1717 baberent,
1666 1647 1879 1721 quare
1930 1623 2314 1703 huiusmodi
2380 1628 2620 1704 missio
2672 1624 2824 1701 lieri
2873 1648 3016 1702 non
3067 1624 3381 1720 deberet,
3447 1647 3662 1700 coram
3704 1647 3790 1701 se-

502 1734 694 1804 citari
745 1729 936 1822 fecit,
989 1729 1080 1803 ad
1131 1738 1632 1827 competentem
1699 1730 2227 1827 peremptoriam
2281 1739 2540 1802 certam
2591 1727 2815 1820 diem;
2865 1732 2938 1802 in
2990 1751 3125 1825 qua
3175 1728 3541 1827 praedictis
3590 1726 3772 1825 Capi-

496 1833 641 1907 tulo
696 1854 932 1906 coram
999 1832 1249 1906 eodem
1296 1830 1571 1906 Abbate
1622 1834 1694 1905 in
1744 1831 2002 1905 iudicio
2071 1830 2619 1928 comparentibus
2672 1842 2743 1906 et
2790 1831 3295 1927 praedictorum
3350 1829 3773 1905 Commenda-

496 1939 668 2009 toris
723 1946 794 2010 et
843 1935 1124 2009 fratrum
1179 1956 1318 2010 non
1372 1938 1907 2032 comparentium
1960 1937 2462 2008 contumaciam
2525 1933 3031 2027 accusantibus,
3102 1944 3175 2009 et
3222 1937 3294 2007 in
3348 1956 3580 2008 eornm
3625 1953 3778 2006 con·

495 2042 862 2112 tumaciam
911 2041 983 2113 in
1034 2061 1173 2113 non
1227 2038 1691 2135 comparendo
1745 2037 1832 2111 ad
1884 2035 2437 2135 wspondendum
2506 2036 2689 2110 dicto
2753 2035 2983 2111 libello
3035 2040 3107 2111 in
3159 2035 3453 2112 eandem
3516 2056 3776 2134 posses-

498 2146 767 2217 sionem
819 2164 901 2216 se
952 2144 1121 2215 mitti
1171 2139 1582 2238 petentibus,
1634 2140 1987 2237 praefatus
2039 2137 2278 2217 Abbas
2330 2149 2654 2236 reputans
2713 2139 3002 2215 eosdem
3056 2138 3677 2215 commendatorem
3718 2145 3780 2210 et

496 2244 774 2333 fratres,
854 2266 989 2341 quo
1043 2244 1131 2318 ad
1182 2244 1295 2317 bic
1344 2254 1546 2341 prout
1595 2247 1924 2338 exigente
2002 2244 2253 2318 iustitia
2320 2252 2762 2317 contumaces
2812 2253 3091 2340 propter
3138 2241 3525 2318 huiusmodi
3570 2260 3775 2315 eorum

497 2351 994 2421 contumaciam
1043 2351 1115 2421 in
1167 2368 1307 2421 non
1361 2346 1824 2442 comparendo
1869 2345 1956 2419 ad
1994 2345 2546 2442 respondendum
2595 2345 2828 2420 libello
2878 2344 3259 2443 praedicto,
3311 2355 3587 2443 recepta
3619 2344 3776 2439 prius

493 2450 978 2524 informatione
1032 2453 1424 2541 summaria,
1475 2449 1830 2546 praefatos
1886 2445 2264 2547 Capitulum
2313 2451 2385 2529 in
2425 2452 2877 2546 possessione
2928 2448 3359 2547 percipiendi
3410 2448 3613 2521 dictas
3660 2444 3778 2518 de-

496 2556 710 2629 cimas
762 2557 834 2627 in
885 2553 1133 2628 eodem
1186 2553 1416 2625 libello
1473 2557 1757 2648 petitas,
1829 2573 2041 2625 causa
2108 2554 2216 2625 rei
2284 2551 2673 2627 servandae
2737 2551 3099 2627 mittendas
3170 2550 3327 2626 fore
3397 2550 3683 2626 decernit
3721 2554 3782 2618 et

490 2659 696 2731 misit.
781 2656 869 2729 Et
919 2656 1193 2730 tandem
1248 2678 1402 2728 cum
1455 2653 1541 2728 ab
1576 2653 1962 2729 huiusmodi
2013 2652 2297 2727 decreto
2349 2665 2421 2728 et
2446 2707 2796 2729 ........
2824 2677 2965 2729 non
3015 2653 3264 2729 fuisset
3313 2652 3493 2729 infra
3540 2662 3777 2745 tempus

490 2758 866 2855 legitimum
918 2755 1349 2855 appellbtum,
1428 2780 1514 2829 ac
1563 2757 1915 2855 praefatus
1995 2756 2333 2831 Henrlcus
2405 2755 2934 2841 Commendator
3001 2756 3181 2833 infra
3246 2767 3515 2854 tempus
3563 2777 3602 2828 a
3649 2756 3776 2825 iure

492 2871 815 2937 statutum
892 2881 1031 2935 non
1110 2882 1362 2936 curans
1442 2883 1652 2957 super
1726 2862 2127 2956 praemissis
2179 2861 2309 2933 iuri
2358 2882 2633 2957 parere,
2713 2859 3000 2941 easdem
3074 2858 3385 2938 decimas
3437 2879 3555 2956 pro
3604 2877 3678 2931 se
3722 2859 3780 2925 et
3873 2932 3874 2957 Ν

412 3040 425 3049 ,
493 2965 668 3038 alios
720 2967 1077 3060 percipere
1128 2968 1627 3060 praesumeret,
1680 2960 2038 3059 dictosque
2089 2960 2470 3059 Capitulum
2520 2967 2593 3037 in
2643 2966 3095 3060 possessione
3164 2959 3584 3062 percipiendi
3630 2977 3780 3033 eas-

492 3066 649 3138 dem
703 3064 1017 3140 decimas
1088 3077 1328 3140 contra
1399 3068 1721 3141 iustitiam
1770 3066 2155 3162 impediret,
2234 3065 2583 3161 praefatus
2634 3064 2903 3160 Abbas,
2974 3089 3129 3139 cum
3200 3067 3578 3162 praemissa
3626 3058 3778 3132 adeo

494 3178 733 3243 essent
783 3171 1078 3259 notoria,
1134 3168 1319 3266 quod
1368 3170 1549 3243 nulla
1602 3178 1918 3267 poterant
1983 3171 2563 3263 tergiversatione
2616 3170 2855 3261 celari,
2926 3168 3222 3243 eundem
3275 3162 3786 3242 commendato·

488 3292 639 3345 rem
693 3271 1043 3346 Canonice
1097 3276 1362 3347 moneri
1414 3272 1608 3364 fecit,
1675 3282 1750 3346 ut
1798 3271 1975 3347 infra
2033 3281 2294 3345 certum
2346 3272 2553 3346 alium
2614 3275 3147 3369 peremptorium
3196 3274 3559 3345 terminum
3606 3285 3790 3338 com-

490 3383 837 3469 petentem
890 3374 978 3448 ab
1030 3375 1415 3451 huiusmodi
1466 3377 1905 3471 perceptione
1958 3385 2031 3449 et
2079 3374 2564 3472 impedimento
2632 3373 2998 3467 desistere,
3066 3375 3187 3449 vel
3235 3376 3509 3447 interim
3578 3386 3788 3441 coram

489 3498 581 3562 eo
620 3499 926 3569 causam,
980 3482 1040 3553 si
1075 3501 1277 3574 qnam
1322 3477 1610 3553 baberet
1650 3476 2150 3567 rationabilem,
2203 3479 2561 3572 allegaret,
2612 3481 3056 3553 monitionem
3106 3475 3495 3552 huiusmodi
3542 3473 3791 3545 minimo

490 3600 742 3676 parere
795 3580 1105 3670 deberet,
1159 3602 1284 3677 pro
1332 3603 1460 3677 qua
1505 3580 1895 3677 praedictus
1948 3580 2287 3655 Henricus
2342 3579 2896 3671 commendator,
2946 3579 3126 3654 infra
3174 3579 3595 3676 praedictum
3645 3572 3794 3644 nlti-

491 3702 678 3753 mum
731 3686 1118 3774 terminum,
1158 3683 1275 3755 nel
1324 3692 1507 3778 post,
1561 3682 1787 3756 eidem
1836 3686 2211 3757 monitione
2278 3705 2527 3779 parere
2575 3686 3069 3757 contumaciter
3105 3703 3251 3759 non
3303 3689 3599 3769 curaret,
3644 3674 3794 3750 nul-

489 3783 629 3857 lam
680 3805 1078 3880 proponens
1150 3808 1431 3861 causam
1483 3783 1981 3876 rationabilem,
2049 3806 2175 3881 pro
2230 3808 2361 3882 qua
2414 3790 2483 3860 ei
2531 3807 2780 3882 parere
2833 3789 3108 3860 minime
3160 3795 3537 3875 teneretur,
3598 3798 3792 3877 prae-

490 3885 711 3962 dictus
762 3886 1004 3962 Abbas
1052 3891 1122 3961 in
1158 3887 1450 3963 eundem
1506 3888 1877 3961 Henricum
1930 3886 2574 3963 Commendatorem
2623 3900 2907 3986 propter
2954 3888 3093 3963 hoc
3143 3885 3794 3962 excommunicatio-

487 3994 598 4063 nis
653 3993 1087 4082 sententiam,
1158 3994 1486 4086 exigente
1535 3993 1814 4083 iustifia,
1883 3992 2362 4087 promulgavit.
2467 3990 2698 4079 Quare
2766 3991 3101 4089 praedicti
3168 3990 3550 4087 Capitulum
3615 3982 3790 4060 nobis

486 4091 828 4167 humiliter
878 4095 1363 4190 supplicarunt,
1441 4105 1516 4168 nt
1566 4094 1859 4169 eandem
1912 4098 2639 4171 excommunicationis
2694 4098 3100 4170 sententiam
3148 4093 3364 4168 robur
3415 4093 3786 4167 faceremus

483 4194 814 4271 firmitalis
887 4196 1184 4271 debitum
1255 4197 1587 4272 obtinere.
1696 4197 2037 4286 Quocirca
2091 4196 2506 4273 discrecioni
2571 4208 2855 4273 vestrae
2923 4220 3051 4294 per
3099 4197 3513 4294 Apostolica
3565 4195 3792 4288 scripta

483 4299 912 4391 mandamus,
965 4310 1299 4397 quatenus
1345 4304 1751 4376 sententiam
1787 4304 2541 4392 excommunicationis,
2567 4304 2774 4376 -sicut
2821 4300 3312 4385 rationabiliter
3364 4310 3479 4376 est
3526 4297 3794 4396 prolata,

482 4401 754 4478 faciatis
807 4406 1209 4478 auctoritate
1260 4414 1525 4495 nostra,
1579 4405 2034 4500 appellatione
2085 4416 2377 4495 remota,
2425 4426 2649 4501 nsque
2693 4404 2781 4478 ad
2818 4404 3356 4481 satisfactionem
3406 4402 3798 4496 condignam

479 4504 967 4580 inviolabiliter
1017 4506 1405 4597 observari,
1458 4529 1598 4581 non
1633 4504 1948 4580 obstante
2003 4507 2448 4602 indulgentia,
2501 4531 2633 4604 qua
2688 4507 2819 4582 sibi
2871 4512 3058 4604 prior
3112 4508 3334 4583 ordini
3387 4528 3520 4583 suo
3563 4530 3603 4578 a
3637 4499 3796 4577 sede

485 4605 892 4701 Apostolica
945 4608 1191 4684 dicitur
1240 4633 1405 4685 esse
1459 4631 1898 4702 concessum,
1979 4609 2159 4706 quod
2231 4614 2444 4707 ipsius
2499 4611 2758 4688 ordinis
2827 4610 3080 4686 fratres
3131 4633 3274 4685 non
3319 4619 3682 4684 teneantur
3728 4623 3804 4677 se

483 4712 933 4786 intromittere
987 4712 1075 4805 de
1129 4713 1640 4810 quibuscunque
1710 4715 2053 4807 negociis,
2126 4736 2302 4810 quae
2356 4717 2461 4790 eis
2514 4736 2640 4811 per
2690 4715 3000 4789 eiusdem
3053 4715 3243 4790 sedis
3293 4715 3561 4787 litteras
3611 4729 3804 4782 com·

483 4814 861 4903 mittuntur,
940 4818 1074 4890 nisi
1122 4820 1196 4892 in
1246 4816 1511 4891 eisdem
1589 4817 1831 4891 litteris
1902 4816 1991 4890 de
2063 4821 2524 4895 concessione
2604 4817 2990 4893 huiusmodi
3066 4819 3270 4915 plena
3341 4828 3416 4890 et
3480 4829 3800 4912 expressa

481 4919 738 4990 mentio
791 4915 1142 4991 habeatur.
1249 4918 1447 5007 Quod
1502 4923 1564 4994 si
1614 4941 1753 4994 non
1823 4942 2068 4994 omnes
2135 4920 2240 4995 his
2313 4922 2740 5019 exequendis
2819 4925 3177 5018 potueritis
3250 4924 3625 5010 interesse,
3673 4914 3800 4987 duo

478 5031 786 5095 uestrum
839 5043 924 5094 ea
978 5020 1409 5097 nibilominus
1489 5034 1934 5121 exequantur.
2041 5024 2290 5098 Datum
2357 5025 2739 5118 Avinione,
2807 5023 2956 5099 Kal.
3013 5023 3452 5118 Decembris,
3524 5014 3808 5096 Pontifi-

483 5132 677 5198 catus
731 5128 949 5200 nostri
1002 5146 1185 5199 anno
1239 5136 1501 5222 quarto.

480 5262 529 5317 B
565 5264 760 5321 Codice
792 5266 943 5324 180.
975 5266 1191 5324 loannis
1224 5268 1592 5326 Archidlnceni
1626 5270 1695 5325 de
1730 5269 1990 5326 Guerche.
2046 5268 2102 5323 P.
2136 5268 2176 5323 1.
2213 5286 2262 5327 c.
2298 5271 2384 5323 58.
