3950 5917
546 401 702 475 328

542 612 773 705 quiete
825 630 1264 682 conservare.
1299 630 1384 680 ac
1436 605 1815 681 confovere
1867 614 2261 680 tenerentur
2311 613 2382 678 et
2433 611 2669 678 essent
2703 601 3004 697 obligati.
3099 600 3211 674 Ex
3262 599 3571 675 seriebus
3622 601 3815 674 deni-2

546 734 681 807 que
734 722 1039 807 quartae,
1093 715 1391 806 quintae,
1439 722 1710 798 sextae,
1764 714 2093 806 septimae
2147 720 2217 782 et
2268 719 2560 782 octavae
2611 706 3010 780 Litterarum
3038 707 3180 798 jam
3233 703 3547 794 faturum,
3599 728 3808 801 quon-

550 816 701 887 dam
754 814 1049 888 Mathiae
1101 816 1191 888 de
1241 814 1541 906 Bosana,
1612 814 1962 888 Benedicti
2032 811 2148 884 filii
2221 812 2498 906 Georgii
2569 811 2656 883 de
2711 808 3246 882 Prezechnafew
3298 831 3381 881 ac
3433 808 3621 880 Hans
3671 809 3814 903 Ap-

544 919 817 1014 prahar,
871 917 1151 1013 Georgii
1221 918 1439 1014 Pyers
1492 928 1564 990 et
1612 917 1802 991 Pauli
1853 916 1969 990 filii
2017 915 2372 989 Mikchecz
2425 915 2513 987 de
2565 912 2935 1001 Cirkvena,
2990 912 3504 1008 Capitaneorum
3562 923 3632 984 et
3681 912 3811 985 Co-

542 1028 772 1095 mitum
824 1026 1243 1096 terrestrium
1295 1021 1627 1119 saepefati
1664 1020 1883 1096 Castri
1920 1023 2197 1094 maioris
2251 1017 2538 1092 Kemlek
2587 1017 3132 1113 privilegialium,
3185 1019 3251 1087 in
3303 1016 3595 1088 diversis
3613 1016 3814 1089 Annis

546 1137 616 1198 et
687 1127 858 1200 locis
911 1136 1068 1221 post
1135 1149 1298 1200 sese
1350 1136 1807 1200 emanatarum
1863 1134 2101 1221 aperte
2151 1121 2558 1196 habebatur:
2665 1120 2863 1208 Quod
2908 1118 3197 1216 praefati
3244 1118 3526 1192 Nobiles
3581 1124 3648 1190 in
3697 1119 3813 1192 Di-

544 1234 780 1302 strictu
849 1230 1153 1305 eiusdem
1225 1232 1500 1303 maioris
1552 1228 1838 1302 Kemlek
1904 1238 2431 1313 commorantes,
2503 1246 2743 1300 omnes
2812 1223 3270 1312 venditiones,
3322 1222 3812 1318 prohibitiones,

544 1334 975 1424 donationes,
1045 1337 1595 1428 protestationes,
1645 1335 2047 1408 statutiones
2120 1343 2189 1404 et
2257 1332 2426 1403 alias
2481 1328 2813 1424 quaslibet
2880 1328 3251 1410 fassiones,
3323 1337 3455 1398 tam
3528 1330 3594 1397 in
3650 1326 3814 1398 facto

544 1439 1092 1531 possessionario
1164 1459 1361 1531 quam
1434 1440 1636 1509 etiam
1716 1437 1865 1509 aliis
1942 1434 2143 1508 factis
2197 1443 2267 1506 et
2316 1436 2610 1524 negotiis
2666 1434 2807 1504 fieri
2862 1439 3256 1518 consvetaS,
3328 1453 3561 1503 coram
3640 1430 3816 1502 dictis

546 1539 919 1614 Comitibus
986 1563 1221 1613 eorum
1294 1539 1723 1614 terrestribus
1802 1538 2157 1629 fecissent,
2231 1537 2502 1632 Ipsique
2583 1534 2881 1609 Comites
2935 1545 3006 1606 et
3057 1532 3403 1629 Capitanei
3471 1543 3817 1608 terrestres

548 1644 854 1720 eiusdem
920 1642 1140 1717 Castri
1193 1646 1472 1717 maioris
1522 1642 1834 1727 Kemlek,
1907 1641 2170 1715 Causas
2224 1653 2294 1714 et
2342 1641 2526 1713 Lites
2595 1643 2772 1712 inter
2821 1642 3010 1734 ipsos
3062 1636 3343 1710 Nobiles
3398 1646 3814 1730 emergentes

530 1748 962 1838 judicassent
1013 1759 1083 1822 et
1125 1747 1535 1839 judicialiter
1613 1746 2044 1819 dirimissent.
2150 1743 2405 1831 Quibus
2460 1742 2773 1816 exhibitis
2828 1750 2897 1814 et
2929 1745 3382 1838 praesentatis
3434 1741 3613 1813 idem
3653 1739 3818 1812 Pro-

543 1863 814 1924 curator
876 1852 1033 1925 dieti
1084 1851 1411 1923 Andreae
1461 1850 1636 1923 Both
1687 1854 1753 1922 in
1811 1847 2102 1922 Causam
2158 1852 2444 1936 attracti,
2516 1850 2583 1918 in
2637 1869 2932 1941 persona
2989 1845 3293 1918 eiusdem
3349 1843 3694 1936 subjunxit
3740 1864 3817 1916 eo

542 1955 766 2027 modo.
874 1954 1071 2041 Quod
1125 1955 1283 2027 licet
1334 1954 1468 2026 hoc
1519 1977 1756 2028 verum
1813 1957 1923 2044 sit,
1978 1951 2159 2048 quod
2210 1950 2496 2048 praefati
2547 1948 2827 2022 Nobiles
2879 1954 2948 2022 in
3001 1952 3420 2045 pertinentiis
3472 1947 3632 2020 dicti
3684 1945 3814 2018 Ca-

542 2064 663 2132 stri
736 2061 1010 2132 maioris
1079 2057 1366 2131 Kemlek
1435 2066 1936 2131 commorantes
2007 2066 2233 2130 certas
2305 2054 2630 2127 baberent
2692 2053 3066 2141 libertates,
3121 2051 3357 2148 quibus
3425 2053 3553 2146 ipsi
3618 2054 3814 2123 instar

540 2163 822 2234 aliorum
892 2184 1216 2236 verorum
1287 2161 1509 2255 Regni
1580 2161 1970 2254 Hungariae
2042 2159 2165 2232 sed
2238 2169 2307 2230 et
2358 2158 2772 2231 Sclavoniae
2824 2156 3158 2230 Nobilium
3230 2159 3333 2228 usi
3404 2154 3692 2228 fuissent
3755 2164 3816 2225 et

538 2270 789 2360 gavisi,
868 2266 1207 2339 nonnullis
1257 2276 1485 2338 tamen
1540 2268 1838 2339 servitiis
1892 2274 1960 2336 et
2007 2261 2449 2359 proventibus
2503 2261 2588 2333 ad
2642 2260 2950 2334 Castrum
2986 2259 3274 2331 Kemlek
3343 2263 3815 2355 praescriptum

539 2369 625 2441 ab
679 2372 952 2465 antiquo
1007 2368 1339 2442 faciendis
1393 2366 2072 2462 administrandisque
2126 2364 2610 2459 obligarentur,
2666 2363 2904 2459 quibus
2963 2364 3135 2435 ultra
3189 2366 3664 2459 praescriptam
3714 2365 3813 2434 eis

540 2494 944 2547 concessam
1013 2472 1391 2546 libertatem
1454 2473 1634 2544 nulla
1691 2474 1954 2543 ratione
2007 2473 2376 2565 supportati
2428 2490 2590 2542 esse
2642 2468 2978 2554 valerent,
3034 2477 3102 2538 et
3166 2470 3232 2539 in
3288 2489 3378 2539 eo
3431 2467 3604 2539 idem
3641 2464 3813 2536 Pro-

539 2588 811 2649 curator
886 2577 1045 2649 dicti
1117 2576 1442 2649 Andreae
1520 2575 1718 2665 Both,
1798 2578 1863 2646 in
1932 2571 2224 2646 Causam
2279 2576 2530 2660 attacti,
2585 2576 2650 2644 in
2704 2570 3238 2644 verificationem
3295 2572 3607 2642 Actionis
3658 2591 3812 2644 suae

537 2690 1002 2774 praenotatae,
1055 2684 1121 2751 in
1160 2702 1247 2751 eo
1284 2688 1535 2751 tantum
1568 2679 1798 2769 modo,
1854 2688 1925 2749 ut
1956 2678 2159 2751 iidem
2198 2675 2481 2749 Nobiles
2519 2684 2703 2749 certa
2744 2674 3065 2762 Servitia,
3102 2673 3464 2759 Actiones,
3518 2696 3651 2745 nec
3692 2693 3813 2745 non

536 2806 840 2872 munera,
894 2805 1019 2856 seu
1053 2794 1279 2871 taxas,
1334 2782 1549 2870 dicas,
1603 2785 1672 2855 in
1707 2784 1972 2875 siguum
2007 2784 2521 2874 recognitionis,
2577 2777 2961 2874 Capitaneis
3000 2800 3125 2850 seu
3161 2776 3567 2850 Castellanis
3619 2780 3810 2871 ipsius

538 2885 758 2960 Castri
833 2886 1125 2960 Kemlek
1198 2908 1321 2982 pro
1400 2896 1707 2982 tempore
1776 2888 2191 2975 constitutis,
2266 2906 2540 2978 semper
2592 2892 2662 2955 et
2731 2881 2815 2953 ab
2868 2884 3139 2976 antiquo
3211 2880 3525 2953 fecerunt
3578 2890 3647 2954 et
3693 2879 3814 2951 de-

537 2991 801 3074 derunt,
854 3012 936 3063 se
970 2990 1057 3062 ad
1101 3011 1528 3063 communem
1588 2991 2083 3085 inquisitionem
2139 2986 2531 3060 submittere
2583 2986 2809 3074 velle3
2863 2984 3179 3057 antefatis
3234 3007 3505 3079 quoque
3560 2984 3814 3057 Procu-

533 3092 871 3166 ratoribus
924 3093 1254 3167 dictorum
1304 3092 1640 3166 Nobilium
1694 3092 1979 3165 eosdem
2030 3090 2313 3165 Nobiles
2367 3090 2571 3163 modo
2625 3090 2824 3163 simili
2875 3093 2943 3161 in
2998 3111 3125 3160 eo:
3181 3088 3360 3183 quod
3395 3092 3530 3183 ipsi
3568 3111 3609 3160 a
3645 3099 3813 3159 tem-

534 3219 702 3293 pore
756 3200 1208 3293 exemptionis
1263 3200 1416 3270 siva
1476 3196 1918 3269 libertatiouis
1960 3218 2223 3281 eorum,
2292 3218 2417 3290 per
2466 3193 2840 3290 praefatum
2900 3192 3234 3286 quondam
3288 3192 3652 3265 Dominum
3705 3190 3814 3262 Si-

534 3300 959 3394 gismundum
1028 3300 1295 3395 Regem
1363 3300 1603 3373 ordine
1671 3310 2077 3397 praenarato
2147 3298 2400 3384 factae,
2467 3319 2804 3392 nunquam
2878 3297 3006 3368 alia
3063 3299 3369 3383 servitia,
3423 3318 3553 3368 seu
3608 3305 3816 3378 taxas,

534 3409 867 3495 actiones,
924 3407 1078 3478 sive
1147 3405 1368 3499 aliqua
1441 3405 1570 3476 alia
1641 3426 1919 3476 munera
1993 3405 2158 3498 ipsis
2213 3400 2597 3497 Capitaneis
2677 3401 2794 3474 vel
2872 3397 3275 3473 Castellanis
3346 3402 3559 3495 ipsius
3613 3398 3817 3470 Castri

534 3508 865 3581 fecissent
903 3518 973 3581 et
1008 3507 1382 3596 dedissent,
1437 3508 1705 3604 dempto
1752 3518 2059 3602 tempore
2110 3509 2496 3601 impacat03
2549 3504 2718 3576 Nam
2774 3504 3044 3576 fuerunt
3078 3506 3247 3575 certi
3283 3501 3638 3597 Capitanei
3681 3506 3818 3574 sive

536 3611 901 3688 Castellani
954 3611 1296 3694 forenses,
1350 3612 1690 3686 Allemani
1740 3610 2089 3699 videlicet,
2142 3609 2451 3681 homines
2488 3630 2581 3679 ex
2615 3605 2857 3679 Officio
2909 3606 3088 3679 idem
3128 3604 3438 3679 Castrum
3490 3615 3818 3692 tenentes,

536 3720 649 3811 qui
704 3716 990 3788 necdum
1045 3719 1326 3789 servitia
1380 3726 1494 3787 aut
1543 3736 1850 3802 munera,
1921 3713 2040 3785 vel
2084 3722 2309 3798 taxas,
2363 3733 2602 3784 verum
2658 3713 2860 3782 etiam
2912 3733 3036 3807 per
3083 3709 3543 3784 Personarum
3598 3729 3818 3782 eorum

536 3820 962 3894 detentiones
1013 3823 1376 3893 universas
1429 3841 1545 3892 res
1599 3827 1668 3891 et
1720 3817 1909 3889 Bona
1965 3838 2200 3889 eorum
2256 3815 2509 3888 auferri
2560 3814 2891 3888 fecissent
2959 3824 3030 3886 et
3081 3813 3168 3886 ad
3222 3818 3501 3888 servitia
3577 3818 3818 3887 incon-

535 3933 731 3996 sveta
788 3923 1295 4019 compulissent,
1352 3931 1420 3994 at
1473 3922 1607 3994 hoc
1657 3921 1862 3993 modo
1917 3920 2117 3994 simili
2169 3920 2256 3992 ad
2307 3922 2520 4015 ipsam
2577 3939 3000 3990 communem
3065 3920 3568 4013 inquisitionem
3623 3914 3819 3990 Nobis

531 4028 832 4121 legitima
883 4025 1356 4122 requirendam
1410 4024 1903 4098 submittebant.
2008 4022 2121 4095 Ad
2192 4045 2388 4117 quam
2460 4021 2841 4094 faciendam
2911 4021 3208 4117 partibus
3276 4021 3664 4116 petentibus
3715 4042 3824 4116 per

531 4132 700 4204 alias
751 4130 1009 4202 litteras
1079 4139 1376 4217 nostras,
1457 4152 1608 4202 cum
1677 4128 1957 4206 easdem
2028 4136 2258 4222 partes
2311 4127 2395 4198 ad
2466 4129 2680 4221 ipsam
2735 4146 3162 4197 communem
3230 4128 3710 4219 inqusitionem
3759 4127 3818 4196 iu

528 4232 716 4306 facto
787 4236 1218 4308 servitiorum
1278 4233 1634 4306 solutionis
1688 4252 2065 4320 munerum,
2116 4229 2508 4313 Actionum,
2581 4238 2649 4299 et
2702 4232 3085 4301 exactionis
3155 4238 3465 4301 taxarum
3520 4230 3641 4301 vel
3699 4227 3820 4301 da-

530 4341 772 4410 tiorum
827 4337 915 4411 ad
957 4337 1247 4410 eandem
1299 4358 1723 4409 communem
1778 4337 2278 4429 inquisitionem
2332 4335 2869 4421 comisissemus,
2918 4332 3121 4405 iidem
3156 4344 3647 4427 procuratores
3699 4354 3820 4404 ea-

532 4442 816 4514 rundem
868 4444 1151 4538 partium
1195 4444 1263 4512 in
1317 4439 1501 4513 facto
1555 4441 2005 4533 exemptionis
2060 4460 2185 4512 seu
2237 4437 2561 4509 libertatis
2596 4446 2664 4508 et
2699 4435 3193 4509 Nobilitationis
3246 4436 3627 4509 eorundem
3679 4435 3821 4507 No-

534 4546 761 4624 bilium
813 4567 940 4641 per
970 4544 1118 4619 Nos
1162 4544 1489 4636 judicium
1543 4554 1613 4617 et
1655 4545 1984 4635 justitiam
2036 4541 2311 4634 elargiri
2359 4538 2808 4635 postulabant.
2887 4538 3143 4612 Verum
3185 4540 3350 4614 licet
3391 4538 3577 4612 idem
3617 4539 3819 4612 Eme-

535 4656 718 4723 ricus
774 4649 862 4723 de
896 4648 1142 4732 Rethe,
1197 4647 1611 4720 Procurator
1661 4649 1958 4724 annotati
2011 4643 2336 4717 Andreae
2372 4642 2571 4734 Both,
2624 4647 2694 4717 in
2728 4642 3033 4716 eiusdem
3070 4666 3156 4714 ac
3207 4640 3483 4716 fratrum
3523 4643 3818 4716 eiusdem

534 4753 862 4827 Andreae
910 4750 1292 4827 nominibus
1346 4761 1415 4824 et
1483 4754 1797 4846 personis
1870 4747 2351 4822 exhibitionem
2404 4750 2969 4843 praescriptarum
3022 4745 3415 4819 Litterarum
3485 4751 3560 4819 in
3617 4768 3818 4842 supe-

532 4858 829 4938 rioribus
879 4859 1311 4944 insertarum,
1362 4854 1497 4927 hoc
1532 4863 1665 4945 est,
1716 4863 1790 4925 ut
1838 4853 2042 4926 iidem
2094 4850 2379 4925 Nobiles
2431 4855 2500 4923 in
2536 4854 2955 4948 praescripto
2989 4850 3313 4946 Districtu
3352 4848 3576 4922 Castri
3612 4850 3818 4923 Kem-

536 4961 650 5036 lek
705 4963 980 5035 maioris
1035 4962 1377 5034 constituti
1429 4968 1499 5031 et
1550 4961 1928 5032 existentes
1983 4978 2256 5052 semper
2306 4965 2378 5028 et
2428 4954 2514 5027 ab
2568 4958 2840 5049 antiquo
2894 4954 2980 5026 ad
3032 4953 3211 5028 idem
3267 4952 3580 5028 Castrum
3617 4976 3818 5050 prae-

532 5069 783 5162 scripta
821 5066 1101 5140 servitia
1137 5064 1648 5157 solutionesque
1683 5082 2061 5151 munerum,
2096 5062 2461 5148 actionum,
2507 5058 2822 5132 Dicarum
2862 5079 2987 5132 seu
3023 5067 3333 5130 taxarum
3369 5057 3656 5146 fecisse,
3709 5053 3814 5128 fa-

536 5183 832 5264 cereque
896 5167 1152 5243 debere
1201 5168 1291 5241 de
1327 5168 1673 5263 praesenti
1723 5165 2166 5259 allegaverit3
2219 5173 2446 5235 tamen
2499 5165 2653 5256 quia
2705 5161 3052 5257 praefatus
3106 5161 3446 5257 quondam
3495 5161 3818 5234 Dominus

534 5272 1008 5365 sigismundus
1059 5270 1217 5345 Rex
1262 5275 1331 5344 in
1385 5273 1803 5366 praescripto
1880 5267 2087 5344 Anno
2138 5267 2411 5340 Domini
2465 5264 2669 5338 1430
2719 5263 3333 5361 supplicationibus
3370 5264 3816 5361 praefatorum

536 5373 821 5445 aloannia
874 5372 992 5444 filii
1041 5373 1164 5446 Osi
1215 5374 1303 5445 de
1355 5372 1692 5445 Harborth
1744 5382 1816 5444 et
1866 5370 2174 5465 Magistri
2222 5368 2576 5444 Michaelis
2629 5368 2716 5442 de
2767 5368 3062 5462 Rawen,
3120 5392 3249 5465 per
3297 5373 3486 5465 ipsos
3538 5367 3814 5440 Culmini
