3950 5917
2006 947 2245 1075 ’τι

796 1311 1006 1383 Anno
1066 1282 1301 1381 1302.
1376 1315 1447 1377 in
1501 1312 1816 1378 crastino
1879 1309 2359 1377 Pentecoste-⁹.
2467 1302 2546 1371 In
2601 1301 2941 1374 Hocuclia
3012 1302 3379 1391 (otucani
3397 1303 3493 1389 1³).

491 1571 989 1664 Hladinus
1052 1548 1394 1672 Subici,
1479 1567 1868 1646 Bosnae
1931 1576 2024 1644 et
2083 1515 3088 1666 Oroates-nnsssanus,
3184 1563 3830 1668 spalatensi-

568 1710 743 1790 bus
806 1695 1506 1788 immunitatem
1572 1705 2144 1818 commercii
2209 1701 2556 1786 etalia
2605 1698 3172 1806 Privilegia
3240 1699 3739 1780 concedit.

804 1978 951 2053 Nos
1001 1976 1368 2066 medians,
1444 1976 1750 2048 Banus
1830 1972 2386 2060 Hennensis,
2469 1968 2784 2045 omnibus
2861 1968 3106 2066 quibus
3185 1968 3489 2066 expedit,
3571 1980 3822 2042 tenore

496 2086 913 2182 presentium
994 2080 1460 2176 significamus
1538 2078 1911 2164 universis,
1993 2075 2176 2170 quod
2235 2095 2368 2149 nos
2422 2072 2820 2168 diligenter‹
2855 2073 3313 2147 consideratis
3365 2082 3438 2146 et
3487 2076 3824 2168 inspectis

498 2179 929 2261 fidelitatibus
982 2195 1055 2258 et
1103 2186 1408 2258 servitiis
1460 2179 1803 2254 Nobilium
1874 2189 1948 2251 et
2018 2176 2536 2253 communitatis
2618 2176 2904 2274 Spalati‚
2985 2173 3404 2272 obsequiose
3481 2176 3825 2248 hactenus

495 2293 823 2386 impensis
877 2298 948 2362 et
996 2291 1065 2361 in
1120 2296 1470 2382 postorum
1522 2293 1669 2358 toto
1722 2304 1937 2380 posse
2016 2280 2502 2379 inpendendis,
2575 2280 2757 2354 hanc
2805 2283 3098 2375 gratiam
3167 2290 3471 2353 nostram
3547 2278 3822 2364 damna,

496 2395 831 2468 donamus
885 2402 954 2465 et
1006 2390 1489 2466 confirmamus
1560 2387 1957 2483 specialem.
2065 2384 2262 2473 Quod
2335 2379 2580 2460 omne‘s
2632 2394 3060 2482 mercatores
3140 2383 3617 2480 Spalatenses5
3695 2405 3828 2477 per

356 2509 365 2518 '
498 2500 889 2571 uniuersum
944 2495 1313 2568 dominium
1365 2501 1675 2566 nostrum
1730 2486 1787 2562 C
1802 2490 1849 2563 h
1864 2513 1902 2562 r
1918 2511 1963 2563 o
1983 2511 2024 2562 a
2042 2499 2072 2560 t
2088 2493 2111 2562 i
2130 2512 2173 2562 a
2189 2512 2242 2562 ο
2288 2510 2331 2560 e
2349 2497 2377 2560 t
2426 2487 2484 2560 B
2502 2509 2547 2561 o
2565 2511 2608 2559 ι
2625 2510 2673 2561 n
2689 2510 2736 2560 a
2751 2510 2798 2563 e
2868 2509 3129 2576 emere,
3200 2486 3538 2571 vendere,
3614 2509 3830 2558 com-

499 2621 772 2696 parare,
851 2599 1297 2672 mercimonia
1364 2604 1728 2690 apportare
1782 2602 1855 2665 et
1905 2590 2185 2665 auferre
2253 2590 2472 2664 libere
2513 2591 2806 2690 gualeant
2857 2601 2928 2665 et
2979 2594 3265 2687 possint.
3372 2588 3829 2663 Nihilominus

498 2704 571 2777 hi
622 2725 865 2777 omnes
917 2702 1030 2774 alii
1085 2708 1511 2786 morosiores
1583 2719 1707 2769 sua
1761 2698 2209 2772 mercimonia
2263 2697 2330 2767 in
2385 2694 2674 2769 Ciuitate
2729 2692 3114 2789 spalatensi
3185 2694 3505 2766 volentes
3561 2703 3630 2765 et
3685 2692 3832 2764 de-

502 2806 889 2881 siderantes
944 2813 1334 2900 apportare,
1385 2823 1528 2874 noa
1580 2809 1865 2873 careant
1933 2799 2181 2873 eadem
2233 2800 2452 2892 gratia
2503 2808 2742 2871 nostra
2793 2797 3209 2893 supradicta,
3283 2800 3603 2891 qnoniam
3654 2799 3832 2891 ipsis

502 2905 1000 2982 mercatoribus
1080 2927 1287 3000 super
1364 2903 1571 2978 fidem
1650 2913 1957 2977 nostram
2010 2902 2165 2976 Deo
2218 2901 2514 2975 debitam
2594 2897 2816 2998 ylldre
2895 2905 3341 2997 promittimus
3423 2900 3831 2973 obseruare.

502 3010 731 3106 Super
778 3031 916 3107 quo
970 3008 1284 3083 omnibus
1336 3005 1713 3082 Comitibus
1760 3011 2045 3097 nostris,
2117 3004 2554 3095 Rectorilms⁹
2628 3004 3031 3078 officialibus
3085 3015 3156 3077 et
3210 3002 3606 3076 custodibus
3657 3006 3834 3075 via-

502 3135 681 3200 rum..
734 3136 862 3209 pro
914 3122 1225 3209 tempore
1279 3114 1692 3200 constitutis,
1747 3109 2070 3184 Croatiae
2122 3119 2195 3183 et
2223 3110 2537 3199 Romnae,
2589 3131 2715 3204 per
2757 3108 2934 3182 haec
2969 3108 3221 3204 scripta
3275 3107 3556 3180 firmiter
3608 3129 3833 3201 prae-

506 3215 824 3314 cipiendo
903 3215 1330 3305 mandamus,
1410 3224 1747 3310 quatenns
1826 3213 2188 3310 praefatos·
2252 3220 2678 3287 mercatores
2729 3210 3174 3308 Spalatenses
3229 3222 3300 3284 et
3351 3232 3597 3284 omnes
3651 3211 3836 3282 alios

507 3325 579 3394 in
629 3319 1048 3416 praedictam
1103 3317 1463 3393 ciuitatem
1517 3316 1998 3415 spalatensem
2051 3339 2207 3390 cum
2261 3318 2722 3391 mercimoniis
2777 3317 3141 3390 venientes
3187 3325 3257 3387 et
3306 3314 3708 3400 redeuntes,
3765 3316 3840 3384 in

510 3424 695 3497 nullo
774 3424 1156 3519 aliqualiter
1231 3421 1603 3497 molestare
1655 3421 1775 3496 vel
1827 3424 2033 3495 etiam
2111 3419 2443 3517 impedire
2521 3423 3000 3517 praesumatis„
3079 3420 3206 3493 sed
3261 3409 3483 3515 potius
3565 3416 3842 3491 eisdem

498 3536 820 3603 vestrum
897 3528 1259 3603 consilium
1334 3536 1410 3599 et
1455 3527 1809 3616 auxilium,
1880 3527 1941 3600 si
1995 3535 2447 3620 opportunum
2523 3523 2756 3615 fuerit,
2837 3523 3270 3620 impendatis,
3352 3520 3478 3596 sub
3551 3520 3844 3595 obtentu

511 3641 797 3716 nostrae
876 3634 1142 3725 gratiae
1219 3631 1589 3726 plenioris3
1662 3627 1853 3725 quod
1902 3630 1966 3703 si
2017 3630 2172 3725 quis
2224 3637 2532 3703 vestrum
2612 3651 2785 3703 ausu
2851 3631 3222 3702 temerario
3304 3647 3511 3700 secus
3590 3625 3848 3698 fecerit

511 3743 583 3808 et
610 3733 1018 3810 huiusmodi
1065 3733 1365 3808 mandati
1407 3735 1628 3808 nostri
1676 3744 2163 3827 transgressor
2213 3734 2540 3823 extiterit,
2593 3735 2868 3807 noverit
2904 3755 2984 3807 se
3021 3754 3148 3828 pro
3186 3741 3379 3803 certo
3435 3752 3606 3804 suae
3660 3753 3844 3824 per-

512 3858 734 3912 sonae
809 3840 1129 3934 propriae
1206 3838 1578 3933 periculum
1656 3839 2040 3925 incurisse3
2121 3847 2193 3910 et
2260 3840 2416 3934 quia
2489 3837 2784 3934 sigillum
2836 3845 3144 3911 nostrum
3195 3835 3454 3908 Banale
3531 3834 3847 3908 nondum

511 3949 665 4013 erat
713 3950 1046 4036 paratum,
1099 3950 1505 4037 praesentes
1558 3944 1835 4039 antiquo
1888 3941 2117 4039 sig-illo
2195 3939 2487 4015 fecimus
2555 3939 2858 4036 sigillari.
2964 3941 3210 4012 Datum
3264 3941 3330 4012 in
3383 3937 3722 4012 Hocucha
3772 3943 3850 4010 in

512 4045 790 4118 crastin.
842 4043 1294 4119 Pentecostes
1348 4043 1477 4119 sub
1522 4044 1731 4120 Anno
1783 4045 2059 4119 Domini
2115 4043 2340 4119 1302.
2993 4098 3000 4104 -

514 4295 700 4352 Ludus
736 4299 803 4352 dc
836 4299 1021 4370 Regno
1058 4301 1225 4358 Dalm.
1262 4310 1315 4354 et
1350 4301 1604 4357 croatiae.
1640 4301 1765 4356 une.
1803 4300 1913 4355 Lib.
1948 4301 2034 4357 w.
2070 4299 2197 4372 Cap.
2232 4301 2362 4356 xm.
