3950 5917
3337 418 3443 497 st

190 620 548 719 ommni,
596 640 742 703 non
791 620 879 701 ἐτι
917 622 1309 718 benamu,
1332 619 1459 701 sod
1506 628 1581 702 'in
1634 617 2155 733 possessionem
2205 572 2618 723 perpetuam
2688 629 3115 724 episcopatui
3166 626 3442 723 Zagru-

186 735 374 807 itiensi
436 734 915 807 contulerimus
978 729 1522 807 irreuooabiliter
1587 731 1970 839 possidere.
2079 730 2152 803 In
2205 734 2399 807 ouius
2449 732 2554 805 rei
2604 735 3004 804 memoriam
3058 742 3131 806 et
3179 752 3441 829 perpe-

74 842 75 851 '
186 844 338 911 uun
380 835 749 910 firmitatem
801 846 1207 935 praesentes
1256 838 1731 910 concessimus
1786 832 2062 908 litteras
2108 834 2442 932 duppliois
2514 835 2719 930 sigilli
2787 838 3003 909 nostri
3075 839 3443 911 munimine

186 939 514 1014 roboratas.
619 938 870 1014 Datum
936 962 1066 1036 por
1115 962 1361 1013 manus
1426 939 1518 1013 M,
1588 940 1946 1029 Demetrii
2015 937 2397 1035 Praepositi
2466 937 2823 1026 Albensis
2893 939 3093 1013 aulae
3163 950 3444 1014 nostrae

186 1042 770 1119 Vico-Cancellarii
821 1043 1049 1118 dilecti
1100 1054 1173 1118 et
1223 1044 1443 1119 fidelis
1492 1047 1736 1135 nostri,
1808 1064 1990 1118 anno
2043 1042 2318 1117 Domini
2367 1038 2893 1132 Mccnxxvln
2966 1047 3164 1140 regni
3217 1054 3444 1118 autem

190 1152 366 1223 nostfi
412 1171 585 1223 anno
641 1151 897 1245 quinto.

74 1358 75 1371 Ν
188 1348 2080 1425 ι-ωηῑιιιωιωμω..-ιικω.τοι.νιμς.νκ.

1588 1914 2003 2005 Iani.

1543 2206 1749 2297 Anno
1804 2204 1856 2276 '1
1870 2203 2055 2277 259.

204 2466 671 2553 tndislaus
732 2468 935 2553 Rex
1025 2471 1670 2576 privilegium
1733 2468 2130 2553 Nicolai
2224 2470 2460 2551 Bani
2543 2473 2852 2553 totius
2914 2470 3456 2551 Slavoniae

204 2603 288 2685 de
363 2608 995 2688 libertatibus
1077 2605 1569 2689 Nobilium
1657 2606 2787 2715 Campi',Zag-rabiensis
2880 2612 3464 2689 transsumit

1444 2759 1537 2827 et
1618 2748 2171 2828 confirmat.

442 3000 843 3109 LadislauS,
908 3011 1020 3099 dei
1054 3016 1303 3107 gratia
1336 3010 1713 3105 Hungarie
1765 3012 2131 3103 Dalmatio
2188 3010 2489 3101 Groatie
2541 3012 2787 3102 Rame
2842 3010 3113 3106 Sei-uie,
3170 3012 3464 3102 Galiitie

202 3110 571 3209 monerio,
641 3114 996 3206 Cumanie
1047 3116 1503 3212 Bulgarieque
1538 3116 1715 3189 Rex.
1822 3115 2181 3188 Vniuersis
2237 3115 2488 3197 Christi
2539 3116 2875 3208 fidelihus,
2930 3116 3013 3190 ad
3071 3140 3244 3215 quos
3297 3139 3467 3213 pre-

209 3228 389 3291 mles
432 3225 907 3317 peruenerint,
962 3222 1248 3294 salutem
1303 3224 1369 3293 in
1406 3224 1701 3293 omnium
1758 3206 2141 3293 Saluatore.
2195 3218 2308 3293 Ad
2343 3224 2822 3294 Vniuersorum
2868 3225 3170 3294 notitiam
3224 3231 3466 3295 tenore

206 3330 558 3415 presentium
616 3325 948 3398 volumus
1001 3328 1402 3420 peruenire:
1486 3323 1684 3411 Quod
1738 3322 2082 3405 accedens
2121 3322 2203 3396 ad
2244 3334 2547 3397 nostram
2583 3330 2995 3421 presentiam
3036 3323 3287 3398 Comes
3324 3325 3466 3398 La-

202 3423 429 3518 distans,
479 3428 672 3502 filius
728 3428 1111 3526 Gumzynn,
1163 3428 1501 3522 Jobbagio
1540 3425 1763 3500 Casti-i
1797 3430 2018 3500 nostri
2050 3427 2563 3523 ZagrabiensiS‚
2617 3451 2742 3526 pro
2800 3452 2878 3503 se
2934 3440 3004 3502 et
3055 3430 3204 3501 aliis
3259 3432 3470 3503 sociis

202 3529 453 3605 exhibuit
498 3533 713 3607 nobis
770 3534 1194 3628 priuilegium
1245 3532 1510 3605 Nicolai
1562 3531 1733 3605 Bani
1786 3535 1991 3605 totius
2047 3532 2441 3624 Sclauonie‚
2496 3542 2738 3629 petens
2794 3556 2947 3605 cum
2999 3536 3342 3624 instantia,
3397 3542 3473 3604 vt

202 3631 342 3706 idem
387 3647 601 3711 ratum
675 3636 964 3728 habere,
1039 3646 1108 3709 et
1159 3647 1395 3710 nostro
1472 3635 1907 3728 dignaremur
1973 3637 2332 3733 priuilegio
2412 3637 2862 3727 confirmare3
2933 3642 3127 3712 cuius
3200 3636 3470 3733 quidem
3603 3648 3610 3657 '

200 3739 484 3834 priuilegii
533 3752 749 3815 tenor
798 3743 861 3812 is
916 3750 1058 3813 est:
1131 3739 1278 3813 Nos
1330 3739 1682 3830 Nicolaum,
1733 3740 1965 3813 Banus
2018 3746 2224 3814 totius
2260 3739 2657 3834 Solanonie,
2713 3741 3175 3836 significamus
3229 3753 3470 3814 tenore

197 3849 596 3934 presentium,
656 3842 903 3939 quibus
940 3843 1239 3940 expedit,
1277 3847 1659 3917 Vniuersis:
1717 3844 1898 3939 quod
1944 3868 2097 3917 cum
2152 3844 2325 3917 feria
2376 3850 2574 3918 tertia
2628 3851 2941 3942 proxima
2995 3857 3151 3919 ante
3208 3869 3470 3919 ascen-

195 3948 417 4020 sionem
465 3949 754 4022 Domini
807 3952 1412 4042 congregationem
1469 3952 1664 4042 regni
1718 3948 2086 4021 Solanonie
2156 3948 2494 4042 Zagrabie
2559 3948 2970 4024 haberemus
3041 3949 3462 4042 generalem.

196 4051 454 4124 Vniuersi
522 4051 1005 4144 Jobbagiones
1078 4051 1301 4124 Castri
1350 4050 1835 4146 Zagrabiensis
1889 4052 1974 4123 ad
2030 4062 2332 4125 nostram
2406 4053 2822 4126 accedentes
2895 4057 3331 4148 presentiam,
3404 4056 3474 4125 in

192 4160 489 4229 communi
565 4157 871 4228 concilio
941 4157 1284 4253 predicto,
1353 4155 1778 4229 conditiones
1850 4155 2230 4228 libertatum
2309 4159 2612 4251 ipsorum
2685 4160 2992 4251 antiquas
3065 4154 3261 4230 nobis
3332 4178 3473 4228 ex·-

196 4271 527 4347 posuerunt
603 4258 735 4334 sub
806 4259 939 4334 bac
1008 4259 1266 4333 forma:
1376 4259 1573 4346 Quod
1645 4260 2008 4355 persolutis
2090 4258 2725 4334 commutationibus
2793 4261 3306 4350 descensuum„
3381 4281 3477 4333 ex

196 4372 351 4451 parte
396 4367 711 4459 ipsorum
762 4363 1341 4459 proueniantihus,
1410 4387 1546 4439 nec
1598 4363 2051 4439 Viee-Judex
2104 4375 2364 4456 noster,
2436 4374 2551 4437 aut
2605 4362 2894 4438 Curialis
2949 4363 3201 4437 Comes
3277 4366 3474 4437 eius-

194 4461 360 4556 dem,
425 4469 852 4541 descensum
920 4466 1275 4557 facerent,
1357 4489 1444 4540 eo
1516 4467 1702 4541 facto
1774 4493 1814 4540 a
1887 4467 2115 4541 debito
2189 4471 2731 4541 commutationis
2812 4467 3193 4543 descensus
3270 4468 3476 4541 iidem

190 4563 629 4664 Jobbagiones
705 4576 909 4643 castri
980 4582 1216 4645 essent
1286 4571 1635 4669 expediti3
1717 4577 1776 4645 si
1846 4595 2018 4645 vero
2093 4573 2500 4646 descensum
2571 4594 2708 4644 non
2764 4571 3097 4661 facerent,
3171 4595 3265 4645 ex
3317 4583 3477 4646 tuno

194 4676 374 4747 mei
423 4679 490 4749 in
546 4697 765 4765 anno,
825 4676 1087 4749 scilicet
1132 4672 1338 4748 'cirea
1391 4675 1643 4755 festum
1696 4676 1931 4749 Sancti
1984 4674 2277 4765 Martini,
2349 4681 2615 4748 ratione
2689 4675 2995 4748 eiusdem
3068 4675 3474 4763 descensus„

174 4770 401 4851 canifi
446 4789 701 4853 nostro
752 4777 995 4852 decem
1049 4790 1121 4853 et
1173 4790 1332 4852 octo
1380 4803 1633 4875 pensas
1703 4780 1908 4853 iidem
1960 4779 2430 4872 Jobbagiones
2503 4780 2669 4852 dare
2724 4789 3158 4870 tenerentur3
3231 4791 3300 4853 et
3350 4780 3476 4855 sub

196 4878 399 4952 eadem
454 4882 689 4956 forma
722 4885 987 4956 ratione
1039 4883 1420 4957 descensus
1473 4879 1691 4957 nostri
1726 4888 1795 4957 in
1832 4883 2011 4956 festo
2051 4885 2359 4979 predicto
2413 4883 2614 4956 nobis
2668 4892 2826 4956 octo
2874 4907 3147 4959 marcas
3201 4886 3476 4958 soluere

196 4987 596 5072 haemmi-3
655 5009 743 5059 eo
778 4987 957 5082 quod
1004 5011 1137 5060 nec
1188 4987 1441 5060 Judex
1454 4998 1721 5079 noster.5
1773 5011 1905 5060 neo
1959 4986 2248 5060 Cerialis
2285 4984 2536 5061 Comes
2590 4991 2800 5084 ipsius
2837 4993 2904 5062 in
2948 4989 3172 5062 eundo
3226 5010 3477 5061 versus

182 5082 383 5193 Gmd„
435 5093 555 5163 vel
589 5090 975 5179 redeundo
1027 5092 1437 5167 descensum
1495 5091 1731 5164 facere
1782 5102 2069 5189 possent
2118 5095 2298 5164 iuter
2346 5096 2562 5187 ipsos,
2615 5095 2734 5166 vel
2768 5093 3020 5165 familia
3076 5089 3475 5181 eorundem

180 5199 323 5260 Q
336 5205 591 5267 nostra.
658 5194 831 5267 Item
880 5206 1197 5291 quantum
1248 5201 1319 5270 in
1354 5195 1581 5269 habita
1636 5194 2131 5291 compositione
2186 5195 2479 5269 aduerse
2523 5189 2695 5292 parti
2745 5197 3008 5270 darent
3063 5193 3477 5269 tanmmdem

180 5289 389 5369 Uen
437 5299 611 5372 dare
664 5298 1079 5389 tenerentur
1134 5320 1266 5374 neo
1320 5301 1559 5397 altquts
1613 5304 2186 5396 possessionatus
2218 5306 2487 5375 ratione
2561 5302 2843 5411 alicuius
2916 5298 3123 5373 debiti
3191 5296 3482 5379 deberet

180 5404 515 5493 Queri.
628 5401 711 5474 Si
760 5406 907 5499 quis
976 5426 1149 5480 vero
1202 5426 1299 5479 ex
1326 5409 1516 5502 ipsis
1571 5404 2016 5493 contumacia
2059 5402 2370 5480 Nanctus
2397 5416 2646 5503 Vsque
2691 5407 3058 5503 septimam
3109 5407 3484 5481 terminum
