3950 5917
907 2003 999 2075 A.
1052 1999 1159 2075 83
1168 2000 1239 2075 7.
1349 2002 1428 2074 4.
1479 1999 1750 2075 Martii.
1827 2000 2112 2094 Byam‘,
2153 2022 2386 2098 prope
2435 1999 2799 2075 Salonam.

1 2246 2 2253 Ν
162 2263 796 2369 'l'erpimirus
835 2262 1043 2342 Dux
1095 2261 1683 2344 Groatorum
1737 2259 2784 2344 affirmatEcclesiam
2822 2263 3520 2344 Salonitanam

164 2400 818 2508 letropolim
896 2402 1199 2482 fuisse
1271 2425 1584 2506 usque
1658 2404 1957 2506 ripam
2018 2400 2447 2482 Danubii
2511 2411 2602 2481 et
2661 2426 2913 2510 pene
2977 2426 3147 2506 per
3206 2411 3522 2482 totum

1281 2537 1723 2643 Regnum
1805 2536 2413 2621 croatorum.

482 2808 567 2881 In
620 2807 918 2881 Nomine
969 2807 1189 2881 Patris
1245 2817 1317 2881 et
1367 2807 1520 2880 Filii
1573 2817 1645 2881 et
1696 2806 1988 2904 Spiritus
2042 2805 2299 2882 Sancti.
2403 2806 2768 2903 Regnante
2837 2813 2906 2882 in
2958 2807 3149 2882 Italia
3204 2801 3520 2906 piissimo

170 2909 501 2985 Lothario
573 2910 994 2984 Francorum
1064 2911 1265 3006 Rege
1334 2933 1462 3007 per
1528 2911 1978 2986 Indictionem
2030 2911 2166 2983 XV
2227 2909 2353 2986 sub
2407 2910 2520 2986 die
2571 2911 2669 2985 IV
2716 2912 2934 2988 Nonis
2987 2912 3233 2985 Martii.
3339 2914 3519 2987 Dum

168 3014 402 3088 nundi
459 3013 553 3086 ab
591 3017 861 3109 origine
923 3024 1166 3087 cuncta
1220 3037 1351 3110 per
1397 3023 1710 3112 tempora
1763 3014 1946 3088 facta
2001 3018 2371 3106 mansisse,
2427 3014 2935 3112 dellabisseque
2989 3015 3520 3093 succedentibus

169 3118 299 3189 alia
336 3118 633 3191 alternis
670 3119 1023 3210 (altissimi
1047 3116 1298 3194 Lucius
1337 3126 1409 3191 et
1439 3117 1662 3211 Farl.)
1702 3122 1906 3193 simet
1940 3119 2159 3193 oculis
2194 3121 2648 3216 perspicimus
2686 3123 2932 3193 mentis
2970 3130 3042 3192 et
3076 3143 3317 3195 manus
3354 3119 3518 3196 fidei

168 3223 559 3317 palpamus„
630 3220 796 3295 nihil
866 3223 1224 3316 corporeis
1294 3220 1620 3297 membris
1690 3221 1960 3313 videre,
2042 3220 2280 3294 audire
2351 3222 2532 3295 aliud
2602 3223 2953 3312 valemus„
3026 3226 3161 3297 nisi
3216 3246 3325 3312 00,
3383 3247 3519 3319 que

170 3333 665 3420 presentantur
714 3327 783 3397 d:
833 3328 1319 3420 scripturarum
1369 3323 1625 3397 auditio
1679 3323 2020 3399 obtutibus
2090 3324 2344 3422 pandit.
2449 3324 2653 3399 Vnde
2735 3348 2870 3420 ego
2949 3327 3113 3398 licet
3189 3337 3523 3421 peccator

168 3425 579 3523 'lirpimirus
629 3426 791 3500 Dux
845 3426 1278 3516 croatorum,
1332 3430 1601 3502 innatus
1653 3450 1939 3501 munere
1995 3427 2250 3518 diuino,
2312 3431 2616 3503 incertus
2672 3428 2758 3500 de
2815 3430 2927 3502 die
2978 3432 3390 3518 novissimo„
3448 3439 3522 3504 et

2 3588 12 3625 ‚
170 3528 367 3620 hora,
428 3551 566 3625 qua
619 3534 891 3605 nesciat
953 3530 1188 3620 homo„
1264 3531 1574 3606 solicitus
1642 3534 1844 3606 nimis
1917 3535 2145 3604 anime
2216 3553 2399 3623 mee,
2475 3552 2837 3605 commune
2910 3533 3268 3607 consilium
3339 3537 3519 3609 meis

171 3655 319 3706 cum
380 3631 705 3706 omnibus
758 3633 1101 3729 Zuppanis
1155 3637 1512 3708 construxi
1577 3638 2094 3724 monasterium„
2175 3633 2403 3729 ibique
2473 3644 2792 3708 cateruas
2863 3634 3144 3709 fratr-um
3216 3635 3519 3725 adhibui,

169 3758 459 3830 quorum
519 3735 778 3811 sedulis
832 3740 1042 3828 votis,
1106 3741 1174 3809 dc
1224 3736 1554 3832 frequens
1609 3742 1829 3811 oratio
1882 3760 2015 3809 nos
2069 3740 2406 3811 immunes
2459 3738 2781 3812 redderet
2832 3739 2987 3812 Deo
3041 3743 3374 3836 peccatis„
3444 3743 3517 3812 in

168 3838 343 3911 hanc
400 3838 667 3930 adjecit
716 3861 915 3912 mens
967 3849 1232 3930 nostra„
1287 3840 1602 3931 eJusdem
1648 3843 2049 3914 monasterii
2110 3841 2416 3915 ecclesie
2469 3842 2719 3936 aliquid
2771 3845 2840 3914 in
2885 3840 3287 3916 utensilibus
3341 3865 3516 3936 pre-

166 3963 434 4038 parare.
554 3939 723 4014 Cum
795 3953 1020 4016 autem
1088 3964 1232 4017 non
1301 3942 1655 4017 sufficeret
1731 3946 1802 4017 in
1873 3954 2162 4038 argento
2226 3947 2379 4039 ipsa
2457 3966 2633 4018 vasa
2702 3945 3218 4042 perficiendum,
3291 3967 3518 4017 acco-

164 4045 481 4119 modavit
548 4043 751 4119 nobis
814 4046 1060 4120 Petrus
1129 4044 1532 4120 Salonitane
1605 4048 1908 4121 ecclesie
1980 4047 2539 4144 archiepiscopus
2558 4099 2583 4138 ,
2665 4059 2737 4121 et
2806 4048 3095 4121 dilectus
3163 4056 3546 4143 compater·

164 4147 259 4222 xl
308 4146 568 4222 Libras
640 4159 1056 4242 argenteas:
1127 4148 1261 4222 hac
1321 4149 1410 4222 de
1461 4173 1542 4222 re
1597 4152 1665 4224 ei
1717 4151 2036 4226 duximus
2105 4150 2303 4224 hilari
2372 4154 2602 4225 animo
2674 4151 2839 4225 dare
2893 4150 3188 4246 quidvis,
3254 4160 3323 4222 et
3373 4172 3516 4224 000

167 4251 611 4346 denegamus
665 4251 974 4326 charitati
1042 4262 1309 4342 vestre„
1382 4252 1625 4348 quibus
1677 4257 1829 4350 ipse
1880 4253 2274 4348 respondit:
2346 4256 2513 4328 volo
2566 4255 2861 4328 Domine
2917 4263 2989 4326 et
3038 4263 3394 4349 compater
3442 4262 3521 4328 ut

162 4357 491 4451 primum,
531 4354 851 4450 quidquid
886 4358 1163 4452 proprio
1200 4358 1337 4429 emi
1370 4360 1620 4452 pretio,
1657 4358 1776 4431 vel
1811 4357 1993 4452 quod
2030 4356 2351 4430 donatum
2388 4361 2602 4433 estin
2636 4355 3088 4430 immobilibus
3126 4366 3194 4429 et
3230 4355 3514 4430 mobili-

168 4455 295 4530 bus
328 4461 403 4532 in
444 4466 689 4532 sancta
742 4468 962 4531 matre
1017 4459 1346 4551 ecclesia,
1397 4460 1469 4533 id
1523 4470 1634 4536 est
1684 4464 1752 4533 in
1804 4459 2058 4535 Lasani
2110 4471 2181 4535 et
2216 4460 2473 4555 Tugari
2527 4460 2854 4553 (Tm-gari
2913 4459 3076 4531 Luc.
3116 4470 3185 4532 et
3221 4459 3517 4554 Farlati)

168 4583 326 4634 cum
380 4565 619 4637 servis
679 4571 751 4634 et
807 4562 1070 4636 ancillis
1141 4560 1422 4659 Stepus‚
1494 4560 1828 4658 SagoleQ
1904 4562 2231 4638 Chortino
2301 4566 2652 4661 presentia
2706 4562 3046 4637 claritatis
3099 4573 3338 4638 vestre
3390 4587 3522 4661 per

164 4666 566 4761 paginulam
607 4665 1109 4760 privilegialem
1147 4675 1387 4741 sancte
1424 4665 1824 4741 Salonitane
1869 4668 2174 4742 ecclesie
2228 4668 2409 4742 dicte
2463 4668 2845 4762 mancipata
2882 4669 2953 4739 in
2994 4677 3304 4741 eternum
3340 4690 3518 4764 per-

6 4797 13 4816 »
166 4778 522 4858 mant,
577 4790 664 4841 ac
715 4767 992 4860 deinde,
1035 4780 1109 4842 ut
1143 4771 1214 4843 in
1247 4768 1458 4843 fatam
1501 4780 1790 4844 matrem
1827 4772 2226 4862 ecclesiam,
2279 4793 2413 4866 que
2449 4780 2560 4846 est
2591 4770 2994 4867 metropolis
3045 4793 3266 4867 usque
3300 4775 3516 4868 ripam
3615 4803 3630 4808 -

166 4869 491 4962 Danubii„
566 4880 639 4944 et
686 4893 871 4967 pene
921 4894 1052 4968 per
1098 4881 1313 4946 totum
1367 4873 1683 4967 Regnum
1739 4873 2189 4948 chroatorum
2261 4873 2478 4965 (Farl.
2535 4869 2853 4968 croatie)
2907 4877 2976 4947 ὢ
3021 4897 3151 4972 pro
3201 4873 3515 4948 remedio

169 4978 396 5050 nine
468 4984 735 5067 uestro,
804 4985 1162 5071 parentum
1232 4977 1348 5050 uel
1417 4974 1717 5051 fidelium
1786 4987 2198 5068 uestrorum,
2272 4985 2344 5049 et
2394 4999 2523 5074 per
2573 4977 3077 5052 commodatum
3155 4986 3516 5071 argentum

170 5075 343 5153 defle
395 5078 712 5154 ecclesie
771 5076 839 5152 b.
896 5077 1205 5175 Georgii,
1273 5084 1346 5154 in
1396 5081 1557 5154 loco
1610 5084 1726 5177 qui
1775 5080 2021 5154 dicitur
2067 5080 2360 5172 Putalio‚
2432 5084 2661 5156 omnia
2713 5104 2847 5178 que
2903 5080 3162 5156 obtinet
3209 5100 3516 5176 posses-

170 5184 464 5275 nsonmn,
538 5203 799 5258 servos
852 5183 1125 5278 quidem
1192 5192 1267 5257 et
1325 5184 1639 5275 ancillas,
1709 5207 1844 5280 que
1901 5183 2201 5259 Mislavo
2251 5183 2449 5258 Duce
2501 5188 2722 5283 ipsam
2777 5186 3080 5261 ecclesie
3164 5204 3319 5255 cum
3373 5181 3516 5256 de-

171 5284 385 5361 flecta
452 5284 762 5376 videtur,
821 5294 895 5359 et
927 5284 1014 5359 ab
1046 5289 1204 5383 ipso
1257 5287 1649 5385 supradicto
1683 5287 1881 5361 Duce
1934 5287 2135 5363 donis
2189 5287 2492 5381 ditatam,
2546 5290 2749 5364 simili
2783 5287 2992 5362 modo
3046 5291 3114 5359 dc
3159 5283 3517 5381 Privilegii

6 5381 9 5430 ²
169 5412 489 5484 emma,
525 5388 667 5465 hec
702 5387 978 5487 quidem
1013 5389 1292 5465 donatio
1331 5413 1372 5464 a
1407 5390 1633 5467 Vobis
1682 5390 1965 5465 firmiter
2000 5396 2209 5467 enixe
2260 5392 2700 5492 deposcimus
2726 5390 2955 5466 taliter
2989 5388 3194 5483 (Luc.
3231 5398 3303 5464 et
3328 5387 3516 5463 Farl.

2995 5494 3093 5567 1⁴}
