3950 5917
472 388 641 473 m

464 610 601 675 m
649 591 1105 695 harmuto
1146 588 1539 669 anun-u
1584 585 1930 682 hunus,
1982 588 2412 669 suntme
2773 589 3023 672 tenid
3250 588 3818 675 alt-inuh·-

466 696 667 777 ens.
768 691 2228 873 ⁰⁸ffi3}mh⁰⁰¹””³i⁸
2292 692 2479 771 »aaa
2546 692 3187 797 musaeu-n
3284 694 3814 773 Διιοᾱο-ειιῑ

463 989 745 1063 Originum
778 989 1079 1049 membrana
1111 940 1166 1045 in
1200 988 1446 1047 Arcum
1482 988 1653 1062 Remi
1685 987 1940 1046 Gnatiae.

1812 1539 2450 1624 Lxxxrv.

1517 1844 1727 1959 Auso
1797 1841 2034 1916 1334.
2112 1842 2238 1917 IV.
2291 1842 2482 1915 Non.
2542 1803 2760 1914 Junci:

476 2106 904 2190 Garoias
966 2102 1493 2209 M.=Doncb,
1556 2100 1919 2185 Gom-iti
1979 2101 2458 2207 Zoiiensi,
2521 2114 2949 2182 castrum
3012 2100 3810 2185 Gomarom'loco

476 2256 1036 2325 castrorum
1120 2241 1699 2348 Strigov.et
1755 2216 2336 2348 Canni-aja,
2397 2243 2504 2336 ‚in
2570 2242 2910 2322 insula
2966 2245 3230 2323 inter
3288 2240 3644 2327 Μαι-ειη
3707 2253 3836 2335 et.-

1475 2377 1883 2459 Dravum
1962 2382 2414 2482 sitorum,
2477 2376 2797 2458 donat,

789 2650 1111 2738 Kal-olus,
1154 2647 1287 2721 Dei
1319 2649 1558 2742 gracia
1599 2647 1979 2743 Euagon-ie,
2002 2647 2384 2741 namacio,
2412 2646 2732 2740 Groacie‚
2756 2646 3005 2740 Kame,
3023 2644 3303 2739 Servie‚
3332 2644 3619 2737 Gaude,
3641 2645 3808 2721 Lo—

470 2753 815 2843 domerie‚
837 2751 1194 2843 Commio,
1218 2750 1675 2846 Balgarieque
1691 2750 1876 2843 Rex,
1893 2749 2224 2847 Princeps
2251 2747 2746 2826 Sallernitanus
2775 2761 2846 2825 et
2868 2751 3154 2827 honoris
3182 2774 3270 2824 ac
3296 2754 3544 2825 montis
3562 2748 3820 2828 Sancti

468 2856 735 2950 Angeli
787 2854 1140 2928 Dominus.
1194 2852 1522 2928 Omnibus
1576 2852 1826 2929 Christi
1876 2853 2216 2946 fidelibus,
2267 2853 2702 2951 presentibus
2752 2857 3009 2951 pariter
3052 2864 3124 2928 et
3157 2853 3425 2945 futuris,
3477 2855 3810 2929 noticiam

474 2961 897 3055 presentium
948 2956 1301 3047 habituris,
1356 2958 1645 3032 salutem
1696 2960 1765 3031 in
1794 2960 2092 3030 omnium
2147 2958 2384 3032 salutis
2428 2958 2779 3051 largitore.
2836 2954 3005 3030 Cum
3055 2956 3237 3031 bene
3290 2957 3549 3030 meritis
3602 2954 3812 3030 fauor

471 3060 751 3133 debitus
803 3059 1242 3155 impenditur,
1313 3069 1384 3132 et
1435 3063 1624 3134 sinus
1679 3060 2062 3135 dilectionis
2113 3060 2450 3156 panditur,
2503 3060 2951 3157 ‘fideliterque
3006 3057 3539 3154 obsequentibus
3594 3058 3812 3152 digua

478 3185 756 3239 merces
825 3161 1151 3254 redditur,
1231 3162 1422 3239 Deus
1475 3163 1732 3260 placari
1786 3163 2112 3253 creditur,
2166 3172 2240 3235 et
2289 3161 2536 3237 subditi
2598 3163 2688 3237 ad
2738 3162 3083 3237 fidelitatis
3137 3184 3352 3259 opera
3406 3161 3812 3237 exercenda

478 3265 752 3338 facilius
804 3269 1192 3357 innitantur,
1255 3265 1746 3357 accenduntur,
1801 3289 1935 3362 que
1990 3266 2116 3341 sub
2171 3287 2295 3361 spe
2350 3275 2422 3338 et
2472 3264 2819 3340 desiderio
2871 3266 3378 3339 retribuationis
3431 3264 3814 3360 amplioris.

478 3369 777 3445 Proinde
830 3369 917 3440 ad
968 3372 1451 3447 universorum
1502 3377 1642 3442 tam
1692 3371 2127 3465 presencium
2182 3390 2380 3465 quam
2434 3366 2811 3441 futurorum
2865 3371 3187 3441 noticiam
3259 3368 3575 3441 volumus
3626 3389 3818 3462 per-

480 3475 758 3547 uenire:
817 3471 999 3568 quod
1052 3494 1209 3544 cum
1259 3493 1390 3546 nos
1445 3470 1655 3545 nobili
1706 3475 1861 3544 viro
1915 3470 2249 3565 Magistro
2285 3469 2556 3561 Doneh,
2609 3469 2751 3544 filie
2788 3470 3152 3563 Dominici‚
3209 3470 3454 3543 Comiti
3507 3469 3598 3542 de
3647 3469 3842 3543 Ze·-

481 3575 603 3663 lio,
675 3574 859 3648 fideli
912 3586 1179 3665 nostro,
1257 3573 1708 3651 mediantibus
1761 3575 2002 3649 litteris
2055 3572 2556 3655 honorabilium
2604 3576 2912 3649 virorum
2993 3571 3281 3670 Capituli
3335 3573 3599 3648 scilicet
3647 3572 3820 3645 Ec-

476 3677 744 3748 clesiae
798 3677 1293 3770 Strigoniensis
1343 3675 1881 3772 privilegialibus
1932 3680 2003 3748 in
2034 3679 2614 3771 permutacionem
2669 3681 2879 3751 castri
2902 3675 3122 3767 Arna,
3177 3679 3565 3774 nuncupati,
3618 3677 3824 3771 quod

476 3779 663 3851 idem
718 3778 916 3851 nobis
972 3788 1041 3849 et
1091 3783 1346 3859 nostris
1400 3777 1811 3860 heredibus..
1876 3783 2028 3854 sive
2084 3777 2606 3853 successoribus
2633 3782 2951 3861 ‚restituit
3003 3790 3075 3853 et
3124 3780 3395 3874 reliquit
3448 3800 3598 3850 cum
3653 3788 3820 3853 toto

472 3882 786 3953 districtu
841 3881 1147 3953 eiusdem
1203 3892 1273 3954 et
1326 3884 1471 3955 suis
1524 3885 1962 3977 pertinenciis
2036 3884 2378 3955 universis
2433 3906 2518 3953 ac
2573 3883 2860 3976 singulis
2897 3892 3230 3979 perpetuo
3282 3881 3820 3978 possidendum,

472 3984 848 4057 tenendum
925 3988 1180 4080 pariter
1233 3994 1323 4068 et,
1381 3983 1791 4075 habendum,
1872 3984 2162 4080 quedam
2238 3994 2466 4058 castra
2545 3995 2780 4060 nostra
2836 3984 3146 4080 Strigow
3195 3994 3266 4057 et
3319 3982 3822 4081 Chaakturnya

476 4092 853 4177 nominata,
926 4092 1098 4161 intra
1170 4085 1422 4162 fluvios
1482 4088 1719 4161 Drava
1773 4098 1844 4162 et
1894 4087 2089 4162 Muta
2142 4087 2369 4161 habita
2433 4098 2505 4162 et
2556 4091 2826 4178 situata,
2900 4089 3211 4162 similiter
3280 4111 3436 4160 cum
3490 4091 3632 4161 suis
3692 4087 3828 4160 di-

474 4190 828 4266 strictibus
884 4202 955 4264 et
1005 4194 1445 4287 pertinenciis
1497 4195 1870 4281 universis.j
1943 4214 2028 4264 ac
2079 4195 2329 4265 tenutis
2385 4190 2472 4264 ad
2526 4192 2837 4265 eamdem
2912 4190 3402 4289 spectantibus„
3474 4190 3828 4265 dedisse-

478 4316 633 4368 mus
689 4304 757 4367 et
808 4295 1324 4377 tradidissemus
1377 4306 1708 4392 perpetuo
1765 4299 1832 4367 in
1886 4294 2066 4369 filios
2119 4294 2407 4369 filiorum
2462 4295 2771 4368 eiusdem
2822 4293 3280 4392 possidenda3
3345 4318 3480 4391 que
3532 4295 3830 4391 quidem

474 4409 708 4469 castra
762 4397 943 4475 idem
995 4399 1203 4495 pleno
1253 4403 1403 4473 iure
1457 4397 1586 4472 sibi
1640 4407 1885 4472 statuta
1939 4397 2240 4494 pluribus
2313 4396 2552 4473 diebus
2605 4400 2796 4472 titulo
2847 4399 3028 4472 dicte
3079 4401 3612 4496 permutacionis
3671 4398 3832 4471 ha-

478 4499 745 4574 buisset
799 4513 868 4574 et
919 4506 1278 4593 tenuisset,
1349 4502 1621 4574 tandem
1686 4501 1867 4573 idem
1923 4504 2253 4596 magister
2301 4502 2548 4575 Donch
2602 4508 2688 4575 ad
2740 4513 3046 4576 nostram
3101 4502 3446 4575 accedens
3499 4523 3834 4598 presen-

479 4605 671 4693 tiam,
727 4607 1048 4699 exposuit
1098 4604 1297 4678 nobis
1351 4605 1714 4694 humiliter,
1783 4604 2252 4700 supplicando,
2325 4605 2508 4702 quod
2561 4616 2858 4681 castrum
2914 4604 3254 4678 Camarun
3324 4615 3836 4703 nuncupatum,

478 4708 553 4778 iii
609 4711 929 4778 comitatu
997 4708 1083 4779 ad
1152 4704 1515 4798 Camarum
1594 4710 1665 4780 in
1730 4708 1948 4783 insula
2021 4707 2310 4781 Danubii
2382 4708 2708 4801 habitum,
2786 4720 3067 4807 propter
3129 4710 3290 4800 hoc,
3369 4720 3447 4782 vt
3513 4711 3668 4807 ipse
3726 4710 3844 4783 ad
3917 4742 3918 4745 ¹

481 4814 642 4897 rios,
715 4812 783 4880 in
855 4812 1041 4882 curia
1112 4821 1347 4887 nostra
1416 4815 1695 4907 propius
1766 4809 1915 4884 fieri
1985 4816 2230 4908 possit,
2304 4822 2373 4885 et
2442 4811 2717 4904 debeat,
2785 4836 2871 4886 ac
2925 4835 3049 4888 sua
3102 4812 3304 4886 nobis
3356 4811 3585 4885 fidelia
3643 4836 3840 4886 ser-

480 4915 662 4985 nicia
695 4915 938 5007 magis
994 4917 1313 4987 continue
1367 4937 1533 5010 erga
1580 4937 1711 4989 nos
1766 4915 2128 4990 existendo
2183 4916 2612 4990 commodius
2663 4916 2896 4990 valeat
2945 4916 3410 5012 frequentare,
3465 4915 3595 4990 sibi
3651 4939 3848 4989 ma—

478 5019 597 5111 gis
649 5016 843 5107 vtile,
909 5039 1106 5112 quam
1160 5017 1463 5113 predicta
1519 5030 1745 5095 castra
1801 5018 2110 5113 Strigow
2172 5029 2244 5093 et
2295 5017 2733 5118 Ghakturnya
2784 5029 3063 5110 vocata,
3133 5031 3212 5093 vt
3256 5023 3690 5116 premittitur„
3747 5024 3846 5096 ἰιι

488 5123 1071 5215 permutacionem
1126 5125 1334 5198 castri
1366 5122 1556 5196 Arua
1602 5126 1956 5215 nominati,
2008 5145 2134 5220 per
2167 5146 2298 5198 nos
2353 5122 2482 5198 sibi
2536 5124 2694 5203 date
2747 5123 2902 5198 fore
2954 5127 3402 5221 inspexisset,
3456 5134 3529 5198 et
3561 5127 3866 5222 pariter·

478 5228 922 5315 estimasset3
973 5236 1216 5322 petens
1268 5236 1347 5299 vt
1397 5226 1773 5325 predictum
1827 5237 2126 5301 castrum
2179 5238 2486 5303 nostrum
2543 5225 2902 5302 Camarum
2956 5238 3278 5302 vocatum
3328 5231 3400 5302 in
3452 5238 3862 5325 permuta—

478 5328 759 5401 cionem
808 5332 942 5402 iam
997 5330 1329 5405 dictorum
1385 5342 1766 5407 castrorum
1828 5329 2139 5426 Strigow
2190 5342 2261 5405 et
2316 5329 2752 5429 Cbakturnya
2823 5331 2990 5405 dare
3045 5332 3175 5405 sibi
3246 5331 3334 5407 de
3389 5331 3866 5429 benignitate
3917 5398 3918 5403 ,
