3950 5917
3341 409 3458 490 Q

156 612 417 708 Bagam
461 613 868 689 clementiae
919 615 1209 709 gratiam
1260 621 1603 711 papam
1650 612 1973 688 duximus
2024 613 2492 708 largiendam·
2551 621 2626 688 ιιι
2673 637 2716 687 a
2768 614 3040 692 sufficio
3095 621 3162 691 <k
3209 618 3454 693 ,luris-

168 719 429 792 dictione
475 718 687 792 Ducis
741 718 1165 793 Sclaveniae
1218 729 1423 814 atque
1472 718 1673 808 Beni,
1728 730 1800 790 et
1842 721 2242 812 quorumvis
2287 718 2573 792 aliorum
2610 717 2926 794 Judieum
2952 720 3179 813 Regni
3225 726 3452 800 nostri

164 831 227 892 et
267 821 796 912 Iustitiariorum,
874 832 1157 918 praeter
1205 821 1639 896 solun-odo
1693 820 1963 915 Regiae
2013 821 2427 914 Hajestatis‚
2506 843 2791 916 prorsus
2844 829 3104 898 exemti
3191 835 3262 898 et
3314 847 3453 902 se·-

164 927 395 1018 gregati
441 923 842 1016 habeantur,
895 948 1031 999 nec
1082 925 1369 999 eosdem
1435 924 1708 997 Judicio
1765 947 1893 998 suo
1947 932 2201 997 astare.
2306 924 2679 1000 Praeterea
2748 938 2824 999 ιιι
2875 947 3028 1002 'nec
3079 931 3229 1024 ipse
3281 929 3452 1004 Dux

164 1028 262 1100 vel
300 1027 541 1120 Banus,
592 1051 730 1101 nec
781 1032 989 1101 etiam
1041 1027 1396 1101 Officiales
1450 1032 1744 1123 quipiam
1798 1031 2046 1118 nostri
2098 1028 2219 1101 vel
2269 1032 2600 1123 ipsorum,
2673 1029 3005 1106 collectas
3068 1053 3135 1104 m
3157 1031 3450 1106 ardu-

161 1131 521 1221 rinales‚
570 1153 744 1227 quas
794 1136 969 1228 ipsis
1018 1136 1089 1204 in
1134 1135 1657 1204 resarcitionem
1706 1141 1781 1202 et
1826 1153 2356 1226 recompensam
2406 1131 2867 1228 praefatarum
2922 1155 3163 1210 eorum
3215 1157 3452 1231 pecu-

160 1236 406 1324 niarum,
431 1235 517 1307 acl
541 1234 888 1308 honorem
922 1245 1231 1309 nostrum
1269 1240 1766 1330 expositarum.
1809 1244 2154 1357 ‘perpetuo
2191 1234 2457 1323 (lamus,
2508 1240 2581 1308 in
2636 1236 2819 1309 dicto
2865 1242 3188 1310 comitatu
3239 1244 3451 1335 ipso-

160 1358 283 1409 ιιιιιι
329 1347 393 1410 et
436 1337 760 1412 Dominio
813 1347 1058 1412 taxare
1112 1342 1449 1434 exigique
1490 1350 1562 1411 et
1611 1342 1830 1434 recipi
1900 1337 2200 1412 debeant
2266 1360 2493 1434 neque
2561 1341 2828 1463 possint
2897 1345 3146 1435 quovis
3209 1343 3449 1416 modo.

162 1437 432 1513 Ceterum
503 1446 763 1514 etenim
829 1442 989 1537 quid
1056 1441 1305 1516 iisdem
1355 1443 1518 1514 Dux
1582 1463 1708 1515 seu
1778 1441 2040 1532 Banna,
2121 1451 2235 1515 aut
2287 1445 2506 1514 ceteri
2573 1446 2870 1537 quipiam
2937 1443 3165 1538 Regni
3218 1450 3442 1522 nostri

157 1542 431 1632 Praelati,
462 1544 783 1618 Barones
818 1556 890 1618 et
920 1545 1303 1631 Justitiarii.
1344 1567 1438 1618 ne
1473 1566 1602 1640 per
1634 1544 1925 1618 eosdem
1960 1545 2352 1637 hujusmodi
2384 1544 2768 1620 libertatum
2797 1550 3281 1642 praerogativa
3317 1571 3452 1644 per

164 1667 272 1718 nos
314 1651 409 1720 eis
453 1652 765 1742 gratiose
818 1652 889 1721 in
934 1671 1187 1723 aevum
1223 1647 1407 1720 facta
1458 1647 1826 1721 videantur
1874 1652 1945 1722 in
1993 1649 2223 1743 aliquo
2277 1671 2520 1722 eorum
2573 1670 2742 1722 casu
2795 1654 2902 1726 eis
2949 1650 3450 1746 praeiudicium

158 1753 455 1841 generari,
487 1756 557 1823 in
596 1752 862 1825 eisdem
893 1749 1256 1842 Comitum,
1288 1752 1609 1824 Dominio
1649 1762 1720 1825 et
1743 1751 2315 1826 Possessionibus
2362 1751 2700 1826 dictorum
2720 1751 3083 1848 Baboneg‚
3112 1753 3450 1852 Stephani

158 1852 572 1926 ethaereilnm
618 1857 927 1951 ipsorum
972 1855 1431 1944 descendere,
1486 1878 1581 1927 ac
1633 1859 1711 1928 in
1766 1854 2076 1929 eisdem
2130 1857 2573 1950 generales
2620 1862 3447 1950 congregationes

156 1954 627 2048 celebrare,
667 1960 811 2032 ullo
842 1964 1172 2054 temporis
1208 1957 1414 2031 futuri
1448 1963 1519 2031 in
1553 1980 1919 2055 processu,
1955 1958 2440 2053 quoquomodo
2476 1957 2774 2034 debeant
2807 1981 2944 2032 nec
2975 1972 3445 2054 praesumant.

158 2056 318 2144 Quae
380 2062 639 2154 singula
706 2085 834 2157 per
884 2084 1047 2151 vos,
1098 2063 1361 2135 Ducem
1437 2072 1508 2135 et
1559 2059 1821 2135 Banum
1894 2060 2341 2151 Sclaveniae.,
2414 2083 2500 2134 ac
2550 2061 2908 2138 Praelatos
2980 2073 3051 2135 et
3098 2064 3445 2155 Berones,

155 2182 267 2233 nec
307 2184 434 2236 non
484 2164 828 2238 officiales
876 2165 1140 2260 Regios
1195 2176 1398 2261 atque
1452 2176 1733 2241 vestros
1786 2164 2152 2261 quoslihet,
2205 2186 2330 2260 pro
2382 2175 2695 2260 tempore
2766 2165 3144 2247 habituros..
3210 2159 3441 2244 edicto

156 2261 321 2338 limo
364 2270 530 2361 regii
604 2268 908 2341 mandati
978 2272 1482 2365 praecipientes
1551 2269 1955 2343 mandamus
2026 2267 2512 2342 inviolabiliter
2580 2266 2991 2359 observare,
3059 2271 3444 2362 custodire,

158 2377 324 2462 atque
371 2368 735 2445 observari
785 2370 1027 2444 facere
1078 2375 1148 2444 in
1204 2382 1626 2468 perpetuum.
1697 2372 1789 2446 Ut
1838 2375 2045 2467 igitur
2094 2375 2498 2469 praescripti
2551 2370 2748 2444 liberi
2796 2368 3171 2448 Comitatus
3223 2395 3446 2450 crea-

158 2473 348 2562 tionis,
396 2495 525 2548 nec
576 2497 727 2548 non
778 2479 1419 2571 praerogativarum
1470 2480 1719 2600 gratia,
1771 2499 1900 2572 per
1952 2480 2180 2550 omnia
2252 2493 2738 2552 successorum
2805 2486 3200 2552 nostrorum
3250 2489 3443 2550 tem-

158 2594 293 2666 pora
338 2578 521 2650 salva
575 2600 865 2702 semper
911 2589 1359 2674 permaneant
1408 2589 1480 2651 et
1530 2583 1971 2669 inconcussa,
2034 2602 2170 2652 nec
2238 2601 2364 2674 per
2423 2582 2810 2674 qnempiam
2862 2579 2932 2652 in
2984 2584 3242 2658 irritam
3296 2603 3446 2658 va·-

158 2674 307 2751 leant
348 2686 730 2772 reti-actui,
783 2686 855 2755 in
906 2692 1305 2779 perpetuam
1358 2681 1740 2756 firmitatem
1794 2705 2062 2773 earum,
2115 2692 2549 2777 praesentem
2605 2686 3081 2760 concessimus
3115 2688 3440 2780 paginam

157 2781 320 2872 sigilli
361 2790 570 2858 nostri
624 2788 1001 2859 munimine
1052 2784 1467 2859 roboratam.
1573 2786 1821 2859 Datum
1872 2809 2003 2882 per
2052 2805 2294 2860 manus
2365 2789 2673 2880 magistri
2739 2786 2980 2879 Ugrini
3041 2789 3242 2860 aulae
3293 2812 3444 2862 no-

156 2891 307 2957 strae
332 2883 761 2980 cancellarii,
816 2912 999 2962 anno
1052 2888 1139 2961 ab
1189 2889 1673 2962 Incarnatione
1727 2889 2039 2981 ejusdem
2075 2889 2464 2962 Salvatoris
2515 2893 2734 2966 nostri
2766 2889 2855 2964 M.
2864 2889 3223 2971 CCXVIII.
3273 2891 3441 2974 Ve-

154 2988 386 3061 nerabili
430 2991 708 3066 Joanne
763 2993 1246 3086 Sti-igoniensi.,
1298 2992 1718 3065 Reverendo
1768 2992 2144 3065 Bertholdo
2202 2991 2595 3081 Colocensi,
2649 2993 3216 3090 Archiepiscopis
3269 2999 3444 3067 exi-

156 3091 448 3167 stantibus.
502 3095 771 3169 Calano
809 3096 1603 3191 Qu'mqueecclesiarum‚
1655 3095 2019 3170 Desiderio
2059 3092 2546 3184 Chonadiensi„
2599 3095 2973 3170 Wilhelmo
3010 3098 3441 3172 Vltrasilva-

156 3194 352 3312 ιιιοιιιιι,
400 3198 685 3273 Simone
739 3198 1209 3289 waradiensi,
1254 3198 1561 3272 Roberto
1613 3199 2129 3294 Besprimiensi,
2181 3199 2449 3272 Jacobo
2484 3198 2916 3284 Wachiensi.
2969 3200 3177 3280 Petro
3234 3201 3440 3276 Gen-

154 3297 341 3387 nemi,
388 3302 861 3399 Stephano
906 3302 1561 3398 Zagrabiensi,
1609 3303 1871 3376 Thomu
1897 3303 2256 3396 Agriensi,
2300 3302 2691 3398 Episcopis.
2742 3303 3102 3380 Ecclesiae
3138 3303 3442 3378 feliciter

154 3396 646 3489 gubernantibus.
704 3405 859 3479 Jula
904 3406 1240 3495 Palatino,
1291 3405 1727 3479 Bankone
1777 3407 1956 3479 Ban
1979 3429 2049 3495 ο,
2101 3406 2438 3503 Dionysio
2477 3406 2808 3500 Magistro
2844 3406 3432 3484 Thavernicorum

155 3511 207 3572 et
240 3501 469 3582 Comite
511 3513 687 3584 novi
727 3506 977 3596 castri.
1024 3509 1296 3605 Ropoin
1328 3509 1756 3606 Waywodm
1810 3509 2114 3582 Ochus
2168 3507 2435 3582 Comite
2489 3508 2821 3584 Curiae
2855 3509 3196 3602 Reginae,
3253 3535 3439 3586 cae-

152 3608 394 3704 telisque
451 3611 843 3687 comitibus
892 3610 1266 3687 Comitatus
1316 3612 1742 3687 habentibus.
1830 3613 2058 3707 Regni
2108 3617 2328 3687 nostri
2381 3635 2560 3686 anno
2616 3605 2872 3701 Quarto
2911 3612 3206 3692 decimo.

152 3752 1305 3833 Wanmwsshredesnngthmxni
1339 3763 1735 3834 denpg
1773 3765 1857 3818 37
1917 3763 2208 3833 —Fejen
2263 3763 2444 3818 Codex
2411 3764 2820 3834 xauDioplmtic
2827 3764 3070 3836 sRenig
3115 3766 3230 3818 Eun
3198 3768 3409 3837 ngariae
3417 3804 3438 3854 3

397 3850 899 3921 thamus.

1606 4308 1908 4394 XLI.

1150 4545 1361 4617 Anno
1422 4502 1656 4616 1224.
1716 4543 1792 4615 9.
1849 4545 2011 4615 Kal.
2063 4546 2374 4618 Juvat-ii.

154 4735 335 4827 Bela
402 4749 599 4833 Rex
648 4755 1029 4858 junior,
1097 4750 1577 4832 Oroatiam
1643 4762 1737 4831 et
1794 4752 2355 4831 Dalmatiam
2430 4757 3045 4834 auctoritate
3107 4754 3424 4862 Regia

158 4884 631 4996 gubernat,
696 4890 1089 4996 hocque
1152 4895 1535 4970 nomine
1597 4889 2404 4996 Johbagionibus
2470 4890 2584 4969 de
2640 4887 3000 4972 Gorica
3063 4906 3424 4973 terram

624 5027 1013 5109 Klokoe
1084 5031 1173 5108 in
1254 5029 1705 5107 confinio
1768 5028 2114 5108 Banali
2186 5032 2498 5134 sitam,
2564 5030 2883 5114 donat.

402 5264 476 5338 In
526 5270 811 5339 nomine
885 5276 1169 5339 sanctae
1230 5266 1575 5340 Trinitatis
1647 5275 1717 5338 et
1771 5265 2165 5339 individuae
2209 5270 2507 5341 unitatiS.
2561 5268 2728 5340 Bela
2803 5265 2937 5338 Dei
2991 5268 3208 5357 gratia
3262 5288 3424 5354 reJr,

160 5362 578 5459 “hogenitns
632 5373 824 5464 regis
879 5370 1259 5463 Vngariae‚
1328 5374 1706 5461 vniversis‚
1771 5382 2208 5468 praesentem
2265 5376 2580 5466 paginam
2629 5372 3075 5544 inspectugis,
3129 5371 3419 5444 salutem

314 5497 451 5565 (Pars
481 5500 520 5556 Ι.
553 5502 726 5557 Privil.
762 5511 817 5558 et
849 5501 1067 5571 Libert.)
