3950 5917
3437 442 3486 517 7

134 653 413 730 Domnii
462 661 670 750 atque
706 651 1109 728 Anastbasii
1145 650 1550 734 subtrahere
1583 652 1905 742 uoluerit,
1957 652 2076 725 uel
2109 648 2412 747 quolibet
2447 648 2723 724 modulo
2762 650 3201 725 donationem
3238 651 3485 725 dictam

136 778 400 831 nocere
455 758 899 853 temptauerit
951 755 1150 850 (Luc.
1191 766 1264 830 et
1299 757 1483 830 Farl.
1528 759 1934 848 tentaverit)
1988 758 2160 828 iram
2216 757 2697 850 omnipotentis
2748 755 2883 826 Dei
2937 752 3303 830 Coelorum
3361 778 3486 827 ar-

133 859 287 934 tun·
330 860 718 936 salvatoris
752 859 987 933 mundi
1015 864 1342 949 incurrat„
1380 869 1450 933 et
1485 869 1878 933 sanctorum
1916 861 2215 931 omnium
2251 857 2751 931 maledictionis
2783 858 3059 931 uinculo
3088 854 3486 931 CCCXVIII

1 1060 4 1073 μ
132 963 417 1040 Panum
486 961 949 1038 insolnbssiter
1013 962 1421 1052 denodetur,
1492 961 2053 1057 descendantque
2123 983 2335 1057 super
2401 982 2558 1033 eum
2614 969 2684 1034 et
2734 960 2941 1034 domo
2996 983 3148 1052 sua,
3220 960 3485 1057 sibique

135 1065 764 1159 mammantibus,
799 1065 1045 1139 decem
1099 1085 1273 1161 quas
1302 1069 1374 1139 in
1409 1063 1688 1164 Egypto
1738 1064 1970 1138 habite
2007 1074 2160 1138 sunt
2196 1064 2429 1159 plage,
2478 1075 2550 1136 et
2598 1064 2790 1161 lepra
2839 1061 3151 1137 Naaman
3186 1061 3349 1162 Syri
3401 1062 3486 1136 ab

134 1172 219 1244 iis
265 1192 625 1265 nunquam
674 1169 999 1261 recedat,
1064 1169 1393 1263 deglutiat
1445 1191 1573 1242 eos
1630 1179 1813 1242 terra
1866 1171 2044 1243 sicut
2095 1167 2317 1238 Datan
2372 1175 2444 1240 et
2495 1166 2786 1257 Abiron,
2858 1175 2928 1240 et
2977 1171 3050 1242 in
3101 1172 3484 1243 novissimo

135 1270 547 1348 Iaranatha
594 1271 1014 1369 litigantibus
1077 1294 1234 1345 cum
1283 1275 1371 1346 iis
1424 1281 1820 1345 sanctorum
1874 1274 2260 1344 constantia
2316 1293 2468 1342 cum
2526 1268 2797 1344 diabolo
2854 1280 2925 1343 et
2977 1273 3129 1364 ejus
3182 1270 3486 1344 horribi-

136 1374 313 1449 libus
366 1376 702 1471 Angelis,
754 1384 829 1449 et
876 1374 1053 1448 Juda
1104 1375 1442 1449 Iscariote
1492 1377 1564 1449 in
1617 1374 1937 1469 gehenne
2007 1372 2330 1447 barathro
2404 1384 2867 1464 munerentur,
2944 1373 3061 1446 ubi
3111 1378 3293 1466 ignis
3345 1397 3483 1447 non

140 1481 594 1574 extinguitur,
644 1490 721 1553 et
770 1499 1055 1553 vermes
1102 1500 1246 1552 non
1297 1481 1696 1552 moriuntur.
1801 1476 2056 1552 Actum
2109 1485 2219 1550 est
2268 1479 2341 1551 in
2390 1476 2608 1567 Biaci‚
2682 1487 2839 1549 ante
2909 1476 3102 1552 fores
3165 1477 3487 1552 Ecclesie

140 1591 383 1656 sancte
461 1582 734 1656 Hal-the
802 1581 1127 1679 Martyris
1199 1581 1401 1674 (Luc.
1459 1589 1531 1656 et
1563 1581 1744 1654 Farl.
1812 1579 2163 1677 Mal-tyre)
2225 1588 2536 1675 tempore
2586 1584 2651 1653 dc
2703 1578 3073 1670 dimidium,
3144 1602 3364 1677 nuper
3414 1589 3487 1655 ut

144 1684 388 1761 fuimus
450 1686 677 1778 (Farl.
731 1684 1022 1779 fumus).
1099 1683 1260 1757 Hoc
1307 1685 1535 1780 palam
1583 1683 1875 1759 testibus
1929 1682 2540 1775 consentientibus,
2613 1693 2817 1779 atque
2878 1681 3487 1775 subscribentibus,

143 1787 291 1864 dein
360 1811 470 1862 ne
522 1786 886 1862 aboleatur
932 1790 1383 1884 immsterum
1435 1788 1688 1862 annulo
1740 1795 1984 1861 nostro
2031 1790 2363 1878 Jussimus
2415 1790 2486 1859 in
2543 1787 2739 1861 calce
2793 1789 3071 1880 signari.

458 1913 755 2011 Signum
808 1939 1014 1990 manu
1064 1918 1229 2006 mei,
1285 1918 1401 2011 qui
1454 1938 1630 2008 sum,
1709 1915 2117 1989 Muncimiro
2173 1925 2456 1992 auctore
2507 1914 2710 2008 hujus
2764 1893 3151 1994 donationis
3207 1918 3490 1992 cartule.

456 2043 755 2142 Signum
808 2048 950 2119 mei
997 2043 1348 2120 Budimiro
1399 2044 1671 2140 Jupano
1718 2044 2052 2119 Palatino.

576 2202 618 2243 „
838 2202 882 2243 ,,
991 2145 1340 2223 Zellivero
1402 2147 1670 2243 Jupano
1727 2143 2035 2221 Cleonie.

577 2304 619 2346 ‚‚
842 2303 884 2347 ,‚
993 2251 1201 2325 Petro
1252 2251 1546 2346 Jupano.

576 2407 617 2449 „
840 2407 881 2449 „
989 2353 1232 2454 Prisna
1293 2352 1776 2427 Maccechario
1844 2353 2115 2451 Jupano
2189 2352 2478 2445 (Lucius
2532 2361 2604 2427 et
2653 2352 2833 2425 Farl.
2903 2352 3169 2428 Prusna
3236 2374 3494 2428 mave-

1203 2456 1441 2530 chario
1494 2457 1829 2552 Jupano].

993 2558 1298 2633 Pruadra
1347 2560 1619 2656 Jupano
1677 2556 2089 2633 Cavallario.

993 2662 1252 2737 Zelisto
1308 2663 1514 2755 (Luc.
1567 2672 1639 2737 et
1683 2663 1864 2735 Farl.
1919 2660 2263 2755 Zellisbo]
2315 2662 2583 2758 Jupano
2640 2657 3059 2738 Camerario.

993 2765 1349 2839 Zellidedo
1402 2766 1673 2862 Jupano
1726 2765 2197 2838 Pincernario.

993 2867 1390 2962 Boledrago
1445 2869 1665 2961 (Fal-l.
1718 2867 2152 2962 Beledrago)
2205 2867 2472 2965 Jupano
2528 2868 2945 2945 Camerario.

995 2970 1344 3044 Budimiro
1400 2972 1620 3064 (Farl.
1674 2971 2088 3064 Budumiro)
2140 2972 2409 3067 Jupano
2466 2969 2852 3047 Comitisse.

1006 3070 1476 3150 Cresamustlo
1532 3072 1928 3148 camerario
1986 3073 2316 3148 secundo.

999 3175 1331 3273 Stephani
1383 3176 1501 3249 filii
1550 3176 1878 3250 Budimiri
1941 3173 2337 3251 Camerario
2391 3180 2614 3252 tertio.

999 3280 1391 3374 Zellidrago
1444 3280 1925 3354 Maccechario
1984 3276 2372 3356 Comitisse.

996 3381 1410 3457 Prubitecho
1461 3381 1602 3456 filio
1653 3383 1839 3456 Petri
1888 3383 2156 3480 Jupani.

851 3538 893 3580 „
1000 3487 1344 3580 Dragasai
1395 3485 1515 3560 filii
1565 3485 1952 3561 Semicasui
2007 3487 2226 3579 (Farl.
2278 3488 2627 3583 Drugazai
2679 3486 2819 3562 filio
2874 3485 3344 3583 Semican‘ni).

854 3640 895 3682 „
1004 3588 1271 3684 Tugina
1321 3590 1595 3687 Jupano
1647 3590 2017 3682 Armigeri.

854 3743 896 3785 „
1007 3692 1249 3766 Zitallo
1305 3692 1755 3790 superposito
1790 3693 2252 3768 Monasteriis.

855 3847 894 3887 „
1003 3793 1390 3890 Leledrago
1444 3796 1713 3894 Jupano
1764 3792 2012 3871 Clisse.

586 3949 628 3988 ‚‚
854 3950 893 3990 „
1003 3898 1285 3971 Paualio
1338 3897 1663 3973 Linicena
1730 3899 1933 3991 (Luc.
1989 3909 2061 3972 et
2111 3899 2293 3972 Farl.
2347 3899 2648 3973 Pacialio
2702 3899 3122 3996 Limiresia.]

472 4021 815 4120 Sequenti
868 4034 1092 4098 autem
1148 4025 1285 4116 die,
1353 4049 1487 4122 que
1537 4036 1649 4102 est
1699 4032 1900 4101 tertio
1978 4027 2298 4101 Calendis
2353 4027 2701 4119 Octobris,
2769 4032 3062 4104 veniens
3135 4050 3272 4124 ego
3330 4049 3500 4126 sepe

839 2614 893 3475 ὕδῧδδῧδῧῧ

578 2613 619 2655 ᾖ

577 2715 618 2757 ᾖ

575 2818 619 2859 2)

579 2921 621 2963 ἦ

580 3024 621 3065 n

586 3127 627 3168 n

580 3229 624 3270 ᾖ

580 3333 624 3374 23

583 3434 625 3478 n

585 3538 628 3578 ᾖ

587 3641 631 3682 ἦ

587 3743 629 3784 n

588 3845 630 3887 ἦ

1 4194 4 4227 ,
147 4126 333 4202 tatus
390 4127 565 4200 Dux
612 4131 686 4200 in
740 4130 1020 4201 civitate
1074 4128 1334 4226 Spalati
1405 4139 1564 4204 ante
1631 4134 2218 4206 sanctissimorum
2273 4132 2607 4205 dictorum
2676 4132 2971 4225 Altaria,
3045 4137 3110 4204 dc
3161 4130 3507 4228 privilegii

149 4230 561 4328 paginulam
613 4252 821 4305 manu
872 4235 1147 4328 propria
1197 4236 1377 4307 inter
1429 4243 1662 4307 cetera
1716 4236 2145 4324 munuscula,
2221 4256 2354 4330 que
2410 4257 2649 4311 manus
2701 4244 2939 4310 nostre
2991 4238 3309 4309 invenire
3361 4257 3503 4309 uo-

148 4335 457 4424 luerunt,
516 4356 731 4430 super
784 4340 1215 4410 sacrosancti
1267 4337 1542 4411 Domnii
1593 4336 1860 4412 Altario
1916 4336 2169 4430 obieci,
2226 4347 2296 4411 et
2341 4338 2708 4414 donatione
2760 4337 3066 4436 predicta
3121 4339 3503 4435 mancipata

150 4441 383 4512 sancti
434 4437 722 4511 Domnii
778 4436 935 4510 abii.

474 4564 638 4661 Ego
691 4566 1034 4642 Firminus
1088 4567 1306 4662 (Farl.
1359 4568 1761 4662 Forminus)
1817 4568 2150 4644 diaconus
2206 4574 2271 4643 dc
2304 4571 2700 4667 capellanus
2754 4568 2915 4642 dicti
2966 4570 3207 4663 Ducis,
3260 4575 3505 4668 preci-

150 4672 393 4767 pionte
454 4670 631 4743 mihi
696 4671 999 4744 Domino
1049 4692 1207 4744 meo
1259 4671 1665 4746 Muncimiro
1718 4674 2030 4766 glorioso
2083 4674 2307 4767 Duce,
2380 4696 2615 4748 coram
2686 4672 2884 4747 dictis
2937 4674 3226 4750 testibus
3281 4676 3507 4750 audita

152 4776 435 4871 saiwi,
494 4778 568 4848 dc
615 4783 777 4869 post
826 4772 1070 4847 tradita
1124 4774 1421 4849 feliciter
1473 4777 1835 4872 compleui.

1051 5001 1220 5068 Nota
1284 5006 1818 5088 transumptum}
1875 5007 1950 5069 in
2009 5005 2220 5088 capito
2261 5003 2590 5087 fflvikqii
2610 5029 2634 5070 .-

476 5183 945 5283 „Exemplum
1003 5196 1337 5283 sumptum
1391 5209 1487 5261 ex
1539 5189 1929 5264 authentico
1984 5194 2058 5265 in
2090 5188 2487 5272 membrana
2533 5214 2688 5266 cum
2726 5191 2991 5268 duobus
3044 5189 3287 5284 sigillis
3322 5209 3508 5284 pen-

161 5287 511 5381 daubus,
570 5288 1059 5386 apparentibus
1109 5300 1342 5365 tamen
1393 5294 1612 5385 signis
1666 5293 1952 5367 aliorum
2007 5294 2292 5369 duorum
2353 5295 2758 5389 sigillorum,
2815 5297 3187 5372 resistente
3237 5294 3310 5366 in
3356 5293 3513 5366 As-

164 5391 387 5470 chio
440 5392 1058 5488 Arcbiepiscopali
1101 5390 1562 5490 Spalatensi.“
1667 5392 1879 5489 Cujus
1931 5406 2136 5472 tenor
2186 5402 2492 5496 sequitur
2543 5409 2675 5475 etc.
