3950 5917
512 419 666 494 390

510 629 730 719 Bano,
796 625 1125 723 Ejusdem
1181 622 1518 702 Gamerae
1565 625 1797 701 Judex
1848 643 2016 702 esse
2065 624 2334 708 debeat
2441 619 2547 701 Eo
2616 632 2685 702 in
2739 645 2946 724 passu
3007 605 3468 722 judicavimus
3537 632 3797 727 primun

513 744 583 807 et
651 742 811 807 ante
880 735 1106 805 omnia
1161 729 1680 824 distingvendas
1751 745 1917 805 csse
1971 727 2248 820 causas,⁶
2316 733 2586 803 ratione
2635 752 2914 828 quarum
2970 733 3263 806 antelata
3317 730 3604 812 Camera
3654 732 3803 807 Jurc

513 839 868 910 conveniri
930 843 1193 930 posset,
1272 838 1340 906 ὡ
1390 833 1662 905 tandem
1726 833 1927 924 juxta
1980 835 2294 905 meritum
2347 836 2415 904 ὡ
2464 832 2824 930 qualitates
2875 832 3249 912 Causarum
3300 834 3583 910 ludices
3635 859 3797 931 qao-

512 959 642 1033 que
694 936 1120 1033 deputandos
1189 935 1364 1009 fore.
1469 933 1559 1008 ln'
1600 929 1857 1007 Causis
1915 935 2140 1028 igitur·
2190 931 2584 1031 superfacto
2633 943 3192 1033 praenotatorum
3240 937 3584 1012 Bonorum
3637 960 3799 1010 con-

507 1055 607 1116 tra
681 1040 971 1115 eandem
1047 1037 1406 1112 cameram
1460 1038 1846 1123 movendis.
1929 1037 2264 1135 deinceps
2328 1047 2612 1138 quoque
2670 1041 2994 1116 sortiatur
3056 1037 3305 1112 Forum
3361 1039 3637 1116 Bauale.
3735 1041 3799 1112 ln

511 1143 754 1219 Causis
806 1153 1032 1216 autem
1080 1139 1575 1216 violentiarum
1633 1155 1771 1236 per
1822 1143 2040 1237 ipsam
2096 1137 2455 1213 Cameram
2509 1137 2640 1216 aut'
2675 1161 2770 1214 ex
2824 1135 3196 1215 officiolatu
3277 1147 3800 1230 commissarum,

509 1260 706 1345 prout
757 1252 825 1320 de
876 1251 933 1318 si
988 1256 1362 1330 memorata
1420 1241 1708 1316 Camera
1762 1244 2155 1318 modalitate
2217 1244 2351 1317 boc
2404 1253 2654 1340 puncto
2706 1247 3079 1342 prascripta
3135 1243 3367 1317 coram
3423 1268 3504 1318 se
3557 1265 3799 1342 queru-

506 1349 799 1424 lantibus
852 1349 976 1423 Jns
1030 1354 1096 1421 dc
1145 1348 1481 1420 Justitiam
1535 1345 1763 1420 debite
1815 1347 2236 1442 impendere.
2293 1351 2446 1422 sive
2499 1349 2771 1443 longius
2825 1345 3152 1438 differret,
3206 1358 3321 1422 aut
3363 1350 3565 1444 plane
3610 1352 3803 1421 omit-

504 1465 709 1540 teret.
763 1474 1025 1540 coram,
1105 1465 1247 1524 non·
1325 1449 1596 1543 quidem
1666 1471 1793 1545 per
1843 1448 2178 1523 Comitem
2249 1450 2713 1547 praefatorum
2766 1450 3163 1545 Regnorum
3213 1450 3502 1539 Banum,
3580 1472 3800 1527 vernn

508 1556 829 1652 exemplo
910 1555 1197 1628 Articuli
1274 1551 1444 1625 121.
1500 1555 1854 1648 praecitati
1927 1551 2129 1625 1715
2201 1552 2384 1626 Anni
2453 1575 2581 1650 per
2644 1552 3077 1648 Majestatem
3137 1547 3458 1628 Nostram
3538 1555 3803 1650 singulis

509 1666 703 1734 annis
775 1660 1152 1733 clementer
1200 1655 1605 1749 Delegando
1675 1655 1945 1747 suffice,
1998 1655 2166 1729 Jure
2216 1660 2572 1730 conveniri
2651 1659 2890 1754 possit.
2999 1653 3395 1750 Cuiusmodi
3446 1657 3673 1730 Judex
3741 1661 3800 1729 in

509 1761 752 1837 Causis
805 1784 1040 1835 coram
1095 1783 1175 1835 se
1228 1757 1591 1834 movendis
1645 1769 1883 1832 contra
1926 1762 2134 1833 toties
2172 1755 2416 1831 dictam
2472 1758 2831 1834 Cameram
2877 1763 3076 1853 juxta
3130 1759 3355 1855 Regni
3408 1753 3637 1855 Leges
3683 1760 3803 1831 Ju-

508 1865 754 1940 dicium
809 1865 1079 1962 quidem
1132 1862 1346 1953 ferre,
1401 1859 1820 1935 Sententiam
1877 1884 2071 1936 suam
2124 1862 2505 1936 nullatenus
2566 1866 2634 1936 in
2687 1859 3186 1937 Executionem
3239 1883 3612 1951 summere.
3675 1885 3800 1940 ve-

508 1992 653 2044 rum
727 1966 1015 2043 eandem
1086 1965 1429 2058 majestati
1497 1975 1805 2050 nostrae.
1876 1966 2106 2039 medio
2175 1964 2440 2059 Regiae
2493 1961 2964 2039 cancellariae
3015 1966 3451 2060 Hungaricae
3503 1967 3798 2054 Annene,

504 2094 630 2168 pro
685 2072 1065 2144 elementer
1136 2068 1509 2142 ordinanda
1580 2070 1906 2142 ulteriore
1986 2069 2296 2162 ejusdem
2368 2068 2746 2143 Revisione
2826 2092 2910 2142 ac
2965 2067 3433 2163 disquisitione
3516 2069 3796 2142 demisse

506 2175 901 2249 submittere
955 2170 1222 2247 debeat.
1333 2169 1573 2258 Quoad

816 2279 885 2349 5.
993 2275 1104 2349 Ad
1145 2274 1509 2347 tollendam
1565 2271 2014 2346 differentiam
2067 2276 2246 2346 inter
2283 2272 2523 2347 Partes
2576 2278 2757 2347 circa
2804 2274 3026 2347 hocce
3061 2273 3388 2347 Punctum
3439 2277 3798 2369 vigentem,

501 2405 591 2454 ex
673 2383 805 2454 hoc
858 2386 924 2453 dc
1002 2378 1392 2452 immediate
1469 2375 1932 2471 subsequente
2008 2386 2211 2450 sexto
2277 2377 2539 2450 Puncto
2621 2399 2823 2451 unum
2904 2377 3333 2451 formandum
3410 2377 3589 2451 fore.
3705 2376 3798 2449 Dc

503 2505 680 2556 mum
735 2505 1166 2658 Plgiumo.
1273 2580 1625 2655 Cautelam
1696 2603 1790 2654 ex
1851 2591 2044 2678 parte
2097 2581 2523 2655 Fidelitatum
2578 2581 2977 2655 Vestrarum
3049 2587 3517 2679 interpositam
3591 2584 3795 2653 locum

498 2713 631 2763 non
687 2688 969 2779 babere,
1041 2705 1194 2759 cum
1266 2684 1518 2758 exinde
1573 2694 1982 2779 sequeretur
2034 2682 2391 2758 Cameram
2456 2707 2594 2759 non
2649 2689 2777 2758 nisi
2849 2697 2921 2758 ut
2972 2696 3231 2782 partem
3288 2687 3612 2758 Incattam
3664 2685 3796 2756 Pu-

494 2792 688 2864 blicis
742 2792 967 2886 Regni
1021 2786 1685 2883 Congregationibus
1756 2792 2099 2861 interesse
2153 2809 2388 2884 posse,
2440 2789 2752 2883 adeoque
2809 2790 3093 2862 aliorum
3148 2787 3791 2885 compossessorum

497 2899 759 2967 minore
813 2893 1212 2987 Privilegio.‚
1265 2901 1379 2964 aut
1429 2895 1911 2987 praerogativa
1966 2893 2294 2985 gaudere.

803 2996 1341 3070 Praerecensitis
1393 2994 1678 3090 proinde
1735 2993 2210 3090 discrepantijs
2266 2995 2513 3081 taliter„
2567 2997 2661 3067 uti
2715 2999 3161 3091 praemissum
3220 3005 3433 3082 esset,
3483 3016 3612 3091 per
3654 2991 3797 3066 Ma-

485 3101 808 3193 iestatem
845 3099 1164 3173 Nostram
1219 3097 1516 3192 benigne
1570 3096 2062 3184 determinatis.
2116 3101 2464 3192 negotium
2518 3101 2695 3170 inter
2745 3095 3137 3171 Fidelitates
3173 3095 3464 3171 Vestras
3508 3108 3580 3170 et
3613 3101 3799 3169 toties

494 3201 739 3276 dictam
790 3201 1142 3276 Interioris
1221 3200 1543 3273 Austriae
1598 3198 1955 3273 Cameram
2011 3200 2330 3275 Nostram
2410 3201 2616 3273 modo
2689 3205 2973 3296 praevio
3045 3213 3600 3290 controversum,
3654 3221 3798 3272 mo-

493 3306 765 3378 dalitate
815 3305 1011 3379 bisce
1064 3302 1191 3379 sub
1231 3302 1456 3377 Litera
1494 3300 1569 3376 C.
1625 3325 1923 3394 annexa,
1979 3325 2074 3375 ex
2126 3326 2349 3401 aequo
2404 3315 2474 3376 et
2521 3303 2703 3377 bono
2760 3305 3304 3400 complanaretur
3356 3308 3422 3377 dc
3475 3325 3800 3376 accomo-

492 3407 785 3481 daretur.
891 3407 968 3480 ln
1021 3409 1283 3503 reliquo
1340 3404 1569 3479 Gratia
1624 3416 1693 3479 et
1745 3405 2119 3479 Clementia
2173 3406 2423 3480 Nostra
2481 3405 3101 3502 Caesareo-Regia
3139 3407 3608 3481 Fidelitatibus
3659 3406 3803 3477 Ve-

494 3515 650 3584 stris
733 3511 1028 3604 benigne
1117 3511 1506 3606 jugiterque
1578 3513 1901 3606 propensi
1974 3520 2348 3583 manentes.
2455 3510 2699 3581 Datum
2776 3514 2844 3583 in
2899 3508 3186 3583 Ciuitate
3256 3522 3493 3584 nostra
3550 3510 3798 3582 Vienna

492 3615 840 3704 Austriae‚
912 3613 1042 3687 Die
1095 3613 1379 3686 Decima
1435 3623 1681 3686 octava
1747 3612 2009 3688 Mensis
2078 3615 2400 3708 Augusti,
2481 3614 2684 3686 Anno
2743 3613 3014 3687 Domini
3086 3613 3448 3688 Millesimo
3527 3614 3796 3711 Septin-

488 3719 874 3811 gentesimo
945 3717 1324 3810 Vigesimo.

804 3888 1147 3963 Carolus
1201 3910 1289 3961 m.
1343 3910 1407 3982 p.

2148 4014 2503 4089 Ladislaus
2555 4015 2864 4090 Adamas
2919 4016 2995 4089 C.
3037 4015 3320 4115 Erdiidy
3372 4038 3458 4089 m.
3490 4040 3557 4114 p.

2576 4114 2868 4185 Episcopus
2903 4115 3187 4170 nitriensis.

2359 4238 2700 4337 Josephus
2753 4239 2991 4314 Koller
3058 4264 3143 4315 m.
3198 4263 3263 4338 p.

1985 4443 2038 4504 A
2101 4454 2274 4524 ter-90
2292 4466 2315 4506 .-

496 4657 513 4668 ,
794 4582 1257 4674 lieven-endis,
1336 4583 1889 4674 Honorabilibu8‚
1972 4583 2471 4682 spectabilibus
2544 4608 2629 4657 ac
2689 4584 3102 4681 magnificis..
3180 4582 3571 4680 Magnificis
3650 4589 3790 4658 item

482 4689 806 4783 Egregiis
862 4698 933 4761 et
982 4685 1364 4778 Nobilibus,
1443 4709 1576 4760 nec
1629 4710 1766 4761 non
1820 4687 2296 4780 studentibus,
2369 4712 2454 4760 ac
2508 4686 3066 4785 Circumspectis,
3134 4688 3218 4762 N.
3271 4689 3354 4762 N.
3410 4688 3786 4784 Regnorum

482 4803 871 4867 nostrornm
919 4792 1299 4865 Dalmatiae
1355 4788 1674 4865 Croatiae
1729 4802 1801 4865 et
1842 4790 2262 4866 Sclavoniae
2315 4791 2676 4867 Universis
2730 4791 3030 4868 Statibus
3085 4798 3151 4867 dc
3203 4791 3575 4867 ordinibus.
3679 4791 3786 4862 Fi-

486 4881 751 4974 delibus
802 4895 1020 4971 Nobis
1075 4885 1364 4971 dilectis.

1749 4981 1986 5100 (Locus
2040 5021 2252 5103 Siyini
2303 5021 2540 5103 Περεῖ.)

476 5206 741 5279 originale
779 5211 829 5261 iu
869 5209 1096 5262 Arcbivo
1136 5209 1299 5278 Regni
1339 5206 1598 5262 croatiae.
1635 5211 1763 5262 Acta
1803 5208 1859 5260 R.
1900 5208 2380 5278 congregationum
2423 5211 2573 5263 1701.
2611 5209 2698 5263 Nr.
2734 5212 2818 5261 77.
