3950 5917
28 449 31 544 Γ
3287 423 3443 500 373

132 630 506 705 Fidelitatis
555 628 886 702 hactenus
929 629 1386 722 jutemeratae
1422 651 1509 701 ac
1542 631 1820 726 syncel-i
1870 651 2038 724 erga
2084 627 2377 705 Patriam
2432 640 2502 703 et
2564 627 2852 705 Gentem
2906 651 3099 705 suam
3154 653 3442 728 remque

129 735 574 808 domesticam
629 731 908 806 Amoris
978 731 1654 819 commonefacimus,
1710 742 1780 805 et
1831 731 1989 807 forti
2056 755 2191 807 vos
2261 743 2332 807 et
2384 737 2799 809 inconcusso
2869 741 3098 810 animo
3170 734 3438 832 subque

130 835 497 912 indubitata
569 835 903 909 Paternae
973 858 1140 931 erga
1210 835 1606 909 Fidelitates
1658 834 1948 909 Vestras
2020 835 2502 911 sollicitudinis
2557 847 2627 910 et
2679 836 2953 913 Gratiae
3022 848 3303 914 nostrae
3357 862 3444 912 ac

133 942 562 1016 aduentantis
633 939 1030 1013 sufficientis
1100 938 1395 1032 Subsidij
1453 949 1523 1011 et
1575 939 2044 1037 Suppetiarum
2099 964 2224 1038 spe
2286 964 2448 1014 esse
2504 939 2892 1015 Clementer
2949 941 3298 1035 jubemus,
3368 952 3443 1016 ut

133 1046 249 1121 vel
293 1046 566 1137 jnterea
620 1065 824 1116 nemo
877 1041 1200 1115 Vestrum
1254 1066 1335 1117 se
1387 1046 1676 1139 patiatur
1725 1043 1989 1133 seduci,
2060 1048 2218 1139 quin
2270 1049 2497 1140 potius
2549 1048 2752 1119 unitis
2803 1067 2927 1142 pro
2980 1068 3193 1143 posse
3243 1046 3442 1120 Viri-

135 1147 262 1223 bus
316 1148 519 1220 Vitae
573 1157 645 1219 et
694 1146 1011 1221 Fortuuis
1064 1150 1208 1220 suis
1290 1145 1627 1219 insidianti
1702 1147 1899 1220 Hosti
1971 1158 2194 1222 semet
2264 1158 2543 1222 strenue
2613 1171 2963 1246 opponere
3014 1159 3086 1224 et
3135 1153 3206 1223 in
3258 1172 3443 1223 con-

135 1251 480 1330 seruando
540 1249 766 1342 Regni
819 1250 1014 1323 buius
1066 1272 1233 1342 erga
1284 1249 1716 1342 Majestatem
1795 1261 2099 1324 nostram
2179 1250 2573 1342 deuotione,
2649 1275 2919 1326 omnem
2999 1276 3183 1344 eam,
3261 1253 3446 1349 quod

137 1358 319 1429 auita
369 1353 682 1429 Nominis
739 1353 1031 1428 Croatici
1087 1354 1304 1448 gloria
1359 1363 1431 1426 et
1482 1357 1894 1428 existimatio
1949 1378 2035 1427 ac
2088 1378 2383 1452 syncera
2437 1378 2606 1451 erga
2658 1355 2925 1451 Regem
2977 1367 3048 1430 et
3078 1357 3442 1430 Dominum

134 1460 468 1533 hactenus
523 1457 813 1554 Semper
863 1467 1242 1531 contestata
1298 1458 1618 1530 Fidelitas
1673 1467 1743 1531 et
1794 1457 2097 1549 deuotio‚
2147 1459 2574 1554 Patriamque
2619 1481 2809 1533 suam
2861 1483 3055 1534 amor
3107 1470 3177 1533 et
3220 1463 3438 1554 jucli-

133 1567 321 1637 natio
374 1572 784 1659 exposcunt,
864 1583 1141 1657 operam
1222 1561 1617 1658 impendere
1668 1562 1907 1647 velint,
1959 1586 2093 1635 nec
2136 1563 2585 1654 ⁸intermittant
2659 1562 2965 1636 Eaedem
3042 1562 3438 1638 Fidelitates

24 1681 25 1732 t
132 1667 454 1755 Vestrae,
506 1670 843 1761 integrum
896 1665 1200 1738 vicissim
1258 1665 1721 1756 benignissimi
1775 1665 2005 1739 Animi
2058 1670 2269 1738 nostri
2332 1666 2646 1739 affectum
2701 1676 2772 1739 et
2821 1666 3182 1740 Paternum
3235 1667 3439 1742 desi-

137 1770 426 1857 derium,
479 1791 888 1864 omnemque
940 1767 1333 1867 possibilem
1405 1767 1960 1841 consolationem
2034 1780 2466 1865 experturae.
2572 1768 2802 1844 Gratia
2858 1774 2926 1844 in
2980 1772 3241 1867 reliquo
3295 1793 3437 1844 no-

138 1886 279 1947 stra
348 1867 983 1965 Caesareo-Regia
1046 1872 1291 1965 iJsdem
1358 1870 1654 1966 benigne
1719 1877 2039 1970 propensi
2113 1884 2489 1947 manentes.
2595 1873 2945 1947 Dabuntur
3012 1878 3081 1949 in
3153 1874 3443 1949 Ciuitate

137 1987 374 2051 nostra
438 1976 710 2058 ,Vienna
766 1975 1115 2067 Austriae‚
1187 1976 1299 2050 die
1369 1986 1613 2049 octaua
1680 1974 1940 2050 Mensis
2010 1975 2387 2071 Februarij.
2456 1977 2665 2050 Anno
2733 1976 3009 2051 Domini
3081 1979 3441 2054 millesimo

136 2084 747 2178 septingentesimo
803 2091 1064 2176 quarto.

445 2288 903 2384 Leopoldus
957 2311 1045 2361 m.
1097 2309 1162 2383 p.

2020 2441 2374 2516 Ladislaus
2432 2440 2973 2540 Matydssovsky
3024 2467 3112 2516 m.
3164 2465 3230 2542 p.

2301 2567 2591 2638 Epuoopus
2628 2568 2910 2622 menen-1⁸.

1698 2735 1741 2784 ⁸
2121 2743 2475 2819 Ladislaus
2527 2742 2870 2842 Hunyady
2921 2767 3009 2818 m.
3061 2767 3128 2842 p.

1389 3000 1466 3063 12·
1513 2998 1817 3080 inferiori
1851 3001 2182 3079 παι-θῆκε

449 3169 683 3244 Status
736 3166 1055 3245 Groatiae
1108 3169 1196 3242 ad
1249 3167 1653 3242 seruandam
1707 3166 2053 3259 Majestati
2102 3165 2398 3240 Vestrae
2453 3165 2977 3242 sacratissimae
3049 3166 3444 3243 fidelitatem

18 3303 21 3352 ι
136 3275 583 3350 adhortentur
633 3284 704 3349 et
754 3274 951 3348 simul
1003 3283 1076 3345 ut
1127 3295 1207 3347 se
1258 3270 1651 3345 Rebellibus
1705 3279 2051 3367 opponant
2102 3281 2637 3344 commonentur.

1628 3524 1681 3589 A
1733 3534 1907 3607 {erqo
1925 3548 1948 3586 .-

452 3697 908 3787 Reuerendis,
960 3693 1511 3782 Honorabilibus,
1564 3692 2061 3792 spectabilibus
2116 3715 2199 3765 ac
2250 3689 2656 3781 magnificis.
2725 3689 3049 3786 Egregijs
3101 3695 3167 3763 tt
3213 3688 3443 3763 Nobi-

140 3802 346 3893 libus,
414 3801 863 3876 Prudentibus
934 3804 1090 3873 item
1165 3823 1249 3873 ac
1320 3798 1844 3895 Circumspectis
1898 3797 1982 3871 N.
2036 3797 2120 3870 N.
2175 3796 2537 3869 Vniversis
2607 3794 2905 3867 Statibus
2959 3799 3025 3866 dc
3075 3793 3442 3868 Ordinibus

138 3908 550 3989 Dalmatiae.
606 3904 922 3979 Croatiae
976 3909 1041 3977 dc
1094 3904 1505 3977 Sclauoniae
1557 3901 1951 3997 Regnorum
2015 3912 2403 3975 nostrorum
2456 3903 2581 3972 dcc.
2673 3898 3019 3973 Fidelibus
3074 3898 3271 3974 nobis
3324 3897 3446 3973 di-

140 4013 363 4085 lcctis.
469 4009 921 4084 Varasdinum
972 4031 1097 4106 per
1149 4006 1575 4082 Graeczium.

1059 4213 1384 4292 (Sigillum
1426 4211 1692 4291 Regium
1735 4208 1819 4272 ab
1860 4217 2046 4271 extus
2088 4216 2519 4290 oppressum.)

136 4403 281 4475 orig.
318 4406 374 4458 in
408 4402 637 4458 Arehlvo
672 4401 839 4473 Regni
874 4399 1127 4455 croatiae.
1164 4400 1293 4453 Acta
1328 4399 1496 4471 Regni
1529 4396 1962 4469 congregationis
2005 4412 2050 4450 a.
2092 4397 2249 4450 170⁴.
2306 4394 2394 4448 Νι.
2431 4396 2483 4447 4.
