3950 5917
447 424 562 523 Do

447 644 1319 743 dedoqueatempere,
1371 638 3802 744 mmmmmexiaerekadiastarprefflamet'nehiss

449 746 3652 845 nu-vmmataaturfflmmvienemnregnfiu,v1unmanoomumtum,
3707 760 3796 828 et

449 850 1985 929 iuxtaeomdemlibertatesvslfuissent
2050 851 3794 951 etgauisiffidquedebenentdeiureet'guu-

448 956 667 1048 dere,
716 954 1835 1035 memminmmmmruaan
1887 955 2110 1030 dictus
2157 955 2325 1032 ders
2373 954 3273 1049 delemdahehlitteralia
3319 980 3563 1033 eormn
3614 978 3792 1034 mu·-

448 1066 782 1148 nimenta,
848 1082 988 1157 que
1056 1058 1801 1158 apudsehabuisset,
1870 1059 2186 1136 manibus
2255 1059 2922 1153 suisvendicando,
2992 1064 3472 1160 etpremissis
3536 1084 3788 1138 eorum

449 1162 876 1241 libertatibus
928 1161 1399 1239 standulenter
1463 1163 1751 1240 obuiare
1799 1163 2284 1255 machinando,
2342 1173 2483 1237 tam
2531 1167 2685 1262 ipse
2738 1164 3071 1240 Martinus
3123 1187 3314 1256 oers,
3385 1188 3586 1263 quam
3636 1166 3790 1241 de-

448 1291 641 1345 mum
690 1266 941 1344 nobilis
990 1266 1265 1344 domina
1316 1290 1637 1361 consors,
1690 1291 1825 1345 nec
1880 1290 2021 1344 non
2055 1267 2173 1363 filij
2215 1277 2288 1343 et
2320 1267 2734 1343 adherentes
2785 1271 3002 1367 ipsius
3040 1267 3312 1344 Martini
3346 1267 3535 1364 ders,
3585 1272 3790 1368 ipsos

449 1371 726 1449 nobiles
748 1369 980 1449 cun-i
1026 1370 1318 1470 predicti
1366 1370 1663 1449 diuersis
1712 1377 2155 1475 pecuniarum
2200 1382 2272 1447 et
2323 1372 2480 1466 alljs
2530 1375 2741 1463 taxis,
2792 1392 2930 1447 nec
2961 1395 3102 1448 non
3136 1373 3384 1468 dacijs,
3435 1377 3790 1449 exaccio-

454 1475 686 1570 nibns,
738 1486 813 1552 et
856 1478 1209 1571 seruicljs,
1288 1498 1461 1575 sepe
1513 1479 1859 1576 replicatis
1911 1476 2206 1567 uicibus,
2259 1478 2364 1550 eis
2417 1485 2491 1549 et
2532 1499 2770 1551 eorum
2815 1478 3104 1572 singulis
3155 1480 3516 1575 impositis,
3567 1487 3642 1551 et
3693 1477 3793 1553 ab

446 1585 565 1656 eis
616 1583 888 1657 exactis
921 1591 993 1656 et
1018 1583 1350 1671 extorsis,
1394 1585 1604 1657 certis
1656 1585 1878 1658 eciam
1936 1577 2526 1679 possessionibus,
2594 1589 2668 1654 et
2715 1581 3155 1678 porcionffius
3205 1583 3791 1679 possessionarijs

448 1684 935 1767 nonnullorum
988 1705 1085 1761 ex
1135 1687 1241 1759 eis
1291 1706 1419 1784 pro
1472 1708 1555 1760 se
1604 1689 1775 1782 ipsis
1828 1688 2211 1783 occupatis,
2256 1693 2330 1757 et
2369 1684 2511 1757 illic
2563 1705 2731 1759 suos
2781 1688 3082 1759 rusticos
3131 1686 3404 1777 locatis,
3456 1689 3648 1782 ipsis,
3701 1692 3795 1761 vt

446 1811 587 1864 eos
639 1790 996 1888 premissis
1049 1811 1290 1865 eorum
1348 1787 1773 1865 libertatibus
1825 1812 1911 1864 ac
1962 1786 2523 1887 possessionibus
2575 1799 2649 1861 et
2697 1788 3135 1886 porcionibus
3200 1791 3794 1887 possessionarijs

453 1896 738 1995 priuari,
819 1917 904 1967 ac
970 1897 1042 1969 in
1101 1897 1401 1969 rusticos
1477 1903 1889 1969 conuertere
1956 1902 2272 1991 possent,
2351 1902 2588 1966 eona-a
2658 1896 3032 1990 premissus
3111 1914 3352 1967 eorum
3429 1892 3794 1970 libertates

448 2006 533 2072 et
584 1999 904 2093 graciosa
963 1997 1220 2072 indulta
1272 1998 1728 2096 multipliciter
1775 1996 2333 2095 impedinissent,
2419 1994 2838 2088 turbassent,
2908 2006 2981 2071 et
3046 2007 3528 2093 agruuassent,
3597 2016 3796 2095 qne-

452 2103 817 2175 rimoniam
860 2106 1360 2199 pon-exissent.
1409 2102 1490 2176 ln
1526 2105 1940 2177 contrarium
1981 2123 2160 2178 vero
2193 2100 2504 2174 Briccius
2551 2099 2730 2175 lilius
2765 2100 3052 2176 Andree
3102 2101 3192 2174 de
3227 2100 3608 2226 Saarkecs,
3659 2099 3797 2175 fa-

449 2205 742 2281 miliaris
810 2204 1079 2303 prefate
1136 2205 1412 2282 domine
1465 2217 1538 2280 et
1582 2204 1877 2281 filiorum
1929 2228 2236 2296 suorum,
2287 2204 2378 2278 ad
2431 2204 2739 2278 eiusdem
2792 2204 3047 2279 domini
3098 2208 3316 2279 nostri
3365 2209 3560 2301 regis
3609 2227 3800 2301 pre-

448 2311 770 2385 senciam
847 2309 1220 2401 accedens,
1298 2309 1687 2386 nominibus
1767 2321 1839 2384 et
1887 2312 1959 2384 in
2005 2312 2324 2408 personis
2401 2312 2706 2434 ipsorum
2777 2308 3070 2384 filiorum
3149 2319 3222 2383 et
3291 2309 3534 2383 relicte
3583 2307 3800 2382 Mar-

449 2416 585 2487 tini
634 2408 833 2505 Bani,
909 2418 1107 2511 ipsos
1178 2413 1522 2511 prediales
1591 2412 1861 2512 prefato
1928 2412 2225 2488 Maru’no
2277 2420 2349 2487 et
2399 2417 2549 2487 eius
2625 2412 2789 2506 liliis
2869 2413 3094 2503 datos,
3164 2416 3354 2486 iuxta
3408 2435 3604 2487 suam
3651 2434 3804 2486 re·-

456 2520 649 2610 giam
676 2515 1133 2592 donacionem
1186 2521 1291 2592 eis
1344 2517 1625 2610 factam,
1677 2539 2167 2608 conseruasse,
2222 2540 2318 2590 ex
2353 2538 2578 2612 eoque
2631 2520 2822 2614 ipsos
2865 2519 2936 2590 in
2969 2519 3324 2615 premissis
3375 2519 3808 2595 innocentes

458 2624 771 2696 existere
820 2620 1288 2718 patefecisset.
1342 2621 1432 2695 Et
1463 2621 1848 2698 huiusmodi
1897 2622 2199 2718 querelis
2253 2619 2602 2696 ambarum
2649 2624 2957 2721 parcium
2997 2621 3370 2721 perceptis,
3421 2620 3606 2696 idem
3641 2619 3814 2697 do·-

455 2728 686 2800 minus
755 2734 997 2799 noster
1064 2748 1198 2799 rex
1255 2724 1457 2802 nobis
1525 2729 1706 2801 inter
1772 2724 2062 2802 eosdem
2127 2724 2471 2826 prediales
2548 2724 3019 2826 prefatumque
3086 2726 3431 2802 dominam
3482 2734 3554 2801 et
3603 2722 3812 2805 filios

452 2833 615 2905 eius
679 2827 991 2906 omnibus
1042 2827 1321 2907 Juribus
1365 2838 1439 2907 et
1493 2830 1897 2908 litteralibus
1949 2833 2257 2930 ipsorum
2303 2832 2803 2925 Instrumentis,
2857 2830 3112 2906 factum
3161 2834 3567 2929 premissum
3620 2837 3810 2907 tan-

456 2930 819 3030 gentibus,
872 2939 1308 3027 examinatis,
1359 2936 2119 3035 proposicionibasque,
2171 2959 2258 3010 ae
2311 2937 2464 3031 alijs
2515 2938 2863 3031 legittimis
2917 2935 3346 3013 documentis
3394 2936 3804 3029 intellectis,

460 3060 711 3111 verum
781 3049 852 3112 et
901 3044 1150 3115 iustum
1200 3039 1541 3115 Judicium
1608 3041 1846 3117 facere
1919 3040 2430 3132 demandasset,
2498 3040 3016 3138 huiusmodique
3084 3039 3329 3134 Iudicii
3399 3047 3472 3114 et
3519 3041 3806 3116 iusticie

452 3143 779 3238 inpensio
833 3143 923 3217 ad
971 3154 1335 3241 presentes
1390 3155 1674 3222 octauus
1726 3144 1862 3220 diei
1903 3144 2278 3219 Medixline
2313 3147 2497 3238 (sic)
2550 3144 2799 3219 fuisset
2849 3145 3162 3220 deducta.
3214 3144 3479 3242 Nempe
3527 3142 3807 3218 eisdem

460 3249 732 3319 octuuis
778 3246 1179 3323 instantibus
1231 3253 1593 3346 prescripti
1625 3250 1816 3324 Elias
1851 3249 2030 3325 lilius
2063 3247 2367 3346 Mykech
2400 3248 2487 3322 de
2515 3248 2747 3323 velike
2781 3248 3088 3346 Melyke,
3142 3270 3382 3323 comes
3418 3249 3808 3339 terrestris,

462 3347 637 3422 Item
689 3349 1106 3426 Benedictus
1183 3352 1362 3427 filius
1432 3354 1713 3430 ulterius
1770 3352 2073 3450 Mykech
2125 3353 2214 3426 de
2281 3352 2664 3451 Rempoch,
2740 3352 3048 3428 Briccius
3118 3352 3296 3428 lilius
3364 3351 3633 3426 Martini
3705 3350 3811 3426 de

463 3451 807 3551 Kletynch
856 3465 927 3528 et
959 3455 1194 3529 Luchk
1226 3455 1404 3533 filius
1440 3456 1769 3555 Stephani
1804 3458 1893 3531 de
1925 3457 2281 3549 Iwanoch,
2331 3457 2676 3554 prediales
2722 3457 2884 3530 dicti
2930 3461 3140 3530 castri
3170 3455 3484 3555 Reyche,
3535 3477 3666 3552 pro
3713 3476 3810 3530 se

462 3559 948 3654 personaliter,
1015 3582 1142 3656 pro
1196 3559 1547 3658 Stephano
1601 3584 1774 3635 vero
1829 3571 1900 3636 et
1950 3560 2235 3635 Simone
2289 3559 2446 3654 filijs
2495 3559 2799 3651 Mattius,
2860 3560 3142 3634 Vrbuno
3197 3570 3268 3633 et
3319 3559 3582 3633 Thomu
3633 3557 3812 3652 liliis

470 3661 784 3756 Georgij,
861 3662 1152 3737 Nicolao
1206 3662 1346 3739 filio
1399 3665 1847 3762 Dermthycb,
1920 3665 2228 3759 Georgio
2281 3663 2419 3739 filio
2472 3665 2831 3754 Johunnis,
2901 3664 3182 3738 Luchko
3243 3662 3385 3738 filio
3436 3662 3816 3761 Stephani,

464 3763 674 3839 Petro
729 3765 867 3840 filio
923 3767 1230 3841 eiusdem
1274 3767 1533 3859 Luchk,
1586 3768 1848 3842 Thomu
1901 3768 2041 3843 filio
2093 3769 2409 3865 Dyonisij
2467 3769 2555 3843 de
2607 3768 3039 3859 Petrosincb,
3092 3791 3227 3842 nec
3272 3790 3413 3843 non
3463 3767 3670 3840 Petro
3727 3777 3824 3840 et

470 3866 829 3943 Clemente
881 3869 1039 3964 filijs
1095 3870 1439 3963 Gordose,
1494 3872 1777 3946 Andrea
1833 3883 2102 3947 surtore
2155 3871 2296 3946 filio
2348 3876 2547 3969 petri,
2615 3872 2966 3946 Anthonio
3020 3871 3159 3947 filio
3211 3871 3449 3970 Myke,
3502 3870 3814 3946 Nicolao

466 3972 611 4047 filio
648 3973 982 4065 eiusdem,
1018 3986 1242 4071 petro,
1293 3977 1475 4051 dicto
1511 3977 1989 4067 Zerdilonich3
2032 3975 2334 4066 Matheo,
2370 3976 2745 4053 Francisco
2783 3986 2854 4048 et
2885 3975 3176 4050 Nicoluo
3218 3975 3378 4070 lilijs
3413 3974 3823 4071 Michaelis,

460 4076 784 4152 Johanne
846 4077 986 4152 filio
1037 4079 1258 4170 Iwan,
1328 4081 1638 4155 Adriano
1691 4080 1810 4155 filo
1856 4079 2167 4170 Fabiani,
2235 4080 2464 4154 Nobili
2534 4080 2804 4155 dominu
2857 4081 3099 4153 relicta
3149 4080 3439 4167 Thomu,
3505 4078 3824 4154 Nicolao

468 4180 656 4254 dicto
726 4183 1032 4276 Twrina,
1105 4194 1176 4258 et
1233 4183 1512 4260 Matheo
1585 4185 1723 4260 filio
1774 4184 1962 4259 Petri
2013 4185 2104 4260 de
2155 4182 2603 4282 Zobchynch,
2668 4183 2985 4259 Ladislao
3052 4183 3192 4257 lilio
3247 4183 3657 4280 mychaelis,
3731 4194 3828 4259 et

462 4284 839 4360 Valentino
911 4287 1053 4362 filio
1105 4288 1373 4362 Nicolui
1426 4289 1514 4363 de
1566 4289 2003 4381 Fodrostina,
2069 4288 2422 4363 Demetrio
2477 4298 2547 4362 et
2601 4288 2942 4384 Gregorio
3012 4286 3170 4382 filijs
3223 4286 3444 4379 Bank,
3513 4286 3824 4362 Andron

460 4387 613 4463 filio
668 4390 1022 4486 Laurencij
1096 4393 1396 4486 Leukes,
1448 4393 1680 4469 Blasio
1735 4403 1806 4466 et
1850 4392 2004 4467 Elia
2056 4391 2216 4485 filijs
2266 4392 2579 4484 Andree,
2629 4391 2900 4490 Kemyn
2929 4389 3091 4465 -filio
3141 4391 3449 4483 Fabiani,
3519 4390 3824 4469 Matheo

471 4493 616 4566 filio
691 4492 1098 4588 Clementis,
1165 4496 1433 4572 Jacobo
1505 4508 1577 4571 et
1625 4496 1942 4573 Johanne
2008 4494 2168 4588 filiis
2219 4496 2609 4590 LaurenciJ,
2679 4519 2766 4569 ac
2818 4494 3122 4590 Georgio
3197 4495 3336 4571 filio
3389 4493 3661 4569 Nicolui
3714 4497 3830 4573 de

469 4594 988 4693 Dragchewch,
1044 4596 1333 4675 Nicolao
1387 4601 1531 4675 lilio
1576 4599 1870 4689 Nicolui,
1923 4598 2198 4673 Briccio
2253 4610 2324 4675 et
2374 4599 2723 4697 Stephano
2777 4597 2936 4694 filijs
2987 4599 3263 4673 Martini
3306 4599 3396 4674 de
3430 4598 3826 4696 Kletynch,

463 4697 767 4774 Martino
813 4703 952 4777 filio
989 4705 1231 4799 Blasij,
1269 4705 1618 4779 Anthonio
1657 4703 1795 4777 filio
1831 4702 2042 4794 Petri,
2096 4702 2447 4801 Stephano
2482 4709 2549 4779 dc
2581 4704 2896 4778 Johanne
2933 4701 3090 4799 filijs
3123 4702 3483 4794 ἸοΙιοιιιιίο,
3535 4703 3828 4781 Thomu

470 4802 616 4877 filio
687 4804 898 4899 Petri,
957 4807 1378 4883 Wallentino
1452 4808 1593 4882 lilio
1663 4809 1942 4882 ulterius
2011 4807 2222 4899 Petri,
2293 4808 2502 4882 Petro
2557 4807 2696 4881 lilio
2745 4807 2965 4900 Iwan,
3031 4808 3294 4882 Th0ma
3366 4807 3506 4881 filio
3557 4805 3828 4905 Blasii,

479 4906 719 4981 Blasio
773 4907 911 4982 filio
962 4910 1279 5006 Fabiani,
1347 4911 1622 4987 Matheo
1676 4911 1815 4985 filio
1868 4912 2090 5003 Iwan,
2142 4922 2214 4985 et
2263 4910 2475 4985 nobili
2526 4912 2800 4986 domina
2869 4913 3109 4986 relicta
3178 4911 3366 4985 Petri
3417 4910 3504 4984 de
3556 4911 3830 4988 iwan-

475 5008 740 5105 kouch,
809 5013 1108 5089 discreto
1163 5021 1316 5090 viro
1390 5015 1664 5091 domino
1730 5014 2080 5113 Stephano
2148 5015 2444 5114 plebano
2517 5025 2757 5092 sancte
2830 5018 3056 5090 crucis
3130 5015 3216 5090 de
3276 5014 3556 5090 Welike
3627 5039 3832 5113 pre-

462 5113 687 5210 dicta,
726 5116 1033 5219 Symone
1070 5118 1207 5195 filio
1242 5119 1570 5211 Emerici,
1622 5118 1911 5194 Nicoluo
1955 5119 2096 5194 filio
2134 5119 2442 5196 eiusdem
2477 5119 2801 5210 Emerici,
2857 5120 3198 5194 dominico
3235 5117 3375 5193 filio
3411 5119 3830 5217 Laurencij,

466 5218 770 5297 Mul-tino
827 5222 965 5298 filio
997 5223 1286 5317 Thome,
1339 5225 1550 5300 ιιοΙιίΙί
1587 5224 1860 5299 domina
1910 5224 2150 5299 relicta
2201 5223 2598 5318 Clementis,
2652 5234 2724 5298 et
2761 5220 3115 5299 Clemente
3167 5223 3353 5298 dicto
3388 5223 3842 5323 Dragayeeh

723 5326 1019 5420 hostinu,
1065 5328 1413 5404 Anthonio
1451 5328 1589 5405 filio
1626 5329 1970 5428 DyonisiJ‘,
2014 5328 2220 5403 Petro
2257 5327 2395 5403 filio
2432 5328 2922 5425 lwnusonych,
2974 5328 3289 5403 Johanne
3333 5332 3400 5402 dc
3433 5327 3834 5409 Valentino

467 5425 643 5524 filiis
601 5326 885 5508 M{wan
920 5434 1008 5509 de
1044 5433 1547 5531 Somrakouch,
1599 5432 1836 5508 Marco
1887 5430 2028 5508 lilio
2078 5431 2526 5533 Dragynych,
2582 5430 2887 5528 Georgia
2941 5430 3082 5508 lilio
3135 5432 3474 5528 eiusdem,
3526 5431 3842 5512 Matheo
