3950 5917
442 410 561 496 98»

440 625 674 803 m
676 620 1147 695 ducentesimo
1201 616 1675 713 octuagesimo
1727 636 1935 692 nono.
1991 611 2242 688 Tercio
2292 611 2455 688 Idus
2507 610 2702 707 Iunij.
2753 611 2983 708 Regni
3032 621 3261 687 autem
3309 609 3535 687 nostri
3600 629 3816 684 anuo

394 742 405 751 '
673 747 718 800 o
771 732 1046 798 octauo.

762 901 854 975 (A
898 909 1072 980 tor-90
1115 899 1443 980 scriptura
1486 897 1757 977 antiqua
1780 918 1805 957 .-
1844 893 2263 973 Gonfimatio
2300 894 2795 974 priuileyu‘orum
2839 900 2903 956 ct
2939 890 3195 955 Jurium
3232 899 3626 973 patronam
3663 907 3820 951 su-

450 1007 575 1074 per
615 987 971 1069 &pendunt
1014 985 1381 1069 episcopum
1429 980 1924 1046 Corbauienm
1968 988 2031 1043 οι
2073 981 2438 1062 episcopua
2479 979 2940 1060 Sequanam.)

1663 1163 1920 1228 §baem
1987 1157 2570 1247 mmmmm.

1658 1242 1833 1295 Μ*
1968 1247 2644 1347 nummum

455 1358 602 1430 θείς.
637 1356 937 1412 menbrana
969 1357 1025 1410 in
1059 1353 1304 1409 Ambivio
1339 1351 1509 1422 Regni
1544 1347 1803 1405 &oud-e.
1837 1349 1898 1403 N.
1935 1349 1997 1402 R-
2031 1348 2096 1401 Α.
2131 1347 2261 1401 Fac
2295 1348 2416 1405 ³16.
2452 1345 2514 1400 R.
2552 1346 2603 1399 ⁵.

1845 1908 2429 1996 Lxxvn.

1406 2126 1621 2274 rinno
1685 2196 1926 2272 1293.
1980 2198 2097 2270 die
2155 2195 2278 2266 12.
2332 2194 2531 2286 Majt'.
2585 2193 2889 2287 Spalatt‘.

470 2465 1332 2570 Archiepiscopus
1396 2460 2043 2566 spalatensis
2129 2462 2443 2539 totius
2506 2454 3099 2558 Dalmatiae,
3175 2452 3643 2535 Croatiae
3718 2465 3827 2539 et

1340 2598 1899 2679 Slavouiae
1980 2596 2505 2676 Primatum
2577 2593 2942 2673 habuit.

798 2866 1154 2943 lohannes
1208 2868 1435 2941 diuina
1483 2865 1959 2941 Misericordia
2014 2864 2438 2961 Spalatensis
2488 2864 3102 2961 Arcbiepiscopus,
3171 2866 3379 2937 totius
3427 2863 3822 2953 Dalmacie,

482 2974 811 3063 Groacie,
868 2972 1382 3066 Sclavonieque
1432 2970 1716 3043 Primas.
1770 2969 1947 3042 Ven.
2002 2969 2223 3040 Fratri
2277 2970 2361 3040 D.
2415 2968 2499 3043 N.
2554 2990 2678 3064 per
2730 2968 3043 3041 eamdem
3095 2966 3444 3064 Episcopo
3495 2967 3822 3041 Scardo-

481 3079 687 3152 neusi
741 3076 1028 3149 salutem
1083 3078 1154 3148 in
1185 3076 1504 3147 Domino.
1557 3073 1886 3147 Testante
1942 3072 2163 3145 Sacro
2218 3070 2529 3145 Concilio
2582 3072 2789 3144 Anno
2845 3074 3170 3166 preterito
3226 3074 3295 3143 in
3340 3072 3622 3167 Spaleto
3678 3094 3821 3143 ce-

482 3178 778 3270 lebrato,
852 3177 1212 3253 ordinasse
1266 3200 1351 3250 ac
1404 3176 1695 3249 firmiter
1747 3180 2151 3273 precepisse
2205 3175 2618 3265 recolimus,
2694 3174 2876 3269 quod
2928 3175 3151 3247 nullus
3225 3174 3828 3268 suffraganeorum

482 3293 905 3373 nostrorum,
960 3285 1029 3353 in
1082 3281 1530 3377 prejudicium
1603 3281 1910 3369 alterius,
1986 3277 2296 3353 clericos
2369 3279 2648 3351 alterius
2718 3277 3041 3352 Dioeesis
3096 3276 3183 3350 ad
3239 3300 3481 3351 sacros
3534 3278 3828 3351 ordines

484 3408 929 3484 promouere,
984 3395 1100 3458 aut
1152 3385 1283 3456 alia
1337 3384 1830 3458 Ecclesiastica
1886 3393 1957 3454 et
2007 3383 2442 3479 Episcopalia
2500 3392 2933 3455 sacramenta
2988 3383 3372 3455 ministrare
3442 3392 3832 3477 presumat,

486 3489 615 3565 sub
671 3510 848 3585 pena
892 3489 977 3560 D.
1017 3487 1364 3578 librarum,
1420 3487 1545 3562 sed
1600 3510 1726 3560 sue
1780 3487 2083 3559 diocesis
2138 3485 2381 3559 finibus
2438 3488 2524 3559 sit
2577 3494 2960 3559 contentus.
3018 3484 3215 3573 Quod
3270 3495 3695 3581 preceptum,
3751 3494 3838 3558 et

484 3602 626 3666 tam
682 3592 981 3663 salutare
1037 3601 1382 3682 statutum,
1434 3590 1613 3663 Veu.
1657 3590 1902 3661 Frater
1953 3599 2193 3661 noster
2247 3588 2327 3661 G.
2368 3588 2827 3683 (Gregorius)
2882 3589 3013 3660 Dei
3051 3588 3283 3661 Gratia
3336 3588 3836 3682 Traguriensis

484 3695 900 3790 EpiscopuS,
953 3698 1023 3766 in
1059 3693 1242 3767 festo
1297 3694 1372 3765 B.
1410 3694 1758 3788 Dompnij,
1810 3689 2244 3788 presentibus
2297 3696 2552 3766 nostris
2607 3690 3041 3785 sufraganeis
3098 3703 3169 3764 et
3221 3695 3548 3766 universo
3588 3690 3834 3781 Clero,

484 3820 622 3871 vos
675 3795 1415 3891 infregisse'graviter
1464 3793 1663 3869 nobis
1720 3805 1828 3869 est
1881 3806 2343 3891 conquestus,
2426 3796 2702 3868 dicens:
2759 3818 2892 3868 vos
2964 3794 3456 3871 Sibenicenses
3512 3794 3838 3869 Clericus

484 3900 578 3975 ad
633 3922 875 3973 sacros
929 3900 1210 3972 ordines
1264 3902 1725 3995 promovisse,
1799 3922 1883 3970 ae
1937 3902 2041 3971 eis
2098 3903 2345 3973 crisma
2404 3899 2808 3989 contulisse,
2867 3922 2999 3971 nec
3053 3922 3192 3972 non
3262 3898 3599 3973 babtisma
3651 3922 3836 3995 par-

484 4005 841 4092 vulorum,
897 4027 982 4075 ac
1037 4005 1168 4075 alia
1224 4003 1671 4076 Sacramenta
1726 4002 2219 4075 Ecclesiastica
2272 4012 2342 4074 et
2394 4002 2829 4100 Episcopalia
2888 4001 3313 4091 celebrasse,
3368 4007 3439 4075 iu
3494 4006 3598 4076 sui
3651 4026 3842 4100 pre-

476 4106 814 4200 judicium
863 4116 934 4178 et
986 4129 1406 4199 gravamen,
1487 4129 1640 4179 cum
1697 4106 1858 4178 dicti
1914 4104 2167 4179 Clerici
2220 4106 2736 4196 Sibeniceuses,
2810 4116 2880 4178 et
2934 4116 3146 4180 totum
3202 4106 3596 4180 Sibenicum
3651 4107 3842 4180 sub-

474 4212 655 4303 jecti
694 4213 829 4284 siut
865 4209 950 4283 de
978 4213 1137 4303 jure
1173 4209 1519 4307 Episcopo
1559 4221 1629 4283 et
1661 4209 2105 4306 Episcopatui
2138 4210 2621 4303 Traguriensiz,
2675 4220 3091 4285 excusantes
3128 4230 3261 4282 vos
3310 4214 3540 4300 etiam,
3598 4215 3844 4284 omnia

492 4313 881 4408 supradicta
924 4324 1166 4387 nostro
1220 4315 1539 4388 mandato
1595 4323 1666 4385 et
1718 4317 2081 4386 autoritate
2150 4313 2450 4403 fecisse3
2530 4314 2708 4386 hane
2776 4324 2988 4387 totam
3060 4336 3255 4387 suam
3335 4318 3844 4410 querimoniam

490 4415 694 4489 nobis
748 4418 1192 4512 inpingendo,
1248 4425 1318 4489 et
1371 4428 1612 4491 contra
1665 4438 1796 4490 nos
1847 4418 2348 4499 convertendo..
2401 4417 2755 4514 plurimum
2811 4418 3037 4509 nobiS,
3114 4421 3275 4514 quin
3327 4422 3551 4515 potius
3623 4441 3848 4516 supra

486 4519 766 4591 modum
822 4519 1120 4593 debitum
1175 4524 1397 4594 extitit
1446 4519 1738 4593 infestus
1811 4529 1882 4590 et
1934 4522 2291 4612 molestus,
2365 4532 2682 4615 tanquam
2738 4526 3048 4615 graviter
3117 4525 3505 4611 sauciatus,
3586 4533 3658 4595 et
3715 4523 3850 4594 af-

488 4620 739 4693 ssietus.
846 4622 934 4695 Et
987 4628 1047 4695 si
1100 4621 1279 4696 bene
1331 4623 1663 4713 recolitis,
1721 4644 1875 4695 eum
1931 4644 2148 4718 nuper
2196 4628 2265 4696 in
2321 4627 2655 4699 societate
2706 4625 2900 4698 Pauli
2950 4624 3124 4698 Bani
3179 4625 3264 4699 ad
3319 4648 3449 4698 nos
3505 4631 3849 4699 accessi-

490 4725 649 4805 stis,
704 4746 913 4818 super
964 4726 1214 4799 eodem
1266 4726 1452 4799 facto
1506 4748 1645 4798 non
1700 4726 1920 4799 solum
1976 4750 2016 4798 a
2070 4726 2467 4820 Tragurinis
2541 4728 2665 4801 sed
2722 4733 2924 4801 etiam
2981 4753 3021 4802 a
3076 4728 3596 4826 Spalatensibus
3653 4753 3852 4821 gra-

491 4828 819 4900 vissimas
874 4828 1423 4919 lamentationeS,
1479 4839 1550 4901 et
1594 4828 1933 4903 terribiles
1990 4835 2554 4926 conquestiones,
2608 4835 2677 4905 in
2714 4837 3062 4930 presentia
3113 4833 3197 4905 D.
3235 4833 3603 4907 Potestatis
3643 4833 3854 4929 Spa-

486 4929 778 5003 latensis
825 4939 896 5002 et
928 4934 1225 5004 omnium
1280 4931 1604 5006 nobilium
1659 4933 2188 5029 Spalatensium,
2241 4957 2382 5009 non
2436 4935 2697 5031 absque
2752 4958 3003 5029 magno
3049 4938 3268 5010 nostri
3295 4936 3526 5011 cordis
3556 4936 3849 5027 dolore,

486 5042 569 5107 et
615 5034 805 5107 multi
856 5037 1247 5108 certaminis
1301 5058 1554 5131 agone,
1610 5037 1978 5133 opprobria
2035 5041 2237 5111 etiarn
2293 5049 2533 5111 contra
2587 5061 2718 5114 nos
2772 5041 2995 5133 rigida
3049 5049 3120 5112 et
3173 5039 3383 5128 dura,
3462 5062 3714 5138 aspera
3777 5053 3858 5115 et

487 5137 783 5211 molesta
839 5138 1314 5235 appellacione
1368 5139 1772 5215 audivimus.
1879 5139 2107 5237 Super
2158 5140 2398 5239 quibus
2453 5141 2767 5217 omnibus
2821 5147 3131 5237 graviter
3183 5144 3463 5232 afflicti,
3538 5154 3608 5217 et
3662 5167 3862 5243 per-

486 5239 783 5332 turbati,
838 5241 927 5315 ad
977 5244 1366 5316 instantiam
1434 5252 1508 5317 et
1573 5266 1823 5340 preces
1895 5245 2141 5318 multas
2196 5249 2493 5318 omnium
2565 5245 3177 5342 Suffraganeorum
3249 5258 3668 5338 nostrorum,
3727 5255 3862 5346 qui

484 5354 857 5441 presentes
910 5348 981 5419 in
1028 5345 1227 5422 festo·
1268 5346 1343 5422 S.
1386 5346 1717 5445 Dompnij
1774 5351 2180 5442 extiterunt,
2249 5351 2477 5425 taliter
2526 5358 2766 5426 vestre
2820 5348 3226 5426 fraternitati
3282 5350 3646 5428 scribimus
3666 5406 3692 5445 ,
3781 5366 3868 5427 et
