3950 5917
486 391 645 487 lt'q'o

482 611 724 692 tantae
780 640 862 688 ac
898 603 1356 713 tam-‚amplae
1408 613 1943 712 frequentesque
1998 619 2658 714 excorporatioues‚‘
2695 639 2871 711 quae
2925 624 3134 689 tota'm
3175 613 3353 688 banc
3387 619 3816 712 provinciam

482 725 559 795 in
596 744 679 796 se
712 719 1063 816 exiguam,
1127 742 1403 816 semper
1448 731 1674 792 tamen
1730 719 2030 809 fidelem,
2083 729 2153 793 et
2187 742 2362 816 quae
2398 729 2609 792 totum
2648 718 2894 809 ferme,
2949 720 3129 815 quod
3165 718 3395 792 babuit
3428 724 3496 791 iu
3534 717 3816 814 publici,
3853 722 3862 735 '

484 826 759 898 Sacrae
810 828 1056 920 quippe
1098 821 1322 917 Regni
1360 821 1751 918 Hungarlae
1790 821 2109 896 Coronae
2146 833 2218 895 et
2250 823 2850 896 haereditariarum
2905 826 3404 917 provinciarum
3444 820 3819 894 defensio-

490 933 680 1018 nem,
722 926 1045 1022 ,adeoque
1099 929 1164 999 in
1222 926 1622 1022 obsequium
1679 937 1747 999 et
1800 930 2152 998 servitium
2207 928 2601 998 altissimum
2658 947 3069 998 summorum
3124 936 3351 998 terrae
3426 924 3818 1020 Principum

496 1049 773 1127 semper
828 1029 1243 1102 sacrificavit
1294 1041 1365 1102 et
1414 1031 1761 1125 impendit,
1833 1039 2139 1123 tangunt..
2212 1029 2388 1101 adeo
2462 1028 2822 1102 sensibiles
2896 1039 3053 1103 sunt
3125 1027 3346 1115 nobis‚
3419 1039 3490 1099 ut
3541 1031 3677 1101 nisi
3734 1027 3820 1099 de

488 1137 858 1207 'clementia
907 1145 978 1206 et
1010 1133 1429 1227 benignitate
1482 1132 1748 1227 Regiae
1796 1132 2177 1225 Majestatis
2216 1132 2512 1205 Vestrae
2547 1131 3094 1216 sacratissimae.¹
3142 1154 3264 1227 pro
3309 1141 3552 1204 tenore
3606 1134 3819 1203 etiam

492 1236 940 1331 benignarum
997 1240 1581 1309 assecuratiouum
1639 1248 1708 1308 et
1748 1235 2228 1332 Diplomatum,
2305 1235 2545 1308 modus
2601 1244 2673 1306 et
2722 1234 2874 1308 finis
2937 1233 3210 1306 taudem
3283 1234 3523 1307 iisdem
3580 1239 3821 1329 impo-

492 1347 721 1429 natur,
775 1351 844 1412 et
898 1339 1099 1430 baec,
1155 1363 1331 1434 quae
1379 1344 1442 1411 iu
1481 1342 1791 1435 projecto
1847 1350 1955 1411 est
2008 1361 2092 1410 ac
2154 1337 2422 1411 futurae
2477 1361 2718 1411 omnes
2772 1348 3341 1434 praecaveantur,
3397 1340 3619 1410 omnis
3677 1358 3820 1431 po-

492 1445 675 1516 litica
712 1443 939 1535 Regni
974 1442 1174 1534 liujus
1205 1444 1590 1534 jurisdictio
1647 1453 1884 1536 suapte
1940 1463 2222 1514 cessare
2270 1451 2338 1514 et
2375 1446 2694 1537 expirare
2748 1441 3056 1530 deberet,
3114 1441 3293 1535 quod
3330 1450 3559 1513 tamen
3599 1445 3820 1536 ipsius

493 1545 940 1619 Monarchiae
993 1549 1167 1617 ratio
1222 1569 1362 1619 nou
1416 1545 1816 1618 admitteret.
1916 1545 2250 1632 Quantum
2324 1549 2549 1640 itaque
2605 1542 2954 1617 Cambium
3011 1567 3132 1640 pro
3187 1543 3539 1616 Maritimis
3594 1546 3823 1638 parti-

494 1649 623 1722 bus
680 1654 746 1721 in
799 1653 1513 1743 recompensationem
1589 1649 1879 1720 dandum
1956 1651 2334 1728 concernit..
2402 1649 2717 1741 dignetur
2767 1646 3097 1740 Majestas
3151 1647 3403 1719 Vestra
3458 1646 3822 1718 Sacratis-

492 1757 671 1825 ‘sima
724 1754 792 1825 iu
847 1752 1210 1844 benignam
1268 1751 1716 1825 reflexionem
1772 1775 2150 1840 summere‚
2206 1750 2386 1845 quod
2441 1773 2567 1845 per
2614 1749 3097 1823 Maritimarum
3155 1754 3465 1845 partium„
3520 1771 3703 1844 quae
3754 1753 3822 1819 in

497 1856 812 1927 Articulo
848 1854 971 1927 71.
1030 1854 1222 1928 1681
1288 1866 1357 1927 et
1410 1855 1771 1949 subsequis
1829 1860 1894 1926 in
1947 1877 2095 1926 rem
2150 1854 2324 1926 hanc
2380 1853 2671 1928 conditis
2713 1852 3011 1947 Legibus
3067 1854 3255 1925 Bona
3311 1852 3823 1947 Frangepano-

489 1958 841 2053 'Zriuyana
895 1957 1229 2030 Maritima
1282 1970 1352 2031 et
1402 1956 2076 2054 Trans—Colapiana
2134 1958 2433 2042 audiunt,
2487 1956 2735 2050 Regno
2807 1957 3434 2051 reapplicationem,
3504 1958 3601 2028 nil
3654 1958 3825 2027 novi

500 2062 791 2133 accedat
869 2071 1001 2133 aut‘
1063 2062 1443 2152 adjiciatur,
1526 2062 1648 2135 sed
1707 2066 1905 2133 unice
1956 2060 2216 2154 Legum
2295 2061 2583 2133 effectus
2657 2082 2779 2155 per
2831 2060 3050 2133 Divos
3105 2060 3499 2153 Hungariae
3580 2057 3824 2151 Reges

497 2164 1085 2260 praedecessores
1141 2176 1211 2237 et
1262 2163 1693 2256 Majestatem
1766 2187 2036 2260 quoque
2091 2163 2408 2235 Vestram
2482 2162 3030 2235 Sacratissimam
3102 2166 3480 2258 promissus
3550 2184 3824 2258 procu-

496 2277 688 2339 retur
740 2278 811 2339 et
855 2270 1258 2339 exercitium
1306 2268 1799 2360 jurisdictionis
1856 2267 2261 2340 officialatus
2325 2269 2634 2338 maritimi
2706 2262 3064 2338 renitentia
3138 2267 3525 2360 impeditum
3598 2268 3827 2337 resti-

492 2380 747 2461 tuatur,
831 2381 1339 2464 cousequenter
1418 2372 1616 2463 hujus
1668 2374 1908 2443 intuitu
1955 2370 2229 2465 aliquod
2286 2370 2730 2464 aequivalens
2785 2393 2824 2440 a
2877 2369 3125 2463 Regno
3206 2369 3564 2463 praetendi
3641 2367 3829 2438 haud

495 2476 742 2568 possit,
794 2483 982 2545 tauto
1036 2472 1307 2567 quidem
1362 2476 1774 2561 evidentius,
1847 2473 2037 2568 quod
2085 2477 2306 2544 omnis
2378 2472 2714 2563 eJusmodi
2788 2474 3270 2568 excorporatio
3327 2477 3413 2545 sit
3469 2481 3538 2544 et
3592 2471 3822 2542 redo-

496 2576 638 2647 leat
682 2600 719 2646 u
760 2574 1006 2670 Regno
1064 2587 1132 2648 et
1187 2576 1727 2648 Sacra-Corona
1776 2575 2269 2666 jurisdictionis
2322 2578 2841 2664 alienationem3
2894 2575 3070 2647 haec
3124 2587 3347 2647 autem
3403 2574 3525 2646 21.
3587 2572 3826 2662 1647,

498 2678 571 2751 3.
634 2677 832 2751 1715
889 2689 958 2749 et
1009 2679 1081 2752 8.
1143 2676 1332 2750 1741
1413 2677 1741 2751 Articulis
1797 2679 1972 2750 adeo
2029 2688 2393 2774 praecauta
2450 2690 2582 2766 est,
2663 2688 2735 2750 ut
2786 2701 2915 2751 nos
2972 2676 3154 2749 facto
3211 2689 3447 2751 nostro
3522 2680 3826 2772 potissi-

499 2786 681 2853 mum
754 2790 950 2852 extra
1009 2780 1370 2853 Generalia
1443 2781 1668 2874 Regni
1721 2779 2115 2875 Huugariae
2171 2779 2456 2853 Comitia
2532 2804 2684 2854 eam
2759 2779 3070 2853 absolute
3135 2782 3401 2874 ingredi
3472 2783 3830 2876 possimus

502 2906 589 2956 eo
629 2885 1038 2974 evidentius,
1112 2884 1289 2979 quod
1348 2889 1720 2958 occasione
1790 2885 1968 2957 illius
2023 2888 2091 2958 in
2136 2884 2340 2957 Anno
2400 2884 2603 2956 1768
2671 2884 2754 2956 ad
2812 2883 3306 2956 Carlostadium
3378 2881 3606 2955 factae
3682 2905 3833 2954 ex-

503 2990 997 3080 corporationis
1051 2986 1477 3081 Regnicolae
1532 3012 1656 3085 spe
1711 2991 1894 3060 omni
1963 2989 2101 3060 ullo
2174 3011 2465 3084 unquam
2537 2998 2845 3083 tempore
2918 2988 3004 3059 ad
3056 2988 3247 3060 Bona
3322 2992 3525 3059 etiam
3595 2987 3828 3058 solido

499 3087 785 3160 radicali
839 3099 909 3161 et
961 3089 1373 3163 donationali
1438 3094 1597 3183 jure
1650 3113 1980 3187 possessa
2039 3101 2109 3163 et
2161 3094 2425 3163 militari
2483 3114 2682 3163 cessa
2735 3090 3037 3165 redditus
3111 3095 3354 3186 privati
3428 3093 3589 3177 siut
3667 3091 3832 3161 dum

496 3191 812 3264 fassione
869 3193 1157 3265 solemni
1213 3195 1554 3268 mediante
1600 3198 1756 3287 jura
1813 3218 1935 3268 sua
1995 3218 2278 3268 cessare
2335 3193 2694 3267 debebant.

815 3295 903 3367 Et
956 3319 1125 3369 sane
1173 3301 1232 3371 si
1284 3298 1419 3369 hoc
1475 3302 2072 3395 excorporationis
2126 3309 2259 3370 tam
2319 3299 2582 3393 amplae
2637 3300 3019 3394 prOJectum
3073 3300 3141 3368 in
3198 3296 3515 3368 effectum
3573 3294 3832 3367 deduci

504 3396 788 3468 deberet
824 3400 938 3471 vel
977 3411 1242 3494 posset
1298 3401 1457 3496 quid
1493 3403 1673 3473 aliud
1728 3401 2139 3498 praevidere
2196 3412 2327 3489 est
2384 3421 2580 3496 quam
2639 3423 2890 3473 novum
2947 3401 3324 3472 militarem
3363 3410 3430 3470 et
3475 3400 3832 3494 politicam

499 3498 728 3594 Regni
771 3502 1314 3591 Jurisdictionem
1371 3505 1768 3600 Statumque
1819 3511 1998 3578 inter
2051 3506 2386 3588 odiorum,
2443 3504 2946 3579 dissensionum
3001 3515 3071 3576 et
3117 3502 3644 3575 differentiarum
3704 3502 3836 3574 fo-

498 3608 733 3675 mitem
791 3609 1155 3678 excitatum
1211 3610 1334 3704 iriz,
1391 3609 1649 3681 Civitas
1702 3632 1994 3704 namque
2051 3607 2623 3680 Carlostadiensis
2681 3608 2909 3701 (Arce
2965 3630 3115 3678 cum
3173 3605 3540 3679 Pomoerio
3607 3606 3838 3677 Statui

500 3704 772 3778 Militari
827 3714 1267 3803 remansura)
1333 3713 1398 3783 in
1451 3710 1762 3783 Liberam
1821 3722 1888 3782 et
1940 3707 2262 3805 Regiam'·
2285 3705 2646 3783 Civitatem
2728 3711 3089 3783 evehenda
3169 3710 3414 3803 Regno
3488 3713 3836 3806 incorpo-

496 3809 715 3881 'randa
772 3811 1069 3905 benigne
1124 3817 1522 3904 insinuatur,
1580 3837 1729 3902 cum
1771 3826 1995 3886 tamen
2038 3814 2410 3887 secundum
2459 3819 2563 3887 sui
2611 3815 2986 3886 naturalem
3027 3816 3252 3902 situm,
3307 3817 3461 3908 quia
3498 3813 3837 3886 videlicet

490 3910 592 3983 ab
631 3916 921 4001 oriente„
978 3917 1261 3988 meridie
1300 3929 1368 3989 et
1409 3919 1769 3990 occidente
1825 3940 2101 4013 semper
2142 3917 2412 3991 Militari
2458 3918 2936 4010 jurisdictione
2992 3921 3215 3989 cincta
3273 3928 3487 4002 esset,
3544 3927 3615 3988 et
3653 3916 3836 3988 ultro

501 4036 630 4110 per
683 4021 1013 4111 pomoerij
1096 4023 1524 4092 excisionem
1580 4025 1781 4093 etiam
1839 4044 1933 4094 ex
1987 4022 2534 4116 Septemtrionali
2603 4031 2794 4117 parte
2868 4024 3204 4115 cingetur,
3286 4024 3343 4092 si
3398 4024 3833 4114 pomoerium

504 4119 625 4190 vel
676 4122 744 4190 in
799 4124 1068 4193 minima
1124 4134 1315 4216 parte
1368 4147 1493 4219 pro
1548 4124 1741 4196 Statu
1800 4134 1868 4196 et
1906 4126 2381 4216 jurisdictione
2434 4123 2707 4196 Militari
2756 4125 3185 4212 excindatur,
3258 4125 3509 4195 nullum
3570 4123 3835 4195 subur-

468 4219 689 4322 ‚bium
738 4226 876 4294 imo
932 4248 1019 4296 ne
1066 4225 1333 4320 quidem
1400 4227 1680 4299 liberam
1753 4233 1934 4299 viam
1993 4239 2107 4300 aut
2157 4251 2281 4322 pro
2339 4227 2493 4300 foro
2549 4228 2940 4323 quotidiano
3014 4227 3284 4322 aliquod
3360 4231 3652 4323 spatium
3705 4252 3835 4299 re-

505 4334 867 4396 servatura
924 4333 1035 4416 sit
1092 4342 1597 4424 consequenter
1649 4332 1732 4404 ad
1790 4341 2034 4404 statum
2090 4342 2317 4403 tantae
2372 4331 2891 4404 Constrictionis
2945 4343 3256 4426 ponetur
3317 4340 3386 4401 ut
3434 4353 3568 4401 nec
3607 4331 3833 4404 Com-

504 4432 795 4515 mercio,
872 4451 1004 4500 nec
1080 4430 1472 4505 Liberarum
1539 4445 1607 4506 et
1659 4434 2029 4527 Regiarum
2114 4434 2470 4506 Civitatum
2545 4437 2873 4507 sistemali
2944 4434 3506 4510 administrationi
3573 4435 3835 4509 deser-

504 4532 658 4601 vire
712 4535 984 4625 poterit,
1065 4555 1239 4627 quae
1296 4543 1730 4632 caeteroquin
1789 4542 1845 4612 si
1904 4563 1942 4609 a
1989 4538 2467 4630 jurisdictione
2545 4537 2817 4610 Militari
2890 4541 3227 4610 eximatur
3300 4548 3367 4609 et
3421 4537 3507 4609 ad
3564 4539 3832 4611 Statum

502 4630 795 4706 Liberae
862 4645 932 4706 et
981 4634 1246 4729 Regiae
1321 4636 1625 4714 Civitatis
1708 4642 2108 4731 collocetur,
2184 4641 2543 4713 Comitatui
2612 4638 3085 4764 Zagrabiensi,
3159 4644 3221 4712 in
3281 4644 3547 4763 gremio
3635 4645 3832 4735 cujus

504 4740 636 4809 sita
690 4747 821 4828 est
878 4739 1099 4833 quoad
1154 4742 1496 4835 politicam
1543 4743 2106 4834 jurisdictionem
2142 4744 2386 4836 subjici
2443 4755 2510 4816 et
2562 4747 2954 4838 ingremiari
3025 4748 3588 4841 incorporarique
3649 4768 3828 4838 pos-

510 4849 660 4925 set3
713 4845 804 4911 ita
854 4853 922 4913 et
958 4842 1147 4914 Bona
1203 4850 1650 4940 excorporari
1706 4851 2108 4941 projectata
2164 4849 2320 4920 ideo
2373 4870 2497 4944 pro
2554 4850 2912 4920 inclavatis
2969 4847 3340 4940 declarata„
3398 4849 3579 4942 quod
3637 4849 3829 4920 Mili-

505 4947 635 5014 tari
691 4945 1052 5036 adjaceant
1105 4946 1637 5044 Sztenichnyak„
1711 4949 2002 5023 Claustri
2070 4951 2505 5023 Paulinorum
2575 4950 2999 5044 Kamenst
3068 4976 3199 5023 nec
3269 4975 3404 5023 non
3463 4975 3586 5025 sua
3649 4956 3832 5024 serie

506 5053 852 5121 recensita
891 5049 1345 5145 Episcopatus
1393 5062 1461 5123 et
1496 5053 2018 5147 Praepositurae
2058 5054 2479 5150 capitulique
2520 5054 3028 5148 7agrab1ens1s,
3093 5059 3182 5126 ita
3222 5058 3455 5151 rippae
3495 5055 3831 5152 Colapia-

506 5172 644 5223 nae
698 5151 913 5225 adsita
971 5165 1149 5242 sunt„
1203 5167 1273 5227 ut
1327 5158 1395 5227 in
1451 5159 1720 5228 sinistra
1773 5159 1911 5249 jam
1969 5158 2054 5229 ab
2110 5159 2266 5229 olim
2317 5158 2717 5230 turbulentis
2786 5158 2919 5232 illis
2989 5162 3428 5254 irruptionum
3481 5158 3827 5232 hostilium

506 5255 928 5350 temporibus
983 5267 1263 5352 propter
1332 5282 1776 5353 personarum
1835 5272 1903 5333 et
1954 5262 2344 5333 facultatum
2420 5264 2880 5349 securitatem
2959 5265 3198 5357 partim
3275 5265 3478 5334 etiam
3553 5273 3828 5386 propter

510 5378 838 5451 aquarum
913 5361 1387 5435 inundationes
1471 5362 1950 5436 habitationum
2031 5361 2218 5437 Loca
2295 5368 2359 5436 in
2418 5366 2628 5437 altera
2687 5388 2810 5439 seu
2864 5365 3105 5438 dextra
3160 5368 3347 5461 rippa
3403 5370 3704 5438 maxima
3757 5369 3820 5436 in
