3950 5917
484 396 655 478 340

486 602 797 682 titudine
848 609 922 676 et
970 603 1211 696 gratia.
1246 600 1533 699 speciali
1584 602 1966 677 clementer
2015 596 2606 692 confimavimns,
2683 600 2980 697 illosque
3029 598 3119 674 ab
3171 601 3360 676 omni
3409 596 3817 675 Rehenionis

494 708 893 802 suspicione
943 704 1398 796 absolvimus,
1470 728 1610 780 nec
1660 726 1804 779 non
1855 703 2145 798 singulis
2198 703 2575 778 eorundem
2625 706 2700 778 in
2750 706 3105 800 pristinum
3155 713 3410 778 statum
3455 713 3598 776 tam
3645 705 3817 778 cinca

494 809 803 884 honores
855 816 931 881 et
981 807 1377 902 dignitates,
1432 831 1633 905 qnam
1684 811 1889 881 etiam
1924 807 2120 880 Bona
2173 807 2356 882 hunc
2404 810 2476 880 in
2518 805 2796 882 modum
2844 810 3294 896 restituimus,
3343 815 3420 880 ut
3466 809 3555 881 iis
3589 806 3815 880 eadem

498 911 878 988 confiscata
930 910 1127 984 Bona
1196 913 1554 1008 (exceptis
1605 909 1941 986 fructibus
1994 908 2224 985 medio
2275 919 2587 1006 tempore
2638 913 3028 1008 perceptis)
3105 932 3236 1006 per
3271 907 3640 984 Gameram
3686 931 3812 983 no-

497 1026 709 1093 stram
743 1015 1207 1110 Hungaricam
1262 1015 1810 1111 quandocunque
1859 1017 2305 1088 restituantur
2355 1022 2560 1109 atque
2610 1016 3071 1109 resignentur.
3167 1008 3615 1087 Confidentes
3656 1033 3812 1087 eos-

495 1118 657 1193 dem
694 1116 1143 1209 Caesaream,
1178 1140 1266 1193 ac
1289 1117 1584 1213 Regiam
1619 1118 1801 1192 hanc
1839 1116 2359 1213 benignitatem,
2394 1120 2686 1211 gratiam
2721 1127 2794 1190 et
2827 1117 3260 1191 clementiam
3291 1115 3618 1191 Nostram
3657 1137 3812 1213 pro-

490 1222 708 1297 funda
759 1225 1140 1296 animorum
1192 1220 1658 1298 submissione
1710 1223 2096 1316 agnituros,
2149 1218 2514 1317 debitaque
2564 1218 2892 1294 fidelitate
2944 1243 3032 1292 ac
3082 1220 3459 1294 devotione
3514 1239 3641 1294 sua
3673 1221 3810 1316 qui·

492 1324 739 1401 busvis
810 1323 1292 1420 affulgentibns
1361 1329 1433 1399 in
1505 1323 1991 1400 occasionibus
2062 1327 2341 1398 omnino
2411 1326 2867 1420 repositnros,
2944 1323 3066 1396 vel
3118 1327 3420 1396 maxime
3476 1332 3699 1396 autem
3742 1344 3808 1396 se

494 1433 981 1527 imposterum
994 1452 1037 1501 a
1089 1431 1367 1503 nemine
1430 1428 1673 1504 seduci
1736 1438 1853 1501 aut
1904 1429 2195 1501 detineri
2241 1447 2601 1524 passuros,
2651 1449 2896 1502 verum
2952 1426 3041 1500 ad
3089 1426 3393 1500 ultimum
3445 1447 3664 1522 usque
3707 1428 3808 1498 vi-

494 1541 613 1606 tae
664 1532 942 1605 halitum
1012 1530 1259 1607 fideles
1312 1541 1385 1605 et
1435 1530 1903 1629 obsequentes
1973 1529 2284 1606 subditos
2354 1529 2802 1604 exhibituros.
2894 1529 3236 1654 Alioquin
3286 1529 3474 1603 hanc
3542 1531 3802 1622 gratiam

497 1645 573 1710 et
623 1633 1124 1709 absolutionem
1197 1645 1504 1712 nostram
1574 1639 1661 1710 iis
1712 1634 1921 1709 modo
1992 1636 2380 1732 praemisso
2446 1632 2703 1708 factam
2752 1636 3029 1710 minime
3078 1633 3402 1710 volumus
3455 1632 3805 1730 suth-agari.

499 1740 845 1827 Quocirca
915 1737 1279 1813 fidelitates
1350 1749 1629 1814 vestras
1696 1738 1935 1811 harum
1993 1742 2178 1813 serie
2242 1736 2546 1832 henigne
2596 1737 2975 1827 hortamur,
3046 1735 3332 1811 firmiter
3406 1735 3804 1824 mandantes,

504 1851 842 1936 qnatenus
905 1842 1157 1916 amodo
1229 1842 1559 1939 deinceps
1631 1841 1984 1939 praefatos
2036 1840 2632 1932 Berislavichium,
2713 1838 3806 1930 Cholnichium,Ghe1-nkoczium,

505 1945 946 2037 Gotthalium,
1027 1944 1464 2037 Gereczium,
1544 1944 2060 2037 Mallinichinm,
2160 1943 2678 2039 Pogledichium
2748 1955 2821 2018 et
2885 1944 3381 2018 Kamenianum
3454 1965 3579 2040 pro
3643 1942 3805 2015 veris

504 2047 821 2124 fidelibus
890 2052 1148 2122 nostris
1202 2071 1595 2143 agnoscere
1648 2073 1734 2121 ac
1782 2060 2028 2122 tenere
2080 2069 2310 2144 neque
2361 2051 2448 2123 iis
2491 2048 2742 2122 Notam
2787 2048 2970 2122 hanc
3019 2047 3160 2121 ullo
3213 2069 3509 2144 unquam
3561 2056 3807 2142 tempo-

503 2175 586 2224 re
640 2155 889 2247 quovis
959 2152 1166 2225 modo
1223 2153 1558 2245 objicere,
1612 2154 1731 2226 vel
1785 2150 2213 2248 exprobrare
2273 2152 2504 2225 velitis
2559 2175 2646 2225 ac
2697 2150 3029 2226 debeatis.
3136 2148 3361 2225 Secus
3411 2154 3637 2246 itaque
3667 2148 3807 2221 nnl-

508 2256 779 2329 latenus
847 2254 1117 2329 facturi.
1227 2255 1461 2330 Gratia
1530 2256 1783 2331 Nostra
1860 2253 2211 2328 Caesarea
2291 2266 2363 2329 et
2412 2254 2636 2351 Regia
2708 2253 2914 2330 vohis
2988 2258 3057 2328 in
3128 2255 3393 2350 reliquo
3469 2255 3809 2326 clementer

507 2362 832 2455 propensi
884 2369 1265 2434 manentes.
1370 2358 1621 2442 Datum
1671 2363 1743 2432 in
1797 2356 2093 2433 Civitate
2142 2369 2383 2434 nostra
2418 2359 2690 2433 Vienna
2744 2358 2857 2434 die
2909 2359 3177 2433 decima
3210 2357 3479 2434 Mensis
3517 2356 3808 2430 Januarii.

503 2463 712 2535 Anno
764 2461 1041 2536 Domini
1091 2461 1459 2538 Millesimo
1512 2466 2029 2539 sexcentesimo
2093 2465 2607 2560 septuagesimo
2661 2466 2904 2558 primo.

710 2693 1102 2792 Leopoldus
1156 2718 1245 2767 m.
1299 2718 1367 2791 p.

2595 2902 2897 2977 Thomas
2943 2902 3164 2999 Palffy
3219 2924 3309 2974 m.
3359 2922 3426 2998 p.

2733 3045 2944 3099 mecm,
2979 3044 3288 3115 Episcopus.

2547 3245 2935 3345 Stephanus
2989 3245 3220 3322 Orhan
3272 3268 3361 3320 m.
3416 3269 3483 3344 p.

2016 3525 2074 3589 A
2125 3537 2302 3608 ter-90
2320 3550 2344 3589 .-

826 3741 1113 3818 Lectum
1166 3753 1238 3818 et
1289 3741 1757 3841 compositum
1811 3765 1965 3816 cum
2021 3742 2352 3838 originali
2402 3767 2529 3842 per
2579 3767 2690 3819 me
2734 3744 3135 3842 Magistrum
3172 3743 3534 3820 Nicolaum
3582 3740 3806 3817 Pathu-

511 3848 654 3922 tich
705 3846 796 3923 de
845 3846 1172 3942 Zaiezda,
1224 3847 1819 3921 Prothonotarium
1870 3846 2119 3943 Regni.
2171 3846 2384 3923 Idem.
3293 3902 3300 3908 -

508 4125 659 4195 θείς.
696 4127 750 4180 ἰιι
784 4124 1016 4181 Archivo
1050 4125 1221 4197 Regni
1256 4125 1519 4182 Croau'ae.
1551 4127 1689 4183 l'riV.
1722 4126 1786 4181 Ν.
1823 4127 1943 4185 110.
