3950 5917
3314 457 3462 532 401

1510 1176 2004 1261 ccxmll
2021 1177 2107 1258 1.

1000 1463 1209 1538 Ambo
1270 1464 1310 1536 1
1327 1464 1509 1539 738.
1565 1466 1679 1537 die
1734 1465 1862 1538 24.
1923 1467 2195 1537 Martii.
2274 1464 2601 1539 Viennae.

141 1730 559 1811 Carolus
610 1727 736 1809 ΙΙΙ.
801 1726 1001 1808 Rex
1065 1726 1873 1808 communitatem
1939 1725 2896 1831 Sichelburgensem
2959 1753 2998 1806 a
3053 1731 3463 1808 tricesi-

132 1895 329 1949 mae
422 1872 1159 1973 praestatione,
1257 1867 1572 1970 quoad
1636 1866 1826 1945 sibi
1920 1869 2568 1971 necessaria,
2671 1869 2767 1944 vi
2863 1867 3256 1946 obtenti
3342 1867 3461 1946 ab

506 2007 841 2086 eadem
907 2003 1619 2084 communitate
1683 2004 2266 2109 privilegii,
2331 2003 2746 2082 liberam
2812 2005 3079 2084 dicit.

130 2303 549 2377 CAROLVS
603 2302 719 2375 VI.
798 2302 953 2374 DEI
1014 2305 1232 2395 gratia
1302 2302 1563 2374 electus
1616 2301 2081 2373 Romanorum
2136 2301 2515 2396 Imperator
2584 2323 2858 2397 semper
2902 2301 3284 2396 Augustus,
3367 2326 3456 2376 ac

544 2404 987 2495 Germaniae,
1039 2405 1544 2501 Hispaniarum,
1596 2404 2026 2500 Hungariae,
2070 2404 2589 2522 ¹Bohemiaeque
2644 2409 2772 2478 dcc.
2824 2404 3034 2479 REX.

434 2635 857 2724 Reverendi,
910 2634 1393 2725 Honorabiles,
1448 2633 1877 2729 Spectabiles
1941 2660 2025 2707 ac
2089 2635 2461 2730 Magnifici,
2540 2635 2888 2731 Magnifici
2940 2642 3095 2710 item
3159 2638 3445 2735 Egregij

121 2764 203 2812 ac
273 2739 586 2828 Nobiles,
641 2762 774 2813 nec
826 2761 965 2812 non
1035 2738 1414 2812 Prudentes
1470 2762 1554 2810 ac
1608 2737 2124 2834 circumspecti,
2204 2739 2445 2814 fideles
2524 2739 2740 2816 Nobis
2797 2740 3043 2815 dilecti.
3148 2742 3262 2814 Ex
3310 2743 3448 2816 de-

115 2849 330 2918 missa
369 2842 838 2916 cancellariae
875 2853 1156 2915 nostrae
1190 2842 1559 2915 Austriaco
1596 2842 1885 2915 Aulicae
1924 2843 2582 2940 Repraesentatione
2634 2843 3101 2935 informamur,
3159 2847 3449 2940 qualiter

116 2946 585 3021 communitas
666 2944 1265 3040 Sichelburgensis
1346 2969 1386 3018 a
1468 2945 1816 3019 modernis
1893 2946 2439 3021 Arendatorihus
2514 2952 2579 3019 dc
2656 2949 3294 3023 Tricesimatoribus
3374 2954 3449 3025 in

113 3054 411 3145 antiquis
466 3054 608 3125 suis
662 3072 788 3145 per
836 3048 984 3123 Nos
1040 3048 1432 3122 clementer
1503 3047 1937 3123 Confirmatis
2010 3050 2402 3145 PrivilegiJs
2457 3054 2526 3123 in
2580 3074 2667 3124 eo
2723 3057 3107 3126 nov1ssime
3180 3053 3446 3129 turbata

113 3166 319 3250 atque
374 3155 565 3227 laesa
620 3152 850 3241 fuerit,
906 3153 1084 3247 quod
1141 3152 1228 3224 de
1283 3152 1596 3226 omnibus
1652 3157 1717 3224 dc
1770 3153 2056 3246 siugulis
2111 3154 2270 3226 illuc
2323 3154 2832 3228 introducendis
2893 3156 3237 3232 Mercibus
3292 3157 3446 3228 Te-

109 3259 368 3331 lonium
424 3260 577 3330 sive
629 3257 1083 3351 Trigesimam
1141 3256 1512 3328 earundem
1568 3265 1825 3350 partem
1880 3255 2462 3329 indiscriminatim
2511 3259 2918 3354 persolvere
2973 3257 3245 3351 debeat,
3327 3270 3443 3331 aut

104 3362 245 3435 hoc
301 3362 673 3455 denegato,
731 3360 1004 3434 diversa
1059 3359 1229 3451 Ejus
1285 3367 1803 3453 sequestrentur
1849 3381 2149 3454 pecora3
2202 3359 2384 3432 unde
2432 3384 2690 3454 graves
2736 3365 2878 3453 jam
2934 3361 3183 3452 Rixae,
3241 3360 3440 3434 Con-

102 3464 361 3555 flictus,
419 3474 621 3559 atque
675 3460 945 3537 caedes
1000 3473 1272 3536 mutuae
1340 3460 1753 3536 subsecutae
1822 3461 2134 3536 fuissent.
2244 3461 2500 3549 Quibus
2555 3466 2752 3538 malis
2807 3476 3137 3561 oportune
3189 3469 3441 3561 provi-

100 3568 257 3641 deri
313 3571 691 3670 cupientes,
767 3565 1103 3640 camerae
1156 3575 1438 3640 nostrae
1490 3564 1783 3638 Aulicae
1836 3565 2135 3661 benigne
2216 3566 2805 3658 demandavimus,
2888 3579 3219 3663 quatenus
3274 3591 3440 3641 me-

98 3682 374 3745 morata
431 3670 922 3759 Communitas,
976 3673 1225 3764 vigore
1276 3669 1627 3762 Privilegij
1687 3673 1819 3759 sui,
1899 3669 1984 3742 ab
2040 3670 2380 3762 ejusmodi
2450 3670 2872 3743 Tricesimae
2942 3674 3442 3766 praestatione,

98 3776 333 3872 quoad
390 3774 518 3848 sibi
566 3778 969 3848 necessario
1023 3772 1515 3846 introducenda
1554 3771 2110 3868 consumpthilia
2164 3777 2431 3871 penitus
2487 3774 2836 3865 liberetur,
2892 3786 3213 3870 respectu
3259 3798 3438 3850 vero

97 3883 209 3953 sui
266 3879 593 3953 aliorsum
649 3877 901 3971 agendi
954 3887 1023 3950 et
1075 3877 1468 3957 instituendi
1522 3873 1960 3969 Commercij,
2013 3881 2383 3974 praecipue
2415 3882 2819 3974 ,praesentis
2872 3877 3048 3952 Belli
3097 3889 3434 3975 tempore,

92 3986 385 4079 pristina
440 3987 505 4055 dc
557 3982 890 4055 hacteuus
946 3982 1146 4055 solita
1200 3979 1551 4053 moderata
1623 3980 1889 4072 Telonij
1965 3984 2339 4077 praestatio
2412 3981 2843 4056 observetur.
2952 3982 3168 4070 Quam
3222 3981 3434 4056 beni-

92 4110 309 4181 gnam
362 4086 887 4160 Resolutionem
941 4094 1141 4180 atque
1197 4082 1708 4156 ordinationem
1762 4093 2066 4158 nostram
2121 4087 2189 4157 in
2224 4088 2626 4181 praemissis
2681 4090 3159 4178 interventum,
3211 4085 3436 4160 Fide-

88 4188 399 4264 litatibns
450 4188 722 4262 Vestris
775 4188 861 4261 ad
900 4189 1162 4261 Statum
1215 4191 1496 4261 notitiae
1553 4184 1945 4260 clementer
1995 4191 2410 4280 intimantes,
2460 4189 2712 4265 Iisdem
2773 4193 2839 4262 in
2876 4192 3140 4287 reliquo
3198 4187 3432 4264 Gratia

88 4304 164 4368 et
216 4292 598 4367 Clementia
650 4302 887 4368 nostra
943 4291 1567 4386 caesareo-Regia
1646 4290 1945 4386 benigne
1999 4295 2323 4388 propensi
2393 4315 2769 4367 manemus.
2873 4294 3118 4367 Datum
3174 4297 3241 4367 in
3295 4292 3432 4367 ci·—

82 4401 313 4471 vitate
366 4406 600 4472 nostra
656 4395 925 4469 Vienna
977 4395 1334 4485 Austriae,
1406 4394 1518 4468 die
1569 4397 1909 4489 vigesima
1964 4406 2202 4492 quarta
2266 4395 2528 4472 Mensis
2598 4395 2819 4489 Martij
2893 4397 3100 4472 Anno
3153 4398 3430 4472 Domini

82 4500 464 4578 millesimo
518 4500 1145 4597 septingentesimo
1199 4498 1585 4592 Trigesimo
1644 4509 1916 4574 octavo.

517 4731 857 4808 Carolus
905 4756 993 4804 m.
1050 4756 1115 4829 p.

1810 4936 2064 5013 comes
2116 4940 2506 5015 Ludovicus
2563 4941 2923 5040 Batthyani
2992 4966 3076 5015 m.
3126 4966 3190 5040 p.
3238 4925 3246 4930 ’

2091 5172 2333 5246 Petrus
2384 5172 2588 5268 Vegb
2667 5197 2755 5248 m.
2809 5197 2873 5271 p.

2891 5513 2981 5587 51

297 5543 451 5610 (Pars
497 5541 536 5594 l.
592 5541 765 5595 Privil.
821 5550 875 5594 et
908 5540 1123 5608 Libert.)
