3950 5917
3286 435 3442 509 455

120 636 640 724 Quercinarum‚
696 644 766 706 et
819 634 866 705 9
922 634 1203 708 florenis
1258 658 1298 706 a
1355 632 1764 708 Centenario
1838 634 2119 708 Pellium
2191 633 2707 731 Leporinarum‚
2780 634 3108 732 deinceps
3181 636 3443 711 admit-

118 747 313 811 tatur.
421 733 788 810 Caeterum
841 736 1206 830 Regulatio
1252 735 1705 831 Vectigalium
1762 738 1937 809 ultro
1994 741 2198 809 etiam
2255 739 2337 809 ad
2377 738 2862 810 Financialium
2901 739 3445 813 Dicasteriorum

120 841 495 937 sphaeram
552 850 623 911 et
674 843 1092 913 activitatem
1145 842 1506 935 pertineat.³
1563 841 1647 912 ab
1694 841 2100 935 iisdemque,
2156 862 2239 911 ea
2278 850 2506 913 tamen
2562 843 2829 914 ratione
2880 846 3313 937 suscipiatur,
3368 852 3445 916 ut

122 948 390 1039 quoties
462 943 576 1013 illa
649 942 987 1026 elevanda
1042 953 1155 1014 aut
1211 943 1638 1016 diminuenda
1696 943 2116 1032 viderentur,
2188 943 2665 1016 instituendam
2739 944 2918 1015 hanc
2987 943 3446 1039 vectigalium

124 1046 617 1119 Alterationem
674 1042 1145 1117 cancellariae
1215 1044 1512 1117 Nostrae
1564 1047 1830 1138 Regiae
1884 1046 2279 1138 Huugarico
2333 1043 2624 1118 Aulieae
2696 1050 2981 1143 praevie
3053 1052 3445 1120 communi-

126 1171 312 1236 care,
370 1158 441 1219 et
495 1169 649 1218 eum
703 1146 946 1219 eadem
1001 1170 1232 1243 parem
1284 1151 1351 1220 in
1397 1149 1533 1220 hoc
1588 1152 1857 1226 merito..
1912 1170 2088 1243 quae
2143 1159 2343 1221 antea
2400 1171 2553 1220 cum
2609 1149 3192 1222 Commerciorum
3244 1147 3446 1222 Con-

127 1251 276 1323 silio
336 1249 709 1323 observata
764 1249 1013 1339 fuerat,
1069 1251 1668 1344 cointelligentiam
1724 1250 1972 1323 fovere
2025 1261 2357 1325 teneatur.

440 1421 669 1514 Atque
740 1423 809 1492 in
879 1421 984 1494 his
1058 1422 1444 1516 explicitam
1526 1421 1902 1514 Benignam
1981 1421 2283 1494 Mentem
2363 1443 2448 1492 ac
2527 1421 3041 1495 Resolutionem
3124 1421 3448 1496 Nostram

126 1524 445 1619 Regiam,
502 1524 1067 1618 quemadmodum
1122 1535 1317 1616 grato
1376 1535 1818 1619 suscepturos
1874 1528 2100 1595 animo
2137 1524 2558 1616 Regnicolas
2613 1526 2814 1619 plene
2870 1522 3299 1615 confidimus,
3353 1528 3449 1597 ita

130 1627 499 1698 Dilectioni
579 1648 662 1697 ac
714 1625 1181 1698 Fidelitatibus
1237 1627 1505 1699 Vestris
1561 1626 1735 1698 haec
1803 1630 1953 1721 ipsa
2023 1648 2147 1720 pro
2205 1648 2512 1718 congruo
2585 1629 2866 1700 notitiae
2935 1628 3129 1699 Statu
3202 1631 3446 1723 suique

129 1729 505 1802 directione
547 1727 1043 1819 significantes,
1099 1752 1229 1800 una
1269 1730 1643 1802 clementer
1687 1729 2111 1815 mandamus,
2168 1741 2501 1823 quatenus
2554 1739 2691 1800 tam
2744 1733 3451 1825 reincorporationem

130 1833 497 1904 Districtus
549 1830 752 1922 hujus
805 1831 1259 1905 Fluminensis
1324 1831 1633 1927 praefato
1689 1832 1935 1924 Regno
1991 1830 2244 1904 Nostro
2302 1832 2645 1920 Oroatiae‚
2720 1856 2919 1927 quam
2991 1855 3164 1905 vero
3238 1832 3448 1905 officii

131 1934 716 2007 Gubernatorialis
773 1944 841 2006 et
893 1938 1159 2006 ratione
1215 1935 1738 2020 manuducendi„
1793 1933 2162 2006 facilitandi
2217 1958 2302 2006 ac
2337 1934 2763 2029 provehendi
2811 1934 3222 2007 Commercii
3273 1936 3449 2008 Flu-

128 2040 311 2109 mine
367 2037 963 2125 Constitutionem,
1038 2047 1109 2109 et
1162 2048 1295 2108 tam
1350 2060 1473 2132 pro
1530 2038 1665 2109 hoc
1720 2037 2238 2127 GubernatoriS,
2311 2060 2510 2131 quam
2564 2060 2739 2110 vero
2794 2036 3112 2132 Supremi
3166 2037 3453 2110 Comitis

126 2137 741 2213 Neo-efformandi
796 2162 891 2211 ex
943 2140 1079 2211 hoc
1132 2141 1450 2224 Districtu
1504 2139 1877 2215 Comitatus
1954 2140 2443 2213 Severinensis
2515 2138 2760 2212 Officio
2836 2140 3453 2213 Clementissimam

128 2246 200 2314 in
253 2241 635 2314 Personam
692 2243 967 2314 antelati
1040 2242 1322 2334 Egregii
1375 2244 1629 2315 Fidelis
1698 2243 1932 2315 Nostri
1985 2243 2268 2338 Josephi
2322 2242 2601 2334 Majlath
2657 2242 2743 2314 de
2797 2242 3149 2338 Szekhely
3201 2242 3454 2314 Nomi-

129 2348 483 2418 nationem
538 2346 670 2416 fine
727 2348 927 2417 etiam
985 2357 1055 2417 et
1107 2366 1322 2440 scopo
1376 2347 1520 2433 illo,
1601 2356 1673 2418 ut
1724 2349 1793 2417 in
1849 2345 2300 2419 commerciis
2351 2346 2622 2417 Partem
2676 2344 3009 2418 habentes
3065 2357 3134 2416 et
3193 2344 3455 2417 Traffi-

128 2456 374 2519 cantes
410 2447 837 2540 Regnicolae
892 2469 1054 2521 sese
1110 2447 1433 2540 dirigere,
1489 2460 1559 2522 et
1612 2471 1902 2543 quonam
1960 2471 2041 2522 se
2094 2453 2162 2521 in
2198 2449 2358 2538 hoc,
2406 2448 2818 2521 Gommercii
2870 2447 3196 2520 videlicet
3243 2469 3456 2543 passu

126 2561 550 2622 convertere
604 2554 893 2644 possint.
949 2553 1132 2623 scire
1186 2551 1489 2641 valeant,
1546 2554 1968 2624 circulariter
2027 2551 2375 2647 publicare
2447 2553 2786 2623 noverint.
2895 2549 3152 2635 Quibus
3205 2553 3272 2622 in
3325 2572 3456 2621 re-

122 2654 315 2749 liquo
372 2652 605 2726 Gratia
662 2657 789 2724 (ke.
898 2653 1143 2725 Datum
1198 2653 1510 2729 Viennae
1567 2656 1675 2727 die
1732 2654 1802 2726 9.
1857 2657 2117 2728 mensis
2174 2653 2492 2749 Augusti,
2549 2653 2753 2725 Anno
2812 2650 3035 2724 1776.

445 2884 696 2957 Maria
753 2886 1151 2957 Therasia
1212 2909 1295 2957 m.
1351 2909 1414 2982 p.

1940 3111 2194 3184 Comes
2248 3112 2656 3185 Franciscus
2706 3111 3096 3206 Esterhazy
3150 3135 3236 3183 m.
3290 3132 3355 3204 p.

2115 3338 2591 3411 Ferdinandus
2646 3339 2959 3434 Scultety
3012 3360 3099 3408 m.
3152 3359 3217 3431 p.

1649 3595 1762 3688 (L.
1837 3596 1948 3682 S.)

2254 3874 2392 3927 ⁴447

130 3922 192 3975 In
230 3920 463 3973 Archivo
502 3920 667 3989 Regni
706 3918 962 3972 Croni-0.
1036 3919 1163 3971 Acta
1217 3919 1431 3971 Consilii
1469 3915 1710 3982 croatici‚
1754 3917 1890 3969 Anni
1933 3918 2086 3982 1776,
2124 3915 2181 3968 N.
2254 3961 2411 4013 3935·
