3950 5917
3276 443 3423 521 165

144 665 203 738 in
249 681 400 753 sua,
454 669 525 735 et
573 657 958 735 nominibus
1016 655 1256 755 quibus
1308 675 1512 754 supra
1532 709 1559 750 9
1610 656 1995 751 subjective
2044 658 2384 754 porrectis
2433 651 2657 752 Regio
2708 673 2866 750 cum
2916 654 3165 728 favore
3215 656 3425 726 incli-

144 770 291 858 nati,
334 764 642 863 prefatas
690 764 996 838 Litteras·
1031 763 1323 837 Nostras
1374 772 1686 859 patentes
1753 761 2193 859 presentibus
2260 760 2529 833 Litteris
2580 759 2853 834 Nosffis
2902 758 3283 854 patentibus
3337 758 3425 830 de

144 869 350 944 verbo
417 868 507 943 ad
572 868 861 942 verbum
914 865 1274 941 transcribi
1335 877 1406 940 et
1432 869 1893 962 transumpmi
1943 866 2310 955 facientes,
2362 863 2586 937 eidem
2639 863 2968 959 Magistro
3020 863 3233 936 Paulo
3284 861 3424 935 du·-

143 977 352 1049 xinus
421 972 933 1062 concedendas,
1010 972 1193 1045 Juris
1248 973 1354 1045 sni
1406 980 1476 1043 et
1528 971 1859 1044 dictorum
1910 969 2249 1042 Nobilium
2301 968 2526 1063 Regni
2576 967 2810 1041 Nostri
2862 966 3235 1041 Sclavonie
3287 988 3426 1038 au·-
3512 1037 3521 1044 .

145 1078 354 1152 indicti
424 1075 815 1150 uberiorem
867 1075 953 1149 ad
1011 1073 1381 1148 Cautelam.
1485 1075 1731 1147 Datum
1783 1075 2064 1146 Posonii
2116 1073 2227 1146 die
2280 1071 2549 1144 decimo
2601 1076 2916 1168 proximo
2967 1081 3127 1169 post
3176 1069 3428 1144 festum

144 1180 308 1255 beati
371 1180 631 1254 Matbei
699 1179 1018 1278 Apostoli
1067 1189 1140 1252 et
1190 1177 1657 1274 Evangeliste.
1762 1177 1967 1251 Anno
2020 1177 2294 1250 Domini
2343 1174 2706 1250 Millesimo
2758 1175 3427 1273 quadringentesimo

147 1285 452 1359 secundo.
3244 1303 3247 1306 ·

1243 1461 1484 1538 (ιοοιω
1510 1462 1712 1541 sigilli
1753 1459 1936 1541 Royan·
1978 1461 2321 1542 appu-me.)

153 1669 274 1742 θεὶς.
307 1671 529 1726 membr.
563 1674 618 1723 in
652 1671 879 1726 Archivo
915 1670 1083 1742 Regni
1118 1667 1377 1724 croatiae.
1407 1667 1545 1723 Priv.
1577 1667 1640 1722 Ν.
1661 1669 1712 1720 7.

1534 2311 2049 2397 cxvnl.

969 2605 1177 2676 Am
1231 2601 1468 2674 1395.
1541 2603 1657 2673 ate
1723 2601 1844 2673 10.
1912 2600 2256 2672 octobris.
2308 2599 2614 2692 Spatana

49 2843 52 2856 ’
164 2864 633 2971 AndreaS,
697 2865 1565 2971 Archiepiscopus
1629 2864 2296 2971 Spalatensis,
2362 2888 2563 2943 cum
2622 2861 3006 2943 Joanne
3069 2859 3442 2941 Comite

164 2999 586 3112 Neliptio
692 3006 805 3086 de
917 3003 1332 3086 decimis
1453 3005 2214 3085 ecclesiasticis
2327 3006 2727 3084 amicam
2804 3005 3445 3083 ²conventio-

170 3166 371 3248 nem,
431 3155 974 3250 praesente
1014 3142 1523 3223 Vicebano
1586 3142 2123 3223 Dalmatiae
2187 3153 2280 3222 et
2341 3141 2803 3221 croatiae
2861 3167 2966 3219 ac
3027 3142 3447 3246 complu-

957 3282 1235 3364 ribus
1298 3279 1829 3361 Nobilibus
1896 3281 2393 3385 Croatiae,
2457 3284 2662 3364 init.

445 3556 529 3629 ln
585 3553 834 3629 Christi
884 3558 1165 3629 nomine
1215 3576 1438 3628 amen.
1507 3554 1713 3627 Anno
1765 3556 2139 3627 nativitatis
2188 3552 2499 3628 eiusdem
2552 3552 2912 3628 millesimo
2962 3559 3448 3627 trecentesimo

174 3663 600 3754 nonagesimo
649 3662 904 3753 quinto.
955 3657 1332 3732 Indictione
1379 3657 1497 3731 111.
1549 3657 1910 3754 Regnaute
1959 3657 2426 3733 Sereuissimo
2477 3657 2794 3753 Principe
2843 3667 2918 3730 et
2957 3657 3254 3729 Domino
3306 3680 3450 3732 no-

173 3769 294 3834 stro
357 3763 651 3837 naturali
717 3762 1012 3836 Domino
1083 3759 1550 3858 sigismundo,
1621 3762 1754 3835 Dei
1822 3764 2040 3857 gratia
2109 3761 2483 3857 Huugarie‚
2549 3762 2912 3852 Dalmatie,
2982 3760 3258 3835 Oroatis
3315 3772 3448 3835 etc.

177 3861 344 3959 Rege
392 3868 678 3963 inclyto,
734 3876 805 3939 et
855 3865 1255 3939 marchione
1304 3863 1968 3960 Brandeuburgensi.
2040 3866 2490 3963 Temporibus
2543 3866 2809 3963 quidem
2864 3866 3451 3941 Reverendissimi

55 3993 56 4008 ¹
177 3968 234 4040 in
277 3967 542 4045 Christo
614 3969 834 4045 Patris
888 3979 960 4043 et
1004 3970 1278 4043 Domini
1345 3968 1660 4061 Andros,
1729 3971 1862 4044 Dei
1924 3979 1995 4044 et
2044 3970 2449 4066 Apostolice
2516 3970 2721 4046 Sedis
2791 3974 3008 4065 gratia
3076 3971 3452 4069 Arcbiepi-

179 4076 344 4168 scopi
393 4074 824 4171 Spalatensis
879 4084 952 4148 et
997 4074 1227 4170 legum
1279 4074 1646 4163 Doctoris;
1708 4071 2056 4169 Magnifici
2109 4084 2178 4146 et
2229 4078 2487 4148 strenui
2537 4077 2671 4149 viri
2721 4075 2994 4150 Domini
3045 4074 3313 4149 Nicolai
3365 4076 3453 4150 de

180 4172 364 4266 Gara,
412 4178 746 4252 dictorum
798 4177 1196 4273 Regnorum
1227 4176 1570 4251 Dalmatie·
1619 4188 1691 4251 et
1724 4176 2003 4252 Croatie
2054 4174 2250 4267 Bani,
2303 4201 2437 4251 nec
2487 4200 2628 4254 uon
2680 4182 2973 4253 civitatis
3026 4178 3453 4276 spalatensis

179 4275 432 4356 Comitis
502 4282 859 4378 plurimum
937 4282 1314 4364 honorandi
1332 4335 1359 4374 7
1436 4281 1500 4354 N
1502 4280 1910 4377 obiliumque
1981 4291 2054 4356 et
2119 4282 2543 4380 prudentium
2626 4286 2931 4357 virorum
3006 4283 3453 4359 Dominornm

179 4378 460 4477 Dyonisii
510 4386 739 4476 Helie,
790 4385 1034 4459 Nicole
1086 4385 1245 4458 Zeri
1297 4386 1384 4460 de
1439 4383 1698 4477 flemis,
1764 4396 1834 4458 et
1882 4387 2167 4459 Antonii
2216 4387 2503 4461 ‚loannis
2556 4384 2644 4459 de
2699 4385 3133 4483 Grisogonis‚
3182 4389 3454 4462 Recto-

179 4503 304 4558 rum
351 4500 420 4560 et
469 4489 784 4562 Judicum
837 4489 995 4563 bon.
1051 4487 1360 4564 Civitatis
1414 4490 1859 4587 spalatensis.
1962 4488 2096 4564 Die
2148 4490 2506 4564 undecima
2561 4490 2878 4566 Octobris
2942 4491 3246 4589 prefatus
3296 4493 3455 4568 Re-

181 4592 685 4668 uerendissimus
753 4598 821 4690 in
893 4591 1162 4667 Christo
1232 4593 1436 4667 Pater
1462 4604 1557 4667 *et
1607 4597 1938 4667 Dominus
1994 4594 2329 4670 'Andreas
2399 4595 2822 4691 spalatensis
2873 4596 3456 4695 Arcbiepis'co'pu's

183 4687 258 4762 ibi
299 4716 608 4789 presens,
661 4700 729 4770 in
782 4701 1124 4793 presentia
1179 4702 1449 4772 testium
1503 4701 1957 4781 examinatus,
2026 4709 2096 4771 et
2148 4702 2283 4771 mei
2336 4702 2583 4771 notarii
2633 4698 3070 4796 infrascripti,
3149 4701 3321 4775 dixit
3371 4723 3457 4775 ac

183 4808 514 4874 contentus
568 4810 638 4874 et
688 4800 1059 4875 confessus
1128 4800 1278 4890 fuit,
1345 4801 1527 4898 quod
1597 4825 1799 4875 omne
1871 4806 2463 4898 compromissum,
2544 4802 2669 4878 sub
2742 4825 3167 4900 quacumque
3233 4804 3454 4880 forma

189 4917 291 4990 per
334 4904 545 4997 ipsum
598 4928 692 4978 ex
744 4928 877 4978 uua
930 4916 1123 5001 parte
1176 4904 1455 4995 factum,
1510 4916 1581 4977 et
1632 4909 2195 5002 compromissum
2248 4911 2318 4979 in
2371 4911 2832 4981 conventione
2886 4931 3040 4980 cum
3087 4908 3454 5005 Magnifico

191 5010 248 5071 et
286 5018 553 5098 potente
606 5010 901 5082 Domino
959 5009 1228 5083 Joanne
1279 5008 1602 5104 Neliptio„
1657 5007 1895 5083 Cetine
1942 5006 2233 5098 Comite,
2304 5033 2512 5107 super
2573 5010 2754 5084 sacto
2820 5012 3263 5104 decimarum,
3332 5036 3461 5111 per

195 5101 498 5182 dominnm
553 5111 880 5186 Comitem
934 5112 1271 5187 Joannem
1344 5111 1714 5186 debitarum
1787 5114 2013 5187 eidem
2084 5114 2358 5188 domiuo
2430 5113 2816 5211 spalatensi
2881 5115 3458 5215 Archiepiscopo,

197 5216 255 5278 et
293 5214 413 5305 ipsi
463 5214 845 5310 spalatensi
894 5216 1241 5307 Ecclesia,
1311 5220 1380 5290 iu
1431 5216 2109 5292 Reverendissimum
2179 5221 2249 5290 in
2305 5216 2574 5291 Christo
2642 5230 2903 5316 patrem
2973 5229 3044 5293 et
3094 5221 3457 5295 Dominum

61 5337 62 5340 ¹
199 5303 522 5390 Dominum
568 5320 696 5394 Dei
750 5331 818 5394 et
866 5320 1275 5417 Apostolice
1330 5320 1532 5394 Sedis
1588 5325 1804 5416 gratia
1859 5320 2471 5418 Arcbiepiscopum
2509 5322 3078 5415 strigoniensem.
3135 5337 3204 5397 et
3242 5329 3461 5423 ipsius

201 5407 439 5493 Domini
505 5421 992 5520 strigoniensis
1060 5425 1585 5523 Arcbiepiscopi
1653 5447 2045 5522 personam„
2118 5436 2188 5499 et
2240 5430 2461 5501 omnis
2533 5431 2865 5502 sententia
2920 5451 3013 5502 ex
3064 5429 3200 5504 boc
3249 5441 3321 5506 et
3363 5450 3463 5506 ex
