3950 5917
3340 366 3501 442 20⁷

175 565 412 658 ‚simus
454 568 768 662 princeps
820 565 1133 644 dominus
1185 565 1476 654 mathias
1515 566 1649 640 Dei
1679 570 1914 663 gracia
1966 568 2126 642 Rex
2158 568 2536 661 Hungarie‚
2588 568 2967 660 Dalmacie,
3021 568 3310 646 Croucic
3367 581 3497 662 ete.

189 667 527 744 Dominus
577 680 814 746 noster
865 672 1442 766 gmciosissimus,
1491 681 1569 754 vt
1620 673 1802 746 nullo
1855 694 2151 766 vuquam
2207 682 2515 768 tempore
2567 670 2656 744 ad
2710 672 3137 768 solucionem
3207 674 3494 772 alicuius

171 773 722 848 coutribuciouis
776 796 908 862 nos
944 784 1014 848 et
1045 777 1236 870 ipsos
1289 773 1708 870 Reguicolas
1760 776 2161 866 coarctabit,
2211 798 2344 848 uec
2381 775 2783 871 adstringet,
2836 779 3314 874 macir-rapiet„
3370 779 3497 852 sed

193 889 427 974 neque
494 887 696 974 petet.
806 876 948 951 Sed
1002 882 1221 973 magis
1272 882 1340 951 in
1397 879 1704 952 omnibus
1757 884 2049 975 antiquis
2102 878 2520 952 libertatibus
2576 889 2645 952 et
2694 867 2975 978 graciis}
3016 880 3284 982 quibus
3341 885 3496 958 sci·-

192 979 360 1053 licet
408 981 948 1077 predecessores
1010 986 1117 1056 sui
1168 982 1402 1078 Reges
1457 1005 1585 1055 uos
1640 994 1710 1055 et
1761 983 2010 1056 dIctum
2064 981 2376 1078 Regnum
2433 992 2815 1073 tenuerunt,
2892 975 3168 1056 realiter
3219 983 3495 1060 tenebit.
3547 1001 3551 1006 ’

193 1081 363 1157 Ideo
419 1107 548 1158 nos
601 1087 898 1158 vuauimi
979 1089 1272 1159 omnium
1354 1086 1702 1160 voluntate
1780 1108 1906 1188 pro
1979 1086 2244 1182 prefato
2327 1086 2600 1158 domino
2677 1097 2912 1161 nostro
2994 1087 3241 1159 Mathia
3296 1087 3495 1184 Rege

196 1185 645 1263 fideiubemus
716 1199 787 1261 et
835 1192 1276 1285 promittimus
1356 1193 1424 1263 iu
1479 1190 1696 1263 verbo
1777 1181 2084 1264 veritatis
2164 1215 2249 1264 ac
2326 1188 2504 1262 hona
2586 1187 2720 1262 fide
2801 1188 3175 1264 Christiana
3258 1202 3497 1268 nostra

193 1313 412 1386 penes
466 1291 798 1387 prefatum
853 1294 1194 1366 dominum
1244 1304 1549 1367 nostrum
1601 1294 1893 1388 Regem,
1948 1304 2027 1367 vt
2059 1299 2207 1391 ipse
2246 1319 2284 1368 a
2322 1292 2526 1367 modo
2584 1292 2908 1392 deinceps
2957 1296 3139 1372 nullo
3195 1318 3499 1390 vnquam

193 1404 507 1490 tempore
585 1419 712 1470 nos
782 1407 850 1467 et
904 1397 1121 1470 dictos
1201 1398 1619 1492 Regnicolas
1673 1397 1758 1470 ad
1815 1398 2233 1471 solucionem
2317 1399 2597 1469 alicuius
2680 1389 3207 1472 contribucionis
3289 1421 3496 1472 com-

196 1500 428 1594 pellet,
509 1522 641 1573 nec
693 1501 1090 1596 adstringet,
1171 1501 1295 1574 sed
1350 1505 1573 1573 omnia
1628 1506 1959 1597 premissa
2017 1502 2332 1575 effectiue
2387 1500 2795 1574 obseruabit.
2886 1502 3032 1575 Nos
3082 1525 3252 1576 vero
3307 1527 3496 1577 nun-

194 1625 395 1698 quam
452 1602 756 1676 dabimus
812 1605 1099 1699 aliquam
1155 1604 1757 1695 contribucionem‚
1808 1629 1940 1679 nec
1992 1609 2293 1702 irrapere
2347 1608 2837 1700 permittemus„
2908 1606 3144 1678 harum
3208 1616 3498 1680 nostra-

195 1729 342 1778 rum
395 1711 639 1800 uigore
693 1718 762 1779 et
811 1712 1196 1782 testimonio
1275 1710 1617 1781 literarum
1699 1708 2057 1783 mediante.
2162 1710 2406 1782 Datum
2477 1707 2668 1780 Bude
2749 1708 3093 1782 Sabbatho
3175 1713 3495 1805 proximo

196 1820 351 1906 post
406 1810 655 1884 festum
691 1814 1141 1886 Ascensionis
1185 1812 1455 1885 Domini
1510 1812 1713 1884 Anno
1769 1813 2076 1886 eiusdem
2129 1812 2488 1887 Millesimo
2544 1813 3209 1905 quadringentesimo
3267 1836 3491 1887 sexa-

199 1917 466 2007 gesimo
525 1915 848 1987 secundo.

185 2141 429 2217 (lactu
474 2143 840 2223 Siqillo-um
883 2147 1349 2225 impressorum.
1422 2153 1482 2207 cl
1510 2127 1760 2226 quidem
1805 2148 1874 2208 iu
1917 2166 2067 2207 cera
2112 2149 2307 2209 rubra
2369 2168 2628 2210 numero
2677 2167 2915 2218 norem,
2988 2151 3051 2210 iu
3102 2167 3246 2208 cera
3299 2149 3496 2213 nir-ida·

1542 2267 1803 2315 numero
1862 2256 2148 2329 sepiem.)

185 2461 334 2531 (hig.
369 2465 424 2514 in
463 2462 686 2515 Archivo
721 2463 894 2532 Regni·
920 2464 1171 2520 croatiae.
1228 2464 1361 2517 Priv.
1399 2462 1460 2516 N.
1496 2467 1581 2520 25.
1617 2512 1625 2518 .

1535 2759 1850 2768 *m
1867 2761 1886 2766 -
1923 2759 2049 2767 --οε

1618 3083 1964 3166 CXL}
1975 3087 2064 3164 1.

536 3402 742 3470 Anno
812 3398 1044 3470 1462.
1100 3399 1316 3469 Fer-ia
1372 3397 1443 3470 2.
1495 3404 1654 3491 pos!
1703 3398 1951 3486 festum
2005 3397 2457 3468 Ascensionis
2510 3395 2811 3465 Domini.
2888 3393 3155 3465 Budae.

191 3665 623 3742 Mathiae
719 3662 1028 3783 Regius
1111 3667 1693 3767 promissum
1792 3661 1901 3737 de
1998 3685 2177 3737 non
2275 3657 2769 3762 exigenda
2853 3655 3497 3762 abobilibus

187 3801 517 3906 Regni
615 3802 1175 3905 Hungariae
1260 3801 2007 3880 contributione
2072 3823 2314 3877 anno
2389 3794 2640 3875 1462.
2704 3795 3105 3899 factum7
3202 3806 3498 3895 atque

797 3945 1304 4045 speciatim
1370 3939 1703 4044 Regno
1769 3939 2307 4015 Slavoniae
2358 3945 2894 4012 exaratum.

2043 4208 2414 4268 Commissio
2456 4209 2724 4284 propria
2778 4206 3037 4267 Domini
3080 4204 3289 4283 Reyis.

507 4402 654 4476 Nos
708 4402 1018 4489 Mathias„
1073 4402 1202 4473 Dei
1255 4408 1486 4496 gracia
1543 4400 1700 4471 Rex
1751 4401 2127 4492 hungarie„
2184 4398 2556 4469 Dalmacie.
2617 4393 2904 4469 Croucie
2960 4405 3090 4466 etc.
3162 4393 3497 4472 Memorio

185 4507 754 4579 commendamus
810 4516 1044 4578 tenore
1099 4511 1524 4602 presencium
1602 4507 2066 4598 significantes
2138 4501 2376 4599 quibus
2450 4502 2726 4596 expedit
2796 4502 3157 4571 vniuersis.
3270 4501 3495 4592 Quod,

188 4614 348 4704 quia
407 4611 647 4682 fideles
704 4615 912 4682 nostri
967 4611 1240 4700 Prelati‚
1313 4613 1617 4683 Baroues
1674 4619 1742 4679 et
1792 4607 2075 4680 Nobiles
2147 4606 2340 4678 huius
2412 4608 2607 4698 regni
2663 4608 2874 4677 nostri
2928 4603 3272 4695 Hungarie
3328 4607 3495 4676 vni·-

189 4718 380 4786 uersi
451 4739 574 4811 pro
640 4720 1170 4810 recuperacione
1227 4718 1440 4788 Sacre
1499 4713 1771 4785 Corone
1827 4711 2022 4783 huius
2078 4710 2301 4803 Regni
2358 4713 2567 4780 nostri
2635 4713 2699 4780 in
2753 4708 2884 4779 bac
2939 4707 3495 4801 Congregalione

191 4821 502 4912 generali
577 4842 810 4892 eorum
875 4824 1171 4892 vuanimi
1228 4825 1519 4892 omnIum
1581 4819 1923 4888 voluntate
1981 4815 2539 4887 contributionem
2610 4815 2807 4885 vuius
2880 4809 3118 4882 floreni
3173 4815 3317 4884 auri
3372 4835 3493 4912 pro

193 4921 324 4994 bac
393 4927 553 4996 vice
608 4924 1059 4996 exoluendam
1134 4925 1654 5020 disposuerunt:
1761 4919 1926 5018 Ideo
1999 4941 2130 4992 uos
2183 4922 2250 4990 in
2306 4916 2523 4990 verbo
2582 4929 2813 4988 nostro
2892 4915 3142 5008 Regio„
3224 4941 3306 4988 ac
3362 4915 3493 4992 lide

193 5036 428 5099 nostra
513 5028 876 5102 christiana
927 5029 1291 5117 mediante,
1372 5030 1839 5125 promittimu8‚
1919 5026 2113 5119 ipsos
2190 5021 2504 5095 Prelatos
2559 5032 2628 5094 et
2680 5022 2988 5093 Barones
3059 5042 3143 5090 ac
3212 5021 3502 5096 Nobiles

195 5127 390 5203 buius
445 5131 668 5227 Regni
723 5136 936 5204 nostri
987 5133 1332 5229 Hungarie
1388 5131 1471 5201 ad
1529 5132 1936 5204 solutionem
2012 5125 2294 5200 alicuius
2369 5124 2878 5198 contributionis
2944 5123 3125 5195 nullo
3197 5149 3499 5219 vnquam

199 5242 503 5328 tempore
561 5234 1078 5324 coarctabimus,
1121 5262 1253 5310 nec
1304 5236 1801 5326 adstringemus
1858 5233 2144 5306 eosdem
2200 5252 2468 5328 quoquo
2526 5228 2756 5318 modo„
2805 5239 2872 5299 et
2908 5251 3130 5322 neque
3187 5242 3497 5325 petemus

196 5337 278 5406 ab
336 5344 438 5411 eis
495 5341 782 5434 aliquam
841 5341 1422 5420 contributionem„
1499 5338 1619 5410 sed
1693 5341 1910 5428 magis
1992 5341 2176 5432 ipsos
2233 5347 2301 5410 et
2354 5331 2721 5430 quemlibet
2792 5355 3027 5406 eorum
3081 5337 3146 5407 iu
3203 5337 3497 5438 antiquis
