3950 5917
3210 412 3495 516 .421.

130 620 207 685 et
232 610 599 686 Ordinibus
628 607 944 687 Croatiae
980 610 1361 701 submittet3
1414 612 1569 686 illos
1621 635 1794 686 vero
1840 614 2244 687 teloniorum
2277 611 2762 705 Possessores
2816 639 3099 712 quorum
3151 618 3441 694 Telonia

128 737 260 813 pro
318 717 738 808 necessariis
789 720 1073 810 praevio
1129 714 1332 790 modo
1385 718 1659 790 inventa
1711 725 1781 789 et
1815 716 2104 792 stabilita
2156 716 2430 809 fuerint
2484 718 2570 791 ad
2614 723 3115 816 reparationem
3164 745 3442 818 quoque

126 828 206 892 et
262 817 877 894 Conservationem
928 821 1191 893 viarum
1246 829 1317 891 et
1356 819 1691 910 Pontium,
1747 820 2385 918 observandumque
2439 832 2510 895 et
2548 845 2687 896 non
2741 824 3213 898 excedendum
3266 830 3439 922 ipsis

126 926 628 1020 praescriptum
680 922 1030 1017 Vectigal
1086 922 1573 996 extrahendum
1626 926 1785 998 item
1840 927 1941 1017 (si
1983 947 2132 1000 -non
2184 924 2472 1019 habent)
2527 926 2817 1019 Regium
2867 929 3219 1003 Teloniale
3270 931 3440 1004 Pri-

128 1027 491 1119 vilegium
545 1026 858 1122 adeoque
899 1025 1452 1100 satisfaciendum
1489 1025 1881 1122 obligationi
1918 1051 2112 1120 suae,
2158 1031 2355 1122 juxta
2389 1034 2798 1126 praecitatus
2832 1030 3060 1126 Leges
3115 1032 3440 1109 effective

18 1215 21 1232 Γ
128 1130 540 1225 adstringet,
623 1133 771 1206 sine
825 1129 1217 1225 praehabito
1271 1141 1494 1203 autem
1546 1129 1769 1226 Regio
1823 1131 2156 1206 Teloniali
2205 1133 2575 1227 Privilegio
2646 1134 2825 1206 nulla
2895 1159 3079 1209 nova
3147 1137 3438 1212 Telonia

17 2527 31 3100 Ρ

126 1236 315 1327 erigi
377 1235 696 1307 admittet.
784 1233 861 1306 In
911 1235 1172 1330 reliquo
1226 1243 1449 1306 autem
1510 1234 1856 1310 Officiales
1918 1233 2290 1312 Comitatus
2343 1246 2479 1309 tam
2531 1241 2599 1310 in
2662 1237 3029 1328 Concreto„
3103 1263 3301 1337 quam
3362 1245 3442 1317 in

133 1337 562 1428 Particum-i,
617 1339 838 1433 quivis
889 1338 1153 1410 illorum
1191 1347 1510 1434 respectu
1560 1341 1859 1414 muueris
1907 1349 1976 1413 et
2020 1339 2239 1412 Officii
2276 1362 2400 1415 seu
2436 1342 2850 1435 generaliter
2901 1366 2983 1415 ea
3037 1348 3241 1416 etiam
3296 1344 3441 1418 oh·-

126 1440 547 1533 servabunt,
598 1464 777 1538 ,quae
830 1440 1058 1535 Leges
1100 1441 1331 1537 ,Regni
1383 1442 1853 1538 praescribunt
1898 1453 1974 1517 et
2006 1443 2248 1536 iisdem
2305 1444 2738 1524 observanda
2788 1451 3226 1543 praecipiunt.

448 1596 644 1684 Quae
696 1599 921 1672 omnia
976 1606 1225 1686 autem,
1280 1607 1354 1670 ut
1398 1595 1630 1671 debite
1684 1597 2141 1674 observentur
2193 1609 2262 1671 et
2301 1602 2371 1673 in
2407 1600 2720 1674 effectum
2771 1601 3215 1690 deducantur„
3272 1603 3440 1678 Ad·-

130 1702 551 1778 ministrator
593 1700 811 1792 Officij
853 1700 1164 1797 Supremi
1202 1699 1482 1774 Comitis
1518 1701 1838 1776 Sedulam
1877 1726 1961 1775 ac
1999 1704 2387 1797 diligentem
2426 1703 2671 1777 Curam
2724 1704 3018 1793 habehit,
3070 1706 3440 1780 Articulo-

126 1826 268 1900 que
308 1805 428 1877 56.
464 1803 648 1878 Anni
678 1802 877 1878 1723
909 1805 1196 1902 alijsque
1229 1803 1456 1898 Regni
1486 1803 1810 1899 Legibus,
1856 1805 1943 1879 de
1980 1806 2241 1899 Officijs
2277 1807 2758 1903 Supremorum
2797 1807 3129 1882 Comitum
3165 1833 3441 1885 sonan-

130 1906 340 1999 tibus‚
394 1919 614 1983 semet
650 1918 898 1982 exacte
944 1908 1413 1998 conformabit3
1451 1918 1519 1981 et
1555 1933 1706 1982 cum
1747 1909 2119 1984 Comitatus
2159 1914 2359 1984 etiam
2397 1916 2734 2008 proprium
2777 1912 3083 2007 Sigillum
3138 1915 3443 1988 authen-

130 2013 342 2083 ticum
395 2011 648 2085 habere
702 2011 971 2103 debeat,
1035 2013 1219 2103 ideo,
1296 2023 1371 2085 ut
1412 2015 1695 2108 primum
1747 2013 2184 2110 Magistratus
2237 2017 2521 2111 praevio
2576 2016 2780 2089 modo
2834 2020 3171 2091 institutus
3227 2029 3295 2091 et
3349 2018 3443 2092 ad

132 2112 575 2190 Activitatem
610 2120 871 2213 positus
908 2115 1137 2203 fuerit,
1189 2139 1356 2189 mox
1390 2138 1512 2211 pro
1559 2117 1798 2212 Sigillo
1837 2118 1923 2191 ad
1956 2117 2385 2210 MaJestatem
2413 2117 2729 2193 Nostram
2769 2130 3142 2210 reccurret.,
3193 2131 3266 2195 et
3299 2145 3440 2200 unt

130 2222 343 2290 etiam
379 2222 754 2316 projectum
790 2222 966 2293 illius
1002 2219 1215 2294 Nobis
1271 2218 1656 2310 exhibebit3
1707 2224 1969 2295 interea
2008 2231 2231 2295 autem
2269 2224 2337 2294 in
2372 2222 2654 2319 publicis
2688 2223 3250 2320 Expeditionibus
3290 2228 3438 2300 suis

132 2321 380 2418 Sigillo
431 2323 1019 2398 Administratoris
1070 2334 1311 2397 utatur.
1415 2324 1504 2396 Et
1554 2277 1733 2397 ha’ec
1786 2337 1964 2412 sunt,
2018 2349 2193 2422 quae
2246 2321 2532 2420 praefati
2585 2325 2957 2402 Comitatus
3009 2328 3441 2423 Magistratui

131 2447 261 2522 pro
313 2427 766 2501 Instructione
835 2429 964 2501 hac
1030 2432 1190 2504 vice
1245 2438 1315 2500 et
1367 2428 1588 2502 donec
1667 2430 1863 2502 aliter
1930 2430 2489 2525 disposuerimus
2569 2430 2985 2505 extradanda
3059 2455 3220 2507 esse
3297 2433 3444 2506 du-

128 2552 363 2612 mus
414 2541 489 2604 et
541 2531 1004 2606 concedenda.
1108 2532 1350 2605 Datum
1400 2533 1742 2624 Viennae,
1814 2533 1923 2605 die
1982 2533 2048 2605 1.
2102 2533 2289 2626 Julij
2340 2534 2546 2607 Anno
2598 2534 2871 2609 Domini
2927 2533 3149 2609 1745.

420 2737 693 2813 Maria
746 2740 1137 2815 Theresia
1194 2762 1280 2811 m.
1334 2764 1398 2837 p.

1530 2906 1641 3001 (L.
1715 2907 1830 3000 S.)

1893 3115 2144 3188 Comes
2198 3113 2583 3188 Ludovicus
2641 3114 2726 3188 de
2779 3115 3115 3213 Batthyan
3168 3140 3255 3189 m.
3292 3139 3359 3213 p.

2142 3294 2554 3369 Franciscus
2605 3295 2841 3369 Keller
2891 3318 2978 3368 m.
3031 3319 3095 3391 p.

1621 3550 1678 3614 A
1718 3559 1897 3632 teu-90
1922 3577 1945 3612 .-

445 3742 524 3817 In
569 3745 787 3820 simile
841 3685 1190 3818 Ludo-vico
1246 3743 1490 3818 Comiti
1541 3743 1931 3832 Patachich,
1991 3766 2121 3839 qua
2180 3743 2513 3839 Supremo
2568 3740 2815 3816 Comiti
2866 3739 3238 3817 Comitatus
3272 3742 3438 3816 Ve—

128 3849 518 3939 roczensis‚
598 3857 669 3922 et
716 3847 953 3922 Marco
1024 3847 1426 3921 Alexandro
1506 3847 1757 3921 Baroni
1835 3846 1922 3921 de
1976 3846 2463 3942 Pejachevich,
2543 3870 2675 3945 qua
2752 3846 3069 3946 Supremi
3148 3845 3437 3922 Comitis

132 3950 356 4046 Officij
415 3951 833 4048 syrmiensis
884 3952 1453 4030 Administratori..

18 4171 19 4174 Ὺ
120 4206 293 4278 σομε.
329 4210 384 4262 ιη
418 4207 647 4262 marvo
684 4208 854 4278 Regni
886 4207 1147 4263 emmae.
1202 4208 1330 4262 Aa·
1366 4208 1534 4279 aegas
1570 4205 2002 4277 oongmgaaona
2037 4206 2105 4261 Α.
2142 4207 2295 4261 1745.
2333 4207 2393 4262 a.
2416 4209 2503 4262 ει.

1479 4584 2096 4616 ‘ffl—
