3950 5917
1570 915 1836 1003 cel„
1848 915 1999 1002 ΙΙ.

1016 1203 1223 1276 Auno
1282 1201 1323 1277 1
1338 1201 1517 1277 751.
1534 1167 1561 1194 ’
1591 1203 1706 1277 aee
1759 1201 1832 1278 2.
1879 1204 2169 1300 Aprilis.
2250 1203 2548 1277 molem:

135 1490 520 1574 Motiva
605 1499 700 1570 et
788 1491 1500 1597 reflectiones,
1578 1513 1695 1573 ex
1772 1493 2125 1599 quibus
2203 1494 2790 1574 inferiorum
2857 1490 3177 1599 Regni
3248 1492 3436 1573 Co-

132 1634 640 1712 mitatuum
738 1627 1262 1737 Ablegati,
1361 1632 1451 1710 iu
1544 1630 1853 1714 hocce
1933 1630 1992 1712 1.
2073 1631 2166 1712 D.
2246 1631 2685 1712 Statuum
2782 1639 2876 1710 et
2973 1628 3435 1712 Ordinum

134 1767 732 1875 Congressu
792 1747 1430 1875 praesentes,
1510 1771 1767 1851 ultra
1828 1782 2032 1851 tres
2108 1770 2588 1850 hactenus
2650 1769 3103 1875 ablegari
3183 1770 3436 1850 soli-

142 1917 329 2011 tos,
390 1905 645 1986 alios
709 1905 1025 1987 adhuc
1084 1919 1318 2015 tres,
1381 1909 1903 2014 etquidem
1966 1933 2072 1988 ex
2123 1912 2366 2013 ipsis
2431 1871 3095 1988 inferior-ibba
3139 1906 3437 1987 Comi-

132 2044 543 2150 tatibus,
587 2069 635 2125 e
682 2047 1090 2152 singulo
1151 2047 1644 2130 videlicet
1692 2072 1967 2127 unum
2015 2045 2488 2150 Nuntium,
2551 2050 2643 2124 in
2705 2045 3193 2152 qualitate
3245 2044 3435 2124 Re-

132 2187 309 2290 gni
367 2183 908 2265 Slavoniae
970 2183 1693 2292 Ablegatorum
1755 2185 1861 2265 ad
1940 2188 2592 2265 imminentem
2657 2193 2751 2263 et
2830 2182 3436 2264 subsecutu-

132 2346 294 2400 ras
409 2327 937 2404 continuas
1028 2322 1346 2431 Regni
1440 2324 2013 2432 Hungariae
2101 2323 2509 2404 Diaetas
2603 2324 2980 2402 exmitti
3080 2320 3439 2401 humil-

1376 2463 1600 2543 lime
1667 2463 2197 2568 postulant.

450 2727 520 2800 1.
624 2727 990 2802 Immortali
1045 2732 1318 2803 omnino
1399 2735 1726 2804 memoria
1808 2732 2012 2825 digna
2067 2743 2178 2808 est
2243 2733 2819 2807 Excellentissimi
2874 2743 2945 2804 et
2993 2732 3442 2807 Illustrissimi

136 2831 409 2907 Domini
461 2833 731 2905 Domini
786 2833 1067 2906 Comitis
1122 2833 1430 2907 Actualis
1482 2834 1654 2909 Bani
1722 2846 1792 2909 et
1860 2835 2264 2932 Pro-Regis
2335 2837 2814 2932 gloriosissimi
2883 2835 3437 2933 Inclytorumque

138 2936 446 3010 Statuum
499 2946 572 3008 et
622 2934 943 3010 Ordinum
993 2958 1202 3032 opera
1273 2948 1689 3036 paternaque
1744 2941 2157 3032 sollicitudo,
2237 2964 2366 3036 qua
2421 2943 2763 3015 mediante
2831 2941 3126 3035 longiori
3178 2941 3440 3013 Anno-

134 3063 284 3114 rum
339 3043 551 3129 serie,
631 3039 756 3111 sub
810 3038 1140 3134 gubernio
1198 3039 1649 3137 Complurium
1723 3043 2013 3116 antebac
2064 3044 2432 3131 Banorum,
2506 3044 2958 3117 desideratam
3039 3043 3442 3118 inferiorem

135 3143 356 3218 Incliti
463 3142 657 3216 huius
711 3143 935 3237 Regni
1007 3144 1379 3218 Slavoniae
1447 3145 1716 3218 Partem
1786 3151 2208 3243 incorporari
2264 3158 2331 3220 et
2398 3154 2467 3220 in
2541 3160 2678 3221 tres
2732 3148 3138 3222 Decretales
3194 3148 3440 3220 Comi-

130 3258 315 3320 tatus
398 3246 734 3321 subdividi
813 3259 1275 3344 procurarunt.
1380 3248 1468 3320 Et
1547 3254 1722 3321 sicut
1786 3252 2128 3322 exantlata
2198 3250 2586 3324 Eorundem
2659 3250 3069 3347 Inclytorum
3127 3251 3438 3322 Statuum

134 3362 427 3424 eatenus
482 3351 798 3424 salutaria
839 3351 1072 3424 Studia
1119 3361 1188 3424 et
1234 3355 1538 3449 impensa
1595 3352 1953 3426 multifaria
2009 3353 2242 3448 fatigia
2296 3377 2431 3426 non
2489 3355 2692 3428 modo
2746 3356 3244 3451 possessionati
3297 3352 3439 3424 ibi-

128 3453 297 3528 dem
345 3454 619 3528 Domini
645 3453 1068 3546 Terrestres,
1120 3478 1360 3530 verum
1417 3465 1487 3528 et
1535 3458 1682 3552 ipsa
1733 3457 1919 3531 rudis
1957 3456 2408 3530 Contribuens
2460 3457 2679 3553 plebs,
2732 3467 3049 3553 tanquam
3102 3454 3439 3550 gubernio

134 3558 470 3632 moderno
542 3559 751 3654 longe
804 3563 1024 3654 magis
1096 3582 1180 3631 ac
1233 3560 1520 3633 antehac
1574 3557 1933 3650 Contenta,
1986 3560 2479 3636 venerabunde
2533 3565 2866 3652 agnoscit,
2918 3565 3009 3634 ita
3066 3558 3445 3632 Comitatus

129 3661 428 3761 praefati
481 3662 565 3735 ab
617 3663 1001 3736 immediata
1056 3663 1292 3737 Banali
1344 3664 1921 3761 Dominorumque
1958 3665 2265 3739 Statuum
2318 3664 2803 3738 Jurisdictione
2857 3674 3078 3737 semet
3130 3667 3444 3758 nuspiam

128 3769 450 3840 eximere
522 3776 636 3839 aut
690 3789 1013 3863 separare
1070 3767 1483 3855 desiderant,
1563 3791 1802 3842 verum
1874 3775 2098 3867 potius
2177 3781 2492 3866 tanquam
2562 3775 2982 3864 neo-partos
3037 3770 3446 3840 conservari

130 3880 210 3944 et
261 3874 684 3943 manuteneri
739 3871 1140 3968 supplicant,
1196 3881 1396 3967 atque
1449 3871 1606 3944 hinc

453 3990 523 4064 2.
633 3990 917 4065 Constat
990 3991 1073 4068 11.
1144 3992 1291 4065 DD.
1372 3992 1670 4066 Statibus
1759 4004 1829 4067 et
1905 3993 2269 4069 Ordinibus
2367 4017 2463 4068 ex
2537 3998 2687 4090 ipsa
2767 3991 3065 4089 benigna
3153 3990 3443 4064 resolu-

130 4097 329 4168 tione
383 4093 629 4190 Regia,
709 4106 971 4190 partem
1024 4096 1205 4168 illam
1259 4095 1652 4191 inferiorem
1706 4097 1956 4192 Regni,
2037 4097 2235 4172 salvo
2290 4096 2377 4170 ad
2432 4097 2715 4172 Cassam
2769 4097 3081 4170 bellicam
3134 4099 3447 4194 perprius

133 4198 437 4295 dependi
492 4200 692 4272 solito
755 4199 983 4273 debito
1040 4200 1598 4276 Contributionali
1678 4201 1972 4292 Quanto,
2028 4202 2313 4298 aliisque
2367 4200 2895 4292 fundationibus,
2974 4200 3448 4275 contributio-

130 4303 366 4377 nalem
444 4302 1011 4396 respicientibus,
1089 4304 1410 4379 oneribus
1484 4305 1658 4379 ultro
1710 4305 2287 4401 permanentibus,
2340 4314 2411 4378 et
2463 4327 2599 4379 non
2653 4327 2860 4380 secus
2913 4308 3451 4401 incorporatam,

132 4405 652 4503 Comitatusque
724 4408 877 4481 illos
947 4411 1014 4481 in
1071 4407 1200 4480 hac
1278 4411 1522 4482 eadem
1603 4405 2162 4484 Contributionali
2228 4409 2563 4482 Materiali
2631 4408 2808 4482 Exc.
2865 4406 3167 4483 Consilio
3220 4407 3451 4503 Regio

124 4509 743 4584 Locnmtenentiali
781 4510 1256 4584 subordinatos
1295 4517 1633 4598 extitisse,
1670 4517 2137 4609 persistereve
2173 4512 2627 4600 etiammodo;
2661 4513 2786 4586 sed
2823 4523 2893 4586 et
2928 4511 3283 4586 recordari
3326 4513 3449 4586 di-

130 4624 437 4709 gnentur
486 4615 759 4688 Domini
813 4617 1069 4700 Status,
1126 4616 1303 4711 quod
1358 4622 1424 4690 in
1479 4618 1810 4691 Materiae
1847 4617 2441 4691 Contributionalis
2496 4620 3019 4712 perti-actionem
3072 4620 3451 4691 occasione

40 4735 55 4748 ·
124 4741 250 4808 ea,
310 4717 461 4790 dum
518 4720 605 4791 de
657 4721 1209 4815 incorporatione
1263 4720 1617 4816 agebatur,
1689 4721 2200 4819 Depntatosque
2270 4743 2434 4794 suos
2505 4723 2995 4806 instruxerunt,
3075 4743 3238 4794 sese
3307 4743 3448 4794 non

126 4825 564 4915 immiserint,
619 4825 776 4920 quin
820 4827 1042 4920 potius
1078 4845 1200 4919 pro
1238 4834 1430 4921 parte
1466 4824 1903 4920 superiorum
1956 4828 2157 4898 trium
2206 4824 2620 4922 Inclytorum
2658 4822 3106 4898 Comitatuum
3161 4828 3450 4921 specia-

126 4925 297 4999 liter
347 4937 781 5023 praecautum
839 4927 1275 5018 reddiderint,
1354 4949 1444 5002 ne
1494 4951 1672 5003 onus
1742 4925 1902 5002 illud
1960 4927 2538 5002 Contributionale
2592 4930 2659 5002 in
2711 4929 2837 5003 bas
2888 4936 3120 5025 partes
3175 4951 3450 5025 quoque

130 5029 346 5106 modo
402 5031 751 5106 derivetur
802 5043 873 5105 et
925 5054 1077 5105 cnm
1124 5032 1563 5130 Impositione
1617 5033 2059 5128 Superiorum
2111 5034 2307 5106 trium
2346 5030 2793 5106 Comitatuum
2833 5054 3240 5130 quocunqne
3285 5043 3452 5105 tan-

120 5132 299 5208 dem
355 5135 564 5210 modo
615 5139 686 5208 in
740 5133 1299 5209 communionem
1355 5134 1599 5210 abeat:
1708 5135 1966 5224 Quibus
2016 5139 2122 5210 sic
2166 5135 2498 5211 stantibus

455 5264 526 5339 3.
631 5264 843 5340 Extra
902 5267 1371 5364 quaestionem
1424 5273 1558 5354 est,
1612 5271 1747 5339 tam
1802 5267 2175 5340 occasione
2245 5268 2753 5357 imminentium,
2811 5287 3019 5362 qnam
3068 5265 3456 5341 futuros-nn

122 5368 370 5467 Regni
403 5369 794 5465 Hungariae
836 5368 1419 5465 comitiorum,.in
1450 5369 1738 5445 Materia
1780 5373 2134 5492 signanter
2169 5366 2753 5460 Contributionali,
2808 5373 2960 5443 sive
2995 5367 3246 5445 Active
3295 5373 3459 5470 sive
