3950 5917
3209 450 3214 455 ⁴
3310 415 3462 489 145

157 617 671 712 praerogativis,
722 626 1008 692 vestrae
1061 616 1368 691 fidelitati
1418 617 1776 714 indulgeri
1846 619 2182 694 debendis
2245 624 2571 696 maturius
2644 619 3029 711 deliberare
3096 623 3465 717 possimus.

154 716 381 791 Datum
436 716 822 813 Zagrabiae
876 717 1227 793 Sabbatho
1282 724 1597 817 proximo
1649 731 1809 796 ante
1845 722 2099 799 festum
2155 723 2576 820 Epiphaniae
2610 724 2907 798 Domini.
3002 723 3211 798 Anno
3264 726 3466 799 eius-

157 819 297 894 dem
346 819 715 897 Millesimo
771 819 944 895 000
995 826 1473 916 octuagesimo
1528 823 1857 898 secundo.

155 1035 337 1093 rurhu.
386 1037 651 1107 myricun
705 1039 920 1093 sncrun
953 1037 1010 1094 Τ.
1045 1038 1130 1094 Vl.
1167 1058 1220 1110 p.
1254 1041 1378 1094 453.

1630 1688 1967 1771 GVH.

993 2018 1201 2088 Anno
1263 2014 1498 2087 1381.
1554 2017 1669 2087 die
1720 2014 1797 2090 8.
1852 2018 2177 2111 Augusti.
2275 2016 2595 2088 Taurini.

42 2204 45 2333 l
157 2274 418 2355 Pacis
483 2302 528 2355 a
595 2275 871 2382 Rege
933 2275 1545 2383 Hungariae,
1607 2277 2316 2383 Januensibus,
2391 2272 2895 2359 Paduanis
2968 2288 3063 2357 et
3131 2277 3459 2358 Patri-

42 2338 45 2525 *
159 2413 541 2492 archatu
606 2412 1236 2519 Aquilegiensi
1299 2413 1693 2495 Taurini
1758 2415 2092 2495 factae
2154 2421 2956 2521 instrumentum,
3022 2440 3201 2521 quo
3275 2415 3459 2496 Lu-

42 2534 45 2551 *
157 2548 534 2655 dorico,
632 2549 1242 2657 Hungariae,
1336 2552 1872 2632 Dalmatiae
1966 2564 2060 2632 et
2147 2551 2604 2633 Croatiae
2699 2551 2945 2658 Regi
3058 2562 3152 2632 et
3244 2554 3458 2658 ejus

258 2686 1027 2767 successoribus
1088 2688 1625 2768 Dominium
1686 2694 1991 2769 totius
2054 2689 2595 2770 Dalmatiae
2660 2691 3335 2771 confirmatur.

435 2958 519 3032 In
581 2956 830 3033 Christi
882 2962 1187 3048 nomine,
1237 2970 1518 3033 sanctae
1572 2970 1642 3033 et
1695 2959 2088 3034 individuae
2137 2960 2510 3044 Trinitatis..
2587 2962 2810 3036 Patris
2864 2972 2935 3036 et
2976 2961 3125 3054 Filij
3184 2971 3254 3035 et
3288 2960 3459 3058 Spi-

166 3060 302 3133 ritus
336 3060 605 3151 Sancti,
662 3071 732 3133 et
767 3062 1117 3155 gloriosae
1145 3062 1449 3158 Virginis
1499 3065 1733 3138 matris
1771 3068 1950 3155 eius,
2004 3086 2089 3137 ac
2120 3068 2329 3138 totius
2367 3069 2599 3137 curiae
2645 3064 3112 3163 Supernorum
3162 3063 3462 3140 feliciter

168 3163 377 3237 Amen.
485 3166 703 3237 Anno
773 3164 1177 3238 Dominicae
1247 3170 1618 3241 nativitatis
1680 3167 2043 3241 millesimo
2115 3171 2602 3242 trecentesimo
2685 3172 3156 3263 octuagesimo
3209 3171 3459 3264 primo,

168 3262 504 3342 indictione
560 3278 826 3362 quarta,
896 3267 1008 3342 die
1060 3268 1290 3361 Jovis,
1357 3281 1610 3343 octavo
1664 3272 1924 3343 mensis
1978 3269 2304 3361 Augusti,
2373 3280 2531 3344 ante
2587 3281 2656 3343 et
2708 3274 2892 3344 circa
2947 3271 3116 3345 hora
3171 3270 3458 3367 Vespe-

164 3388 381 3459 rorum,
434 3375 509 3443 in
571 3373 850 3443 civitate
903 3370 1206 3463 Taurini,
1259 3376 1661 3468 provinciae
1712 3371 2248 3469 pedemontium,
2301 3376 2370 3445 in
2426 3383 2682 3465 castro,
2719 3378 2790 3447 in
2844 3396 2978 3470 quo
3032 3374 3317 3447 illustris
3371 3395 3459 3446 ac

44 3472 49 3561 Ι
164 3468 541 3567 Magnificus
581 3473 911 3569 Princeps
967 3473 1279 3550 dominus
1336 3477 1648 3550 dominus
1700 3474 2057 3549 Amadeus
2113 3473 2393 3564 Comes,
2448 3473 2837 3549 Sabaudiae
2889 3477 3246 3572 Princeps,
3292 3475 3460 3550 Dux

162 3571 473 3674 Ceblaysij
566 3585 635 3648 et
686 3577 1073 3671 Augustae,
1155 3588 1225 3650 et
1274 3577 1582 3651 Marchio
1661 3577 1898 3652 Italiae
1981 3601 2174 3653 suam
2252 3578 2692 3653 residentiam
2774 3578 3098 3671 faciebat,
3178 3589 3250 3652 et
3299 3581 3457 3653 aula

162 3682 367 3752 maiori
418 3681 588 3753 dicti
643 3683 872 3754 castri.
976 3680 1466 3757 Praesentibus
1519 3681 1957 3757 Reverendis
2010 3684 2080 3755 in
2135 3680 2405 3758 Christo
2459 3682 2772 3756 Patribus
2824 3682 3136 3757 Dominis
3185 3681 3457 3758 Joanne

157 3776 469 3879 Episcopo
525 3782 964 3874 Taurinensi,
1016 3783 1323 3880 Philippo
1376 3784 1723 3881 Episcopo
1777 3785 2229 3878 Trosselano,
2303 3784 2617 3861 Guidone
2670 3785 2942 3862 Abbate
3022 3786 3258 3861 Sancti
3310 3786 3455 3859 Mi-

160 3882 385 3961 chaelis
440 3885 724 3961 Clissini
776 3896 907 3959 etc.
964 3929 1065 3939 —
1117 3929 1223 3942 —-
1275 3931 1378 3942 --
1432 3888 1620 3963 Visis
1678 3892 1908 3980 etiam,
1961 3898 2035 3960 et
2087 3889 2308 3964 studio
2358 3888 2726 3985 frequenti,
2780 3900 3042 3963 matura
3099 3890 3456 3962 delibera-

160 3988 313 4061 tione
359 3993 669 4087 pensatis
725 4012 810 4061 ac
861 3993 1266 4063 examinatis
1319 3991 1605 4088 proinde
1659 3990 2123 4087 petitionibus,
2205 3989 2589 4083 demandis,
2644 4002 2714 4064 et
2751 3993 3037 4086 singulis
3092 3994 3455 4088 quaestio-

158 4088 322 4164 uibus
373 4102 444 4165 et
500 4094 897 4188 quaerellis,
951 4116 1037 4165 ac
1073 4098 1275 4166 etiam
1331 4092 1898 4191 responsionibus
1952 4104 2023 4166 et
2058 4092 2581 4190 exceptionibus
2635 4092 2837 4168 factis
2893 4093 3227 4168 subtiliter
3295 4092 3455 4166 binc

159 4201 215 4263 et
254 4195 431 4288 inde,
484 4200 683 4290 ipsae
735 4207 991 4291 partes,
1047 4198 1372 4270 videlicet
1421 4197 1819 4272 Reverendi
1871 4200 1941 4270 in
1996 4194 2268 4269 Christo
2320 4195 2562 4270 Patres
2633 4207 2704 4269 et
2762 4195 3064 4286 Domini,
3135 4195 3454 4271 dominus

160 4292 530 4373 Valentinus
562 4298 1353 4394 QuinqueecclesiensiS,
1409 4301 1841 4376 decretorum
1879 4300 2171 4391 Doctor,
2224 4308 2295 4373 et
2349 4299 2661 4374 dominus
2711 4299 2962 4374 Paulus
3015 4297 3455 4393 Zagrabien-

156 4400 237 4473 sis
281 4400 634 4498 Episcopi,
712 4413 1223 4496 procuratores,
1305 4414 1607 4496 actores,
1677 4404 1886 4496 nuntij
1964 4413 2035 4476 et
2102 4403 2316 4497 legati
2367 4401 2815 4476 Serenissimi
2889 4412 2964 4476 et
3011 4401 3455 4476 Invictissimi

156 4496 455 4601 Principis
510 4515 583 4579 et
635 4503 888 4577 domini
941 4505 1195 4579 domini
1247 4506 1582 4583 Ludovici
1659 4507 1793 4580 Dei
1845 4509 2066 4600 gratia
2119 4505 2541 4601 Hungariae,
2609 4505 2969 4596 Poloniae,
3039 4503 3453 4597 Dalmatiae,

158 4599 518 4697 Chroatiae,
569 4607 860 4699 Ramae,
914 4607 1236 4700 Serviae,
1293 4609 1608 4701 Galitiae,
1659 4609 2145 4702 Lodomeriae,
2198 4608 2592 4705 Bulgariae,
2647 4607 3154 4703 Cumaniaeque
3200 4605 3448 4701 Regis,

156 4702 454 4808 Principis
508 4711 920 4785 salernitani
1027 4723 1097 4785 et
1149 4713 1433 4790 honoris
1512 4719 1762 4788 montis
1844 4711 2082 4786 Sancti
2161 4713 2420 4806 Angeli
2470 4712 2770 4802 Domini,
2846 4713 3321 4806 procuratorio
3377 4720 3450 4785 et

159 4818 386 4888 actorio
439 4819 715 4888 nomine
785 4814 1076 4911 praefati
1126 4816 1402 4890 Domini
1454 4817 1697 4912 Regis,
1769 4814 2105 4890 habentes
2160 4815 2250 4889 ad
2300 4814 2733 4910 infrascripta
2787 4815 3065 4909 plenum
3119 4825 3190 4889 et
3244 4814 3451 4889 suffi-

162 4915 322 4991 ciens
370 4919 781 5010 mandatum,
844 4930 1046 5014 prout
1091 4930 1362 4995 constat
1412 4919 1699 5017 publicis
1749 4920 1967 4993 literis
2020 4921 2236 5013 regiis
2289 4939 2541 5012 magno
2597 4917 2822 5011 sigillo
2875 4916 3256 4993 Maiestatis
3293 4916 3450 4989 Re-

162 5018 291 5106 giae
350 5022 657 5115 sigillatis
708 5023 778 5095 in
828 5021 1179 5118 pendenti,
1251 5022 1427 5098 datis
1479 5024 1717 5098 Budae
1777 5026 1846 5095 in
1897 5022 2161 5095 Palatio
2215 5021 2463 5115 Regali
2534 5019 2801 5094 decima
2871 5025 3072 5095 tertia
3126 5020 3184 5093 F
3185 5017 3450 5092 ebrua-

162 5120 249 5210 rii,
294 5125 645 5198 millesimo
698 5128 1186 5199 trecentesimo
1242 5131 1761 5221 octuagesim03
1814 5147 2099 5221 quarum
2151 5134 2353 5199 tenor
2402 5122 2690 5199 inferius
2745 5134 2855 5198 est
2895 5128 3215 5197 insertus.
3272 5118 3446 5193 Cum

166 5221 368 5313 quibus
421 5226 712 5302 dominis
767 5227 1270 5322 ProcuratoriJs
1305 5229 1551 5325 Regiis
1604 5229 2120 5326 fuit'praesens
2175 5230 2504 5322 egregius
2557 5227 2872 5301 dominus
2921 5225 3232 5299 Joannes
3283 5223 3447 5296 Do-

168 5327 358 5400 minici
408 5329 498 5403 de
547 5330 874 5423 Pastoch,
951 5333 1150 5407 miles
1224 5333 1424 5407 aulae
1493 5332 1788 5428 Regiae,
1864 5335 1978 5429 qui
2032 5354 2186 5405 cum
2241 5330 2440 5407 dictis
2496 5331 2787 5406 dominis
2838 5325 3450 5404 Ambaxiatorihus

338 5488 487 5556 (rm
519 5488 557 5543 ι.
598 5489 769 5545 mvn.
802 5500 857 5544 οι
888 5490 1107 5561 men.)
2872 5456 2976 5532 19
