3950 5917
3268 421 3422 501 193

143 631 323 709 nudi
370 643 439 707 et
486 633 904 731 exunt-pandi
982 634 1330 709 hereticos
1377 645 1820 710 memoratos.
1915 634 2202 730 Nosque
2255 633 2693 708 aduertentes
2747 641 2820 706 et
2870 632 3093 707 oculis
3164 635 3422 706 nostris

151 736 468 814 visibiliter
518 742 1024 834 conspicientes
1095 750 1437 828 oratores,
1508 740 2050 814 ambasciatores
2102 748 2175 812 et
2223 738 2495 834 legatos
2566 740 2863 810 omnium
2915 735 3298 832 Principum
3353 743 3425 808 et

147 839 503 936 Regnorum
555 839 708 915 fere
749 846 957 919 totius
994 841 1514 918 Christianitatis
1566 849 1634 918 in
1679 848 1834 940 ipso
1869 843 2093 916 Sacro
2131 841 2441 917 Concilio
2495 845 2927 930 constitutos,
2978 848 3423 937 preattactam

148 947 330 1041 ipsius
394 944 592 1018 Sacri
643 945 933 1020 Concilii
1004 949 1498 1022 ordinationem
1569 947 1956 1022 nominibus
2023 946 2411 1042 Principum
2471 956 2541 1020 et
2591 944 3016 1041 Regnorum,
3088 965 3128 1015 a
3182 940 3425 1039 quihus

150 1051 311 1122 nissi
359 1059 539 1138 sunt,
609 1050 1003 1125 affectuosis
1073 1052 1534 1126 voluntatibus
1602 1062 2038 1148 acceptasse,
2110 1050 2631 1125 considerantes
2699 1049 3132 1123 nihilominus
3203 1051 3424 1143 ipsum

59 1149 60 1158 ’
152 1173 401 1245 regnum
449 1162 760 1228 nostrum
809 1155 1161 1250 Hungarie
1212 1159 1506 1230 vicinius
1558 1161 1975 1252 grauiusque
2028 1155 2408 1246 insultibus,
2461 1176 2600 1227 non
2655 1155 2876 1228 solum
2927 1155 3232 1250 ipsorum
3286 1150 3425 1223 he-

152 1261 505 1347 reticorum,
557 1279 800 1331 verum
854 1261 1057 1332 etiam
1109 1258 1488 1333 Turcorum
1540 1270 1612 1334 et
1662 1261 1949 1332 aliorum
2021 1260 2396 1333 emulorum
2465 1267 2857 1332 nostrorum
2923 1255 3304 1353 perturbari
3356 1263 3429 1327 et

59 1459 60 1464 Ἰ
153 1358 426 1450 lacerari,
482 1382 686 1455 quam
737 1363 867 1435 alia
920 1386 1136 1459 regna
1192 1368 1589 1454 remotiora,
1643 1387 1776 1460 que
1814 1363 1900 1436 ad
1954 1364 2327 1436 eorundem
2381 1363 2838 1436 hereticorum
2893 1360 3427 1435 destructionem

155 1472 208 1533 et
248 1462 739 1538 diminutionem
792 1466 1273 1558 anhelantium,
1338 1467 1708 1563 predictam
1766 1471 2266 1563 impositionem
2319 1477 2390 1540 et
2441 1467 2936 1541 ordinationem
2988 1463 3238 1537 nedum
3292 1484 3426 1535 ac-

158 1577 418 1662 ceptare,
470 1590 716 1642 verum
766 1575 986 1665 magis
1038 1569 1190 1644 fieri
1240 1593 1613 1668 procurare
1664 1579 2044 1669 cupierunt,
2094 1595 2229 1644 vna
2287 1570 2805 1644 cum·fidelibus
2855 1571 3111 1642 nostris
3167 1566 3430 1640 Consi-

159 1668 331 1745 liariis
381 1670 738 1750 nobiscum
790 1673 902 1747 hic
956 1674 1406 1750 existentibus
1460 1687 1722 1750 mature
1777 1676 2143 1771 superinde
2198 1675 2654 1748 deliberantes
2719 1674 3177 1762 decreuimus,
3247 1694 3431 1743 ean-

157 1770 279 1846 dem
326 1774 841 1872 dispositionem
893 1790 1131 1853 nostro
1186 1790 1257 1851 et
1307 1784 1506 1874 regni
1559 1784 1776 1854 nostri
1825 1779 2178 1874 Hungarie
2229 1791 2300 1852 et
2352 1779 2635 1853 aliorum
2686 1777 3087 1872 Regnorum
3138 1784 3429 1848 nostro-

59 1955 60 1970 ,
158 1896 273 1948 rum
319 1879 700 1954 nominibus
754 1883 1242 1956 rationabiliter
1294 1885 1808 1981 acceptandam,
1861 1906 1997 1956 uec
2049 1884 2270 1980 aliqua
2326 1905 2533 1957 causa
2588 1883 2876 1955 honesta
2931 1879 3234 1954 refutare
3287 1879 3426 1952 de-

59 2031 60 2092 3
154 1976 444 2073 bendum,
524 2006 677 2056 cum
728 1988 794 2056 in
850 1984 986 2059 hoc
1036 1994 1345 2081 negotio,
1399 1992 1757 2084 presertim
1815 1991 2029 2084 ipsius
2082 1991 2281 2081 regni
2323 1991 2541 2063 nostri
2592 1985 2967 2082 Huugarie,
3019 1987 3211 2058 cuius
3263 2005 3425 2054 ma·-

153 2091 2631 2287 {staff-¹¹2,tsszszsszssssmzixwss'z'iss‘ssszffi:²¹31&xstitit-³
2670 2090 2954 2267 52¹le
2980 2098 3425 2266 0¹:⁰22AE

154 2293 465 2367 cuiuslibet
523 2294 912 2372 firmissimo
966 2299 1205 2375 damus
1260 2299 1386 2374 sub
1440 2301 1695 2388 edicto,
1749 2311 2083 2397 quatenus
2136 2303 2359 2372 statim
2408 2303 2584 2373 visis
2636 2296 3095 2394 presentibus,
3141 2295 3426 2367 dilatio-

152 2393 312 2470 nibus
362 2409 430 2471 et
485 2399 929 2495 subterfugiis
998 2404 1238 2498 procul
1290 2408 1521 2496 motis,
1600 2404 1688 2477 ad
1738 2414 2184 2501 preattactam
2249 2407 2752 2500 impositionem
2804 2404 3018 2498 ipsius
3082 2402 3426 2495 quinqua-

154 2503 380 2590 gesima
432 2513 511 2575 et
561 2505 845 2578 aliarum
893 2510 1396 2602 impositionum
1450 2511 1764 2605 superius
1818 2508 2340 2596 declaraturum,
2393 2508 2508 2581 vel
2563 2510 2623 2583 si
2659 2506 3093 2579 considerata
3147 2505 3426 2596 magni-

152 2603 342 2677 tudine
407 2629 818 2702 guerrarum
885 2633 1104 2706 regno
1177 2622 1416 2686 nostro
1483 2636 1576 2686 ex
1627 2623 1820 2707 parte
1889 2616 2193 2708 ipsorum
2264 2611 2689 2685 Hussitarum
2763 2619 2832 2682 et
2891 2609 3268 2682 Turcorum
3341 2627 3429 2678 ac

59 2791 60 2794 Ἴ
153 2704 392 2781 aliorum
444 2713 830 2785 emulorum
881 2717 1335 2808 ingruentium
1407 2717 1710 2812 predicta
1779 2719 2122 2813 impositio
2193 2739 2401 2814 parua
2457 2715 2611 2789 fore
2662 2718 2817 2788 visa
2871 2712 3099 2801 fuerit,
3171 2720 3427 2783 extunc

59 2815 60 2878 ?
153 2813 405 2888 maiores
455 2818 939 2911 impositiones
1008 2820 1380 2893 secundum
1438 2820 1997 2918 deliberationem
2052 2821 2501 2910 Prelatorum,
2571 2819 2915 2892 Beronum
2967 2826 3039 2889 et
3087 2819 3425 2910 regnico-

59 2985 60 2990 ,
149 2910 324 2988 lurum
369 2928 766 2993 nostrorum
815 2922 1187 3015 limitando,
1258 2945 1352 2997 ex
1404 2924 1630 2998 medio
1682 2934 1921 2997 vestre
1973 2928 2439 2998 vniuersitatis
2511 2933 2739 2996 certas
2792 2931 2863 2994 et
2911 2921 3199 2993 idoneas
3251 2940 3427 3015 per-

61 3057 62 3068 1
151 3035 325 3094 sonas
370 3021 787 3118 fidedignas,
837 3025 1122 3102 Nobiles
1175 3028 1543 3119 notabiles,
1598 3038 1668 3102 et
1720 3051 1932 3126 super
1979 3032 2334 3125 premissis
2385 3032 2720 3101 rationem
2776 3024 2978 3100 dandi
3030 3024 3425 3098 facultatem

61 3135 62 3138 ’
149 3115 458 3219 babentes,
523 3131 638 3222 qui
687 3129 890 3203 vobis
941 3135 1077 3205 visi
1128 3131 1405 3225 fuerint,
1456 3132 1720 3226 eligere
1773 3142 1844 3205 et
1894 3132 2222 3228 deputare
2275 3132 2613 3221 debeatis,
2667 3134 2780 3228 qui
2832 3129 3158 3203 videlicet
3209 3129 3429 3202 dictas

61 3243 62 3246 ’
150 3222 583 3319 impositiones
646 3231 730 3305 ab
781 3237 1126 3310 vniuersis
1181 3246 1253 3310 et
1303 3237 1589 3331 siugulis
1642 3241 2018 3332 prenotatis
2087 3241 2388 3311 cuiusuis
2443 3247 2657 3311 status
2712 3245 2782 3307 et
2824 3234 3233 3306 conditionis
3285 3231 3428 3304 ho-

61 3369 62 3412 ;
153 3328 393 3406 minibus
441 3338 526 3408 in
578 3336 884 3431 predicto
939 3336 1277 3413 Comitatu
1332 3344 1821 3436 possessiones
1875 3341 2187 3413 Seculari
2236 3345 2387 3415 iure
2437 3339 2838 3413 habentibus
2894 3348 2964 3409 et
3016 3333 3428 3425 tenentibus,

61 3517 62 3522 Ἰ
151 3434 342 3524 quoad
383 3436 764 3515 Seculares
814 3464 1154 3538 personas
1205 3443 1557 3536 duntaxat,
1611 3444 1865 3533 dicent,
1920 3448 2203 3539 exigant
2254 3455 2328 3517 et
2378 3452 2833 3539 congregent,
2905 3451 2975 3514 et
3022 3440 3109 3512 de
3164 3438 3429 3511 eisdem

155 3539 483 3615 secundum
564 3548 958 3620 vuanimem
1035 3558 1106 3622 et
1173 3547 1591 3622 concordem
1669 3548 2169 3624 ordinationem
2239 3558 2308 3621 et
2376 3550 2932 3624 commissionem
3011 3546 3428 3616 vicariorum

151 3651 528 3736 nostrorum,
584 3658 657 3721 et
706 3661 1037 3739 vestram,
1092 3661 1613 3747 ceterorumque
1664 3651 1964 3725 fidelium
2016 3652 2521 3747 regnicolarum
2599 3661 2988 3725 nostrorum
3057 3656 3303 3741 gentes
3358 3654 3431 3717 et

150 3736 421 3822 homines
476 3754 968 3844 exercituales,
1037 3758 1106 3828 in
1159 3755 1368 3830 rebus
1432 3755 1696 3830 bellicis
1748 3754 1929 3830 bene
1980 3760 2266 3853 peritos,
2317 3779 2457 3831 vna
2511 3778 2664 3828 cum
2719 3749 3090 3850 Spectabili
3145 3760 3215 3823 et
3262 3748 3429 3823 Ma-

61 3947 62 3960 ]
150 3847 368 3937 gnifico
441 3853 870 3949 Hermanno,
949 3856 1119 3933 Cilie
1172 3869 1244 3933 et
1292 3859 1592 3955 Zagorie
1661 3858 1954 3952 Gemite,
2031 3860 2393 3957 Regnique
2470 3863 2690 3935 nostri
2768 3857 3137 3931 Sclauonie
3207 3854 3429 3945 Bano,

61 3971 62 3976 ’
149 3967 365 4028 moero
432 3968 677 4035 nostro
747 3962 1150 4037 charissimo
1205 3974 1277 4038 et
1325 3963 1511 4038 fideli
1559 3967 1832 4038 sincere
1895 3963 2172 4055 dilecto,
2241 3967 2361 4040 vel
2413 3967 2563 4039 eius
2615 3961 2970 4036 Vicebano
3024 3982 3150 4036 seu
3202 3958 3429 4030 Vice-

61 4099 62 4102 π
149 4061 364 4132 vomite
435 4059 812 4141 Comitatus
882 4065 1165 4161 predIcti
1218 4122 1430 4141 .....
1486 4067 1803 4141 adiuncto
1876 4066 2006 4142 sibi
2079 4069 2306 4164 aliquo
2369 4069 2459 4143 de
2510 4072 2729 4143 vestri
2798 4064 3026 4139 medio
3097 4085 3223 4161 per
3292 4083 3428 4136 vos

147 4154 431 4253 Qendo
494 4170 666 4263 ipsis
717 4170 1033 4262 gentihus
1086 4170 1617 4246 exercitualibus
1685 4193 1812 4269 pro
1871 4169 2246 4269 Capitaneo
2303 4227 2657 4246 ........
2714 4170 3023 4244 similiter
3072 4171 3160 4244 de
3211 4171 3433 4244 vestri

147 4264 343 4339 medio
417 4271 846 4367 stipendietis
915 4285 987 4348 et
1055 4280 1585 4373 appromptuetis
1657 4277 1882 4349 taliter
1933 4332 1951 4349 .
1982 4332 2000 4350 .
2029 4331 2047 4348 .
2102 4298 2259 4351 cum
2312 4331 2521 4351 .....
2550 4277 2872 4370 ligenciu,
2950 4281 3029 4347 vt
3087 4278 3157 4348 in
3210 4283 3434 4349 estate

145 4374 415 4456 presenti
463 4383 778 4473 tempore
830 4377 1057 4452 debito
1103 4379 1437 4456 aduersus
1490 4380 1712 4455 dictos
1745 4379 2012 4454 Turcos
2048 4390 2163 4454 aut
2196 4380 2570 4472 hereticos,
2623 4402 2749 4455 seu
2784 4380 2958 4451 alios
2994 4381 3289 4469 emulos,
3342 4377 3433 4451 ad

148 4486 557 4575 l1¹¹⁸⁸⁴=¹11111ue
615 4491 847 4577 partes
915 4485 1138 4579 magis
1189 4505 1489 4559 necesse
1538 4482 1769 4575 fuerit,
1838 4507 1980 4558 vna
2032 4507 2188 4558 cum
2241 4484 2504 4559 eisdem
2556 4482 2941 4582 procedere
3007 4484 3308 4573 ualeant,
3359 4490 3435 4556 et

147 4589 257 4648 ¹⁰⁸
289 4599 334 4674 p
359 4632 765 4659 .........
816 4590 885 4660 in
920 4584 1116 4661 hreni
1147 4591 1626 4685 proposuimus
1677 4611 1832 4662 cum
1886 4590 2159 4663 auxiliis
2212 4590 2582 4663 earundem
2637 4592 2938 4684 gentium
2975 4587 3064 4661 ad
3100 4587 3427 4660 destruc-

148 4675 374 4755 iiouem
425 4684 760 4763 dictorum
812 4689 1190 4765 Turcorum
1242 4714 1329 4769 ac
1379 4692 1864 4784 hereticorum,
1937 4710 2068 4769 seu
2119 4693 2407 4766 aliorum
2476 4694 2855 4767 emulorum
2923 4696 3214 4789 prompti
3265 4712 3433 4765 esse

147 4782 501 4902 mimus,
551 4794 991 4889 prouidentes
1042 4806 1298 4887 tamen,
1366 4806 1447 4872 vt
1495 4799 1628 4893 ipsi
1678 4818 1805 4894 per
1851 4818 1985 4871 uos
2039 4796 2340 4894 deputati
2387 4796 2732 4894 predictas
2804 4796 3135 4870 collectas
3203 4817 3431 4891 pecu-

149 4885 342 4964 males
408 4897 771 4993 superfluis
835 4903 1168 4995 expensis
1219 4921 1429 4997 super
1478 4921 1606 4976 eos
1659 4897 1905 4974 fiendis
1956 4922 2099 4974 non
2148 4903 2479 4991 minuant,
2546 4923 2770 4997 neque
2840 4910 3134 4995 grauent
3180 4922 3335 4990 eos,
3388 4923 3431 4973 a

153 4990 364 5080 {uibus
413 5011 612 5076 erunt
662 5002 1031 5098 exigende.
1138 5003 1585 5102 Quidcunque
1634 5026 1812 5079 vero
1866 5026 1961 5077 ex
2012 5003 2397 5079 huiusmodi
2447 5007 2756 5103 pecuniis
2810 5027 2851 5077 a
2907 5003 3434 5100 stipendiatione

154 5101 215 5168 Gt
236 5110 762 5200 promptuatioue
813 5110 1116 5204 gentium
1170 5109 1685 5183 exercitualium
1736 5107 2024 5182 forsitan
2074 5107 2422 5183 residuum
2464 5108 2695 5202 fuerit,
2749 5108 2925 5206 apud
2978 5129 3220 5182 manus
3272 5106 3432 5181 dic-

153 5199 346 5275 ¹⁰mm
395 5209 839 5285 collectorum
891 5234 1016 5289 seu
1070 5212 1357 5287 aliorum
1409 5208 1652 5288 fideles
1702 5234 1971 5303 manus,
2024 5220 2229 5309 provt
2277 5210 2479 5288 vobis
2531 5215 2755 5289 visum
2801 5211 3034 5303 fuerit,
3081 5234 3206 5309 pro
3238 5211 3435 5286 vlte-

151 5302 417 5384 rioribus
469 5314 861 5391 vtilitafibns
913 5327 986 5391 et
1035 5314 1553 5392 defensionibus
1623 5316 1785 5390 dicti
1836 5315 2064 5411 Regni
2115 5319 2334 5391 nostri
2384 5316 2734 5414 Hungarie
2800 5316 3178 5414 disponatis
3247 5336 3433 5390 con-

155 5412 555 5490 seruandum.
658 5417 975 5495 Ceterum
1030 5427 1185 5495 cu‘m
1238 5441 1334 5496 ex
1384 5422 1614 5500 musis
1667 5423 1962 5496 animum
2013 5429 2322 5497 nostrum
2374 5420 2846 5498 inducentibus
2917 5423 3139 5510 sigilla
3194 5429 3432 5499 nostra

335 5548 487 5615 (rm
517 5551 555 5605 ι
587 5555 761 5609 mvn
793 5562 850 5608 οι
876 5553 1098 5625 mm)
2913 5526 3014 5602 25
