3950 5917
1650 661 1823 732 Nota
1877 670 2156 751 quam
2198 671 2274 733 e·
2314 651 2650 751 mm.-

802 827 1007 924 „Hoc
1057 804 1448 924 exemplum
1500 838 1611 902 est
1662 838 1998 923 sumptum
2053 832 2204 902 siue
2255 830 2732 923 transcriptum
2775 849 2872 900 ex
2906 825 3204 923 quodam
3252 839 3618 906 montaneo
3671 852 3824 910 u·-

490 935 899 1030 tiquissimo‚
951 935 1019 1008 in
1058 954 1193 1027 quo
1231 940 1388 1004 sunt
1439 954 1640 1026 quam
1674 932 1866 1027 plura
1916 930 2291 1026 Privilegia
2340 930 2618 1027 Papalia
2669 941 2741 1004 et
2771 928 3066 1025 Regalia
3115 935 3480 1027 ωηο
3535 937 3822 1030 scripta,

486 1039 765 1132 aliaque
814 1040 963 1110 iura
999 1036 1301 1111 ecclesie
1339 1045 1408 1108 et
1443 1034 2097 1131 Archiepiscopatus
2134 1034 2588 1131 spalatensis
2640 1055 2768 1129 per
2801 1056 2913 1108 me
2947 1031 3302 1112 Lucanum
3346 1035 3821 1112 aneernun

378 1133 393 1144 ’
488 1139 979 1236 spalatensem
1044 1141 1447 1211 auctoritate
1526 1135 1866 1233 lmperiali
1936 1135 2296 1212 Notarium
2364 1147 2435 1210 et
2502 1159 2686 1211 nunc
2760 1136 3068 1212 Juratum
3148 1143 3486 1214 notarium
3548 1137 3671 1214 ΙΨ

490 1242 762 1317 Christo
815 1240 1035 1315 Patris
1090 1251 1162 1314 et
1209 1241 1357 1313 DD.
1398 1240 1739 1314 Dominici
1788 1241 1923 1314 Dei
1973 1251 2047 1314 et
2098 1241 2477 1338 apostolice
2513 1237 2719 1315 Sedis
2773 1243 2992 1335 gratia
3042 1241 3568 1339 Archiepiscopi
3616 1242 3822 1341 Spo-

487 1345 801 1435 latensis.‚
850 1344 938 1417 de
974 1343 1294 1418 mandato
1333 1354 1403 1417 et
1437 1347 1841 1418 auctoritate
1890 1346 2110 1440 ipsius
2155 1343 2239 1417 D.
2276 1342 2826 1440 Archiepiscopi,
2877 1344 3263 1440 lemque
3299 1355 3370 1420 et
3403 1350 3824 1422 insinuatum

487 1448 615 1522 fuit
666 1449 757 1522 de
808 1446 1024 1520 uerbo
1097 1447 1184 1520 ad
1243 1446 1527 1519 uerbum
1579 1450 1650 1520 in
1701 1451 2047 1543 presentia
2112 1451 2327 1546 ipsius
2391 1447 2476 1521 D.
2528 1446 3055 1544 Archiepiscopi
3105 1469 3234 1544 per
3293 1470 3409 1523 me
3456 1447 3823 1526 Not-rim

489 1551 947 1648 supradictum
1001 1559 1073 1624 et
1124 1550 1573 1623 auscultatam
1643 1550 2006 1644 diligenter
2073 1573 2201 1647 per
2251 1549 2727 1647 infrascriptos
2794 1548 3124 1626 Notarius
3172 1553 3244 1626 in
3293 1557 3640 1648 pauentia
3693 1563 3828 1630 to-

488 1659 692 1728 stium
745 1652 1306 1752 subscriptorum,
1362 1675 1516 1726 cum
1549 1657 1702 1750 ipso
1754 1655 2109 1751 principali
2153 1658 2435 1751 scripto,
2504 1663 2577 1728 et
2627 1676 2788 1728 cum
2835 1653 3062 1730 dictus
3106 1653 3198 1728 Ι).
3226 1653 3823 1754 Archiepiscops
3941 1699 3942 1702 κ

488 1760 815 1851 cognouit
867 1780 1020 1831 cum
1056 1760 1209 1853 ipso
1261 1757 1613 1853 principali
1667 1757 2124 1848 concordare,
2173 1768 2247 1832 ut
2297 1755 2698 1834 adhibeatur
2745 1759 2820 1833 in
2867 1765 3220 1853 posterum
3278 1757 3438 1831 huic
3489 1759 3822 1857 exemplo
3941 1763 3942 1806 ³

484 1863 687 1958 plena
733 1860 933 1952 fides,
988 1882 1181 1935 suam
1234 1863 1704 1933 auctoritatem
1758 1864 2161 1957 interposuit
2214 1870 2285 1935 et
2319 1860 2696 1948 decretum„
2752 1863 2945 1934 cuius
2998 1860 3272 1956 quidem
3325 1866 3548 1938 series
3602 1885 3824 1937 mon-

488 1967 677 2039 tanei
728 1986 857 2060 per
907 1966 1133 2037 omnia
1186 1964 1341 2037 talis
1396 1963 1575 2036 est.“

797 2084 1189 2180 Sequuntur
1235 2093 1445 2158 notae
1496 2083 1900 2175 Bonacursi,
1973 2084 2353 2175 Benedicti,
2427 2083 2753 2181 Stephani
2807 2094 2877 2158 et
2927 2082 3209 2176 Lucani,
3277 2088 3374 2158 uti
3426 2088 3496 2159 in
3548 2107 3819 2182 prece-
3939 2132 3942 2178 1

486 2189 675 2262 denti
725 2189 1088 2285 privilegio
1143 2187 1501 2284 Terpimiri
1551 2186 1787 2262 Ducis.
3936 2217 3942 2284 j

479 2365 561 2422 Ex
594 2365 727 2422 ἥδη)
774 2363 954 2420 Esca
1000 2361 1352 2433 „hortationes
1378 2362 1648 2418 Eccledae
1681 2363 2027 2433 spalaten-w·
2064 2366 2120 2418 in
2152 2363 2396 2418 Archivio
2442 2362 2786 2433 Episcopatus
2831 2361 3145 2433 Spei-tensis
3190 2373 3454 2420 exemto
3488 2381 3543 2435 p.
3576 2366 3628 2419 6.
3700 2362 3821 2419 Ha·
3935 2344 3942 2388 ³

794 2452 923 2504 bont
969 2465 1210 2588 quoqufil
1230 2449 1416 2503 Lucius
1452 2450 1518 2503 de
1556 2450 1738 2519 Regno
1776 2450 1942 2504 Dalm.
1990 2455 2036 2503 α
2072 2450 2245 2504 Croat.
2278 2449 2514 2505 Francof.
2554 2451 2708 2504 1666.
2745 2468 2797 2519 p.
2833 2451 2919 2504 65.
2954 2450 3106 2505 Vind.
3140 2468 3196 2522 p.
3230 2451 3317 2505 64.
3354 2455 3400 2503 e
3434 2449 3620 2506 Farlati
3665 2449 3818 2520 lllyr.
3939 2453 3942 2496 ἵ

803 2537 1016 2589 Sacrum
1052 2536 1108 2589 T.
1213 2575 1227 2590 .
1270 2553 1321 2604 p.
1346 2536 1431 2588 82.

1833 2764 2456 2776 Ἣ

1727 3328 1939 3399 Anno
1990 3324 2181 3400 914.
2249 3326 2556 3422 spaloti.

480 3590 915 3671 Decreta
980 3587 1549 3670 Croatorum
1614 3600 1690 3667 et
1750 3587 2298 3668 Serhorum
2377 3593 2469 3668 in
2534 3590 2980 3669 concilio
3064 3613 3392 3670 eorum
3453 3589 3814 3695 Spala-

480 3731 789 3830 tensi,
886 3726 1537 3829 praesidente
1630 3724 2248 3830 Tamislavo‚
2353 3724 2630 3831 Rege
2726 3723 3320 3807 Croatorum
3403 3739 3498 3806 et
3574 3726 3814 3807 Dal·
3933 3691 3942 3820 ζ

483 3869 990 3946 matiarum
1072 3867 1503 3967 sancita,
1579 3874 1951 3968 agente
2016 3868 2633 3968 potissimum
2697 3864 3073 3969 Legato
3134 3889 3533 3945 romano
3598 3890 3813 3945 cum
3934 3912 3942 3966 ς

1270 3999 1925 4106 praesulibus
2014 4002 3015 4082 latino-dalmaticis.
3937 4045 3942 4088 l

800 4273 1141 4371 Tempore
1211 4271 1497 4347 Joannis
1566 4272 1798 4368 Papae
1850 4271 2306 4364 sanctissimi,
2389 4274 2813 4347 consulatum
2884 4282 3263 4369 peragente
3314 4276 3384 4347 in
3435 4273 3815 4348 Provincia

489 4374 941 4451 Chroatorum
995 4382 1060 4451 dc
1111 4378 1595 4451 Dalmatiarum
1668 4375 1912 4451 finibus
1982 4376 2327 4450 Tamislao
2397 4376 2597 4471 Rege
2668 4387 2739 4449 et
2796 4374 3136 4449 Michaele
3206 4381 3276 4449 in
3348 4381 3491 4452 suis
3561 4375 3815 4453 finibus
3937 4387 3942 4440 ἱ

478 4480 915 4573 praesidente
948 4482 1172 4570 Duce,
1226 4479 1837 4554 Reverendissimo
1875 4483 2081 4573 igitur
2111 4479 2384 4553 Joanne
2419 4479 2776 4553 Romanae
2821 4478 3144 4553 Ecclesie
3180 4480 3615 4575 praesidente
3654 4479 3812 4554 Ca-
3931 4517 3942 4566 ῃ

484 4580 751 4672 ῑΙιθᾶηι,
808 4582 1028 4658 dictus
1084 4582 1532 4656 chroatorum
1569 4582 1726 4655 Rex
1781 4587 1846 4654 <ic
1896 4582 2193 4656 Michael
2249 4605 2404 4655 cum
2457 4587 2600 4658 suis
2635 4583 3075 4672 Ptoceribus.,
3131 4585 3464 4679 simulque
3498 4583 3816 4681 Episco-
3927 4623 3942 4670 ὖ

483 4688 590 4780 pis
642 4686 1179 4774 Dalmatiarum3
1244 4690 1404 4760 item
1458 4688 1766 4760 Joannes
1820 4685 2406 4783 Archiepiscopus
2459 4710 2524 4784 p.
2580 4686 2889 4783 spalato,
2962 4686 3351 4778 Forminus‚
3426 4685 3814 4782 Gregorius
3935 4759 3943 4770 ,

485 4794 878 4885 caeterique
930 4789 1283 4887 Episcopi,
1339 4789 1782 4864 consulenter
1830 4800 2333 4887 proposuerunt
2381 4790 2467 4862 D.
2520 4789 3007 4864 venerabilem
3057 4790 3339 4886 Papam,
3409 4800 3484 4864 ut
3535 4791 3622 4864 ad
3677 4814 3815 4866 eos
3935 4779 3942 4816 ”

484 4891 831 4967 destinare
884 4894 1277 4987 dignaretur
1325 4893 1711 4992 Episcopos
1767 4915 1933 4968 suos
1988 4903 2059 4966 et
2107 4893 2542 4967 Monitorium
2596 4893 3022 4969 Christianae
3097 4891 3480 4989 Religionis
3552 4894 3810 4989 dogma
3928 4891 3943 4978 ’ἐ

484 4993 965 5070 continentem.
999 4997 1330 5092 ‚Quorum
1386 4997 1953 5093 postulationibus
2009 4996 2402 5093 saepefatus
2438 4997 2760 5071 Pontifex
2795 5019 3158 5072 assensum
3192 4997 3517 5092 prebens,
3570 5021 3812 5072 vene-—
3931 5001 3942 5042 ³

481 5099 768 5174 rabilem
818 5100 1159 5175 ,loannem
1211 5100 1625 5197 Episcopum
1678 5102 2160 5174 Anconitanae
2192 5100 2583 5193 Ecclesiae,
2636 5101 2941 5174 Leonem
2993 5122 3169 5173 vero
3223 5101 3812 5176 Pelestrinensem
3931 5103 3943 5149 ⁴

482 5201 898 5301 Episcopum
972 5227 1127 5277 cum
1198 5208 1342 5280 suis
1410 5203 1740 5300 Epistolis
1810 5203 2132 5277 melliflue
2199 5203 2618 5279 ructantibus
2699 5205 2971 5299 eloquia
3042 5204 3452 5294 destinavit3
3520 5214 3596 5277 ut
3648 5228 3810 5278 cum

470 5306 830 5401 praefatas
857 5311 1219 5404 'personas
1275 5307 1642 5405 (praefatis
1695 5310 2055 5404 personis]
2101 5307 2449 5401 judicibus
2503 5318 2576 5381 et
2629 5307 3128 5405 Episcoporum
3185 5309 3325 5400 (is)
3382 5307 3813 5406 synodaliter

485 5415 889 5506 congregati
929 5413 1048 5504 (s)
1119 5420 1189 5484 et
1257 5434 1547 5509 perpera
1620 5414 1953 5508 estirpare
2027 5416 2091 5483 ὦ
2158 5412 2312 5485 Deo
2383 5413 2629 5508 placita
2702 5414 3037 5485 canonice
3108 5413 3379 5485 sancire
3450 5410 3809 5487 deherent.
