3950 5917
471 371 634 454 m

463 577 758 664 indiuisi
821 598 1000 652 nnus
1055 598 1212 650 cum
1265 577 1403 650 alio
1458 586 1530 647 et
1570 574 1780 647 Pater
1827 598 1987 650 cum
2038 575 2193 652 liliis
2247 576 2556 652 indiuisis
2609 581 2680 650 in
2712 574 3102 658 huiusmodi
3146 598 3489 673 processu
3540 600 3623 654 se
3678 602 3837 650 ex·-

473 680 717 776 pedire
768 683 1010 776 possit.
1118 677 1270 765 Que
1324 681 1551 751 omnia
1606 669 1964 773 premissa
2000 689 2071 750 et
2121 682 2613 775 premissorum
2690 679 2963 774 singula
3044 702 3264 776 usque
3342 679 3617 754 felicem
3682 683 3835 753 ad-

471 794 758 860 uentum
834 786 1049 878 ipsius
1126 783 1382 854 domini
1459 786 1700 855 nostri
1756 779 1976 873 Regis
2030 787 2102 854 ιιι
2157 805 2352 856 suum
2424 804 2715 880 regnum
2782 782 3135 877 Hungarie
3216 783 3513 876 tiendum
3566 786 3635 856 ιιι
3690 807 3835 856 suo

473 895 734 962 statu.
763 885 1081 973 eluimus,
1156 894 1228 958 et
1276 884 1643 957 voluerunt
1710 873 2099 957 remanere.
2168 884 2637 958 Deliberatum
2699 887 2904 958 etiam
2960 889 3206 974 extitit,
3276 896 3356 960 vt
3406 869 3537 960 vbi
3577 887 3836 980 aliquis

471 992 823 1085 potentior
873 991 1212 1084 premisse
1266 986 1696 1082 dispositioni
1747 991 2146 1064 consentire
2198 989 2461 1078 nollet,
2486 986 2647 1060 huic
2696 977 3097 1084 repugnare
3140 988 3624 1086 machinando
3676 1013 3833 1062 ex-

471 1102 639 1168 tunc
691 1090 876 1164 facta
929 1094 1416 1164 ammonitione
1469 1113 1598 1185 per
1646 1089 1929 1164 Judices
1984 1089 2309 1164 nobilium
2363 1095 2677 1164 vniversi
2743 1091 3014 1168 nobiles
3070 1092 3307 1165 famuli
3359 1147 3620 1168 ......
3675 1114 3827 1188 po-

472 1204 738 1270 tentum
790 1192 967 1267 infra
1023 1205 1184 1266 octo
1239 1195 1388 1267 dies
1437 1195 1657 1287 ipsius
1709 1181 2216 1267 ammonitionis
2288 1198 2505 1290 ipsius
2585 1197 2881 1288 potentis
2960 1197 3350 1289 relinquere
3430 1205 3831 1284 teneantur,

475 1302 594 1392 qui
647 1302 710 1372 si
761 1295 1080 1386 fecerint,
1149 1295 1331 1368 bene
1403 1296 1702 1390 quidem,
1776 1297 2078 1392 alioquin
2147 1319 2278 1370 nos
2332 1307 2450 1369 aut
2499 1295 2838 1371 Vicebani
2890 1301 3107 1372 nostri
3159 1309 3230 1371 et
3278 1295 3586 1371 Comites
3638 1320 3831 1393 pre-

474 1400 638 1474 dicti
719 1399 1008 1476 eosdem
1088 1399 1263 1472 tales
1344 1452 1362 1470 .
1393 1452 1411 1469 .
1441 1453 1461 1471 .
1541 1398 1839 1474 rebelles
1911 1403 1980 1472 in
2061 1422 2317 1495 person
2347 1452 2753 1474 .........
2834 1401 3066 1474 talium
3135 1403 3823 1495 possessionatorum

471 1508 805 1580 vniversa
882 1523 1256 1597 occupare,
1344 1511 1417 1572 et
1492 1502 1771 1591 tamdiu,
1844 1523 2202 1598 quousque
2279 1526 2320 1574 a
2373 1500 2595 1595 Regia
2647 1500 3015 1594 Majestate
3085 1503 3215 1577 sibi
3284 1507 3453 1599 ipsis
3522 1508 3829 1597 gratiam

473 1605 789 1684 obtinere
867 1615 1228 1701 poterunt,
1307 1614 1572 1694 tenere,
1651 1604 2042 1701 possidere,
2116 1604 2460 1700 ignobiles
2540 1627 2715 1678 vero
2794 1604 3170 1680 familiares
3240 1607 3473 1679 talium
3554 1617 3827 1702 poten-

325 1769 334 1778 .
471 1719 617 1784 tum
668 1720 805 1781 tam
859 1731 991 1782 nos
1046 1718 1117 1780 et
1152 1706 1486 1780 Vicebani
1537 1712 1758 1782 nostri
1810 1761 2754 1782 ....................
2809 1707 3057 1784 nobilis
3112 1707 3392 1804 quilibet
3442 1732 3570 1782 seu
3601 1708 3823 1781 homo

472 1816 1038 1908 possessionatus
1091 1815 1466 1906 captiuare,
1520 1816 1970 1906 captiuosque
2025 1811 2111 1884 ad
2165 1815 2430 1910 spinam
2482 1807 2799 1910 tanquam
2852 1812 3162 1888 latrones
3214 1812 3615 1910 pertrahere
3666 1835 3821 1885 va-

473 1914 687 2008 leant,
759 1923 1122 1990 teneantur
1173 1924 1379 2008 atque
1431 1917 1718 2008 possint.
1792 1912 2210 1988 Conclusum
2280 1917 2486 1988 etiam
2540 1924 2675 2006 est,
2745 1925 2820 1987 ut
2871 1924 2943 1987 et
2996 1938 3092 1988 ex
3141 1926 3335 2010 parte
3386 1914 3687 1987 Emerici
3745 1925 3819 1987 et

469 2016 806 2094 lobannis
860 2015 978 2090 lilii
1002 2016 1345 2113 Vaynocb
1398 2017 1488 2090 de
1511 2016 1895 2113 Marcbaly,
1951 2015 2236 2091 Comitis
2283 2015 2660 2091 Comitatus
2715 2017 2804 2091 de
2840 2017 3234 2095 Verewcze
3286 2017 3600 2113 predicti,
3653 2021 3817 2092 eis-

473 2118 634 2194 dem
685 2119 1007 2194 Emerico
1063 2130 1136 2191 et
1175 2118 1493 2194 Johanne
1544 2119 1980 2214 presentibus
2035 2130 2106 2194 et
2157 2120 2456 2215 benigne
2508 2119 3050 2216 acceptantibus,
3104 2143 3191 2194 ac
3243 2126 3450 2196 etiam
3485 2144 3581 2194 ex
3612 2131 3817 2222 parte

470 2221 973 2302 vicecomitum
1025 2225 1357 2347 ipsorum,
1395 2244 1521 2297 seu
1557 2221 1841 2314 familia,
1895 2245 2106 2319 super
2148 2222 2462 2298 omnibus
2513 2223 2778 2296 actibus
2815 2228 2887 2297 ιιι
2920 2223 3389 2324 superioribus
3440 2224 3821 2298 declaratis

466 2327 677 2420 modo
731 2327 936 2404 simili
988 2329 1337 2402 vniversis
1391 2325 1731 2400 nobilibus
1782 2330 1851 2400 ιιι
1901 2327 2154 2400 eodem
2211 2326 2551 2401 Comitatu
2604 2327 2693 2400 de
2744 2315 3006 2402 Vereri
3011 2351 3140 2400 cze
3203 2325 3683 2414 existentibus,
3740 2336 3817 2399 et

468 2428 1066 2519 conuenientibus,
1148 2438 1387 2502 contra
1466 2429 1755 2503 eosdem
1832 2433 2079 2503 iterum
2133 2429 2630 2525 exurgentibus
2670 2433 2893 2522 ,Juxta
2964 2435 3498 2528 suprascriptam
3558 2430 3814 2526 dispo-

469 2536 794 2608 sitionem
841 2541 1170 2630 presente
1223 2530 1500 2605 bomine
1568 2542 1840 2622 nostro,
1893 2536 2083 2629 prius
2137 2534 2223 2607 ad
2276 2534 2344 2610 id
2400 2533 2816 2630 deputando,
2889 2535 3335 2610 consimiliter
3395 2544 3553 2608 octo
3605 2531 3815 2630 probi

466 2645 540 2708 et
575 2635 862 2712 nobiles
930 2638 1065 2710 viri
1133 2634 1296 2708 dicti
1348 2632 1725 2710 Comitatus
1797 2659 1954 2711 cum
2021 2636 2376 2712 Judicibus
2445 2636 2771 2711 nobilium
2821 2640 2893 2709 in
2942 2636 3121 2714 dicta
3185 2636 3357 2712 sede
3408 2634 3813 2711 Verewcze

466 2739 770 2834 eligendi
856 2741 1113 2814 totiens
1203 2741 1532 2834 quotiens
1615 2761 1919 2814 necesse
1998 2751 2072 2813 et
2139 2750 2590 2836 opportunum
2670 2739 2919 2831 fuerit,
3023 2744 3126 2814 vti
3192 2744 3267 2814 in
3335 2737 3813 2837 superioribus

466 2839 888 2932 declaratur,
946 2838 1216 2933 facere,
1266 2839 1605 2936 perlicere
1659 2852 1732 2916 et
1781 2840 2041 2916 effectui
2107 2846 2503 2940 mancipare
2553 2865 2683 2918 suo
2735 2843 2945 2917 modo
2996 2849 3380 2921 teneantur.
3484 2839 3564 2918 In
3617 2864 3810 2938 quo·-

461 2967 617 3021 rum
667 2948 1158 3040 premissorum
1234 2948 1698 3018 testimonium
1768 2956 1840 3020 et
1907 2943 2293 3020 firmitatem
2373 2956 2738 3043 presentes
2810 2946 3072 3021 litteras
3144 2958 3421 3022 nostras
3488 2954 3813 3042 patentes

466 3047 697 3141 sigillo
747 3056 990 3122 nostro
1044 3047 1436 3121 authentico
1515 3051 1990 3142 consignatas,
2059 3071 2415 3147 penesque
2486 3047 2713 3144 sigilla
2781 3050 3153 3125 reverendi
3204 3053 3276 3128 ιιι
3331 3047 3603 3125 Christo
3654 3047 3811 3120 Pa-

464 3153 591 3224 tris
656 3150 910 3232 domini
963 3160 1035 3224 et
1085 3150 1341 3224 domini
1419 3150 1755 3227 Jobannis
1806 3149 2135 3250 Episcopi
2212 3153 2519 3228 ecclesie
2577 3149 3071 3250 Typinyensis,
3146 3149 3811 3250 magnificorumque

466 3255 778 3330 virorum
851 3251 1124 3328 Alberti
1198 3253 1459 3328 Prioris
1536 3255 1850 3345 Aurane,
1931 3278 2019 3328 ac
2070 3253 2371 3330 Emerici
2423 3266 2497 3330 et
2544 3255 2881 3330 Johannis
2952 3253 3247 3332 filiorum
3322 3253 3665 3352 Vaxnoeb
3715 3252 3811 3326 de

461 3354 849 3452 Marcbaly,
898 3359 1433 3454 prescriptorum
1488 3355 1825 3431 Comitum
1878 3359 1967 3432 de
2019 3356 2439 3450 Verewcze,
2510 3363 2914 3457 prescripta.

462 3601 1342 3762 (bcoefflssanalis.
1416 3603 3809 3746 dmefflmnssipiliominbfeufflssmemm-

1999 3714 2275 3785 sonus)
2472 3749 2479 3764 ι

461 3932 613 4008 θῆχ’.
649 3936 865 3990 membr.
898 3940 956 3990 ιιι
989 3936 1222 3993 Arctum
1258 3936 1425 4009 Regni
1462 3935 1722 3995 cmu-e.
1756 3938 1892 3993 Priv.
1926 3938 1989 3993 Ν.
2014 3940 2098 3994 12.
