3950 5917
3319 415 3476 492 389

343 675 351 682 -
475 630 563 702 5..
617 626 733 700 Ex
785 625 993 700 Parte
1036 624 1471 702 Fidelitatum
1542 623 1982 700 Vestraru'm.
2021 625 2224 698 aliam
2292 646 2434 698 non
2505 622 2744 698 baberi
2822 622 3475 708 considerationem,

150 754 361 829 quam
420 730 605 826 qaod
658 730 841 802 illius
893 729 1076 802 nulla
1131 727 1477 806 videatur..
1493 749 1662 808 esse
1707 731 1909 817 ratio,
1961 727 2083 806 vel
2133 731 2546 818 necessitas,
2603 749 2757 799 cum
2783 728 2853 799 in
2901 724 3473 822 subsequentibus

152 856 573 930 expressum
622 830 976 905 habeatur.
1086 829 1329 919 Quoad

473 935 544 1010 6.
599 933 674 1010 7.
728 935 799 1007 9.
855 940 921 1009 oc
977 933 1100 1008 10.
1176 932 1358 1008 Nihil
1409 953 1574 1008 esse
1602 936 2068 1034 immutatum,
2116 930 2433 1028 adeoque
2485 930 2731 1006 eadem
2784 934 2960 1006 sicut
3001 933 3072 1005 in
3117 935 3473 1026 primaevo

158 1037 565 1129 Gontractu,
618 1043 709 1110 ita
763 1040 828 1110 dc
880 1059 1064 1111 nunc
1108 1045 1292 1111 stare
1355 1058 1590 1132 posse.
1694 1035 1987 1112 Domum
2041 1034 2130 1107 ad

356 1195 365 1204 ,
473 1141 815 1216 Ultimum.
921 1140 1109 1213 Talis
1164 1161 1259 1212 ex
1308 1148 1501 1235 parte
1553 1137 1980 1212 Fidelitatum
2033 1136 2437 1212 Vestrarum
2478 1098 2885 1233 interposita
2937 1146 3130 1212 esset
3182 1137 3477 1228 cautela,

156 1248 363 1340 quasi
434 1243 884 1318 Gameralium
955 1242 1305 1317 Bonorum
1374 1242 1696 1316 Director
1764 1244 2038 1315 nonnisi
2107 1249 2312 1330 tunc,
2382 1237 2498 1312 ubi
2568 1262 2698 1330 ea,
2770 1262 2947 1336 quae
3028 1250 3473 1313 memoratam

158 1347 529 1420 Gameram
584 1357 914 1432 nostram,
969 1367 1100 1441 qua
1154 1347 1649 1442 praescitorum
1703 1345 2050 1418 Bonorum
2105 1344 2603 1417 Possessorem
2673 1341 2877 1440 etiam
2951 1354 3478 1428 concernerent

154 1448 642 1550 pertractanda
712 1449 982 1538 forent,
1057 1447 1141 1519 ad
1217 1446 1532 1522 Publicas
1619 1447 1847 1541 Regni
1939 1443 2537 1541 Gongregatioues
2628 1449 2869 1519 vocari
2950 1443 3256 1519 deberet.
3363 1445 3476 1519 Ex

156 1576 301 1647 quo
357 1562 581 1626 autem
638 1575 731 1625 ex
781 1553 1181 1647 praemissis
1234 1561 1524 1648 pateret,
1577 1550 2164 1646 praedeclaratam
2219 1547 2679 1621 differenciam
2736 1571 2830 1620 ex
2881 1550 3150 1643 integro
3207 1552 3477 1621 amica-

159 1655 391 1732 biliter
424 1678 564 1729 non
617 1677 784 1728 esse
819 1657 1272 1775 terminatam,
1327 1652 1612 1749 proinde
1666 1655 2218 1748 praerecensitas
2274 1651 2795 1748 discrepantias,
2851 1655 2918 1723 in
2972 1652 3211 1748 quibus
3267 1650 3479 1725 vide-

158 1755 329 1842 licet
382 1763 574 1854 ipsae
628 1758 868 1833 Partes
941 1757 1026 1829 ad
1083 1755 1378 1830 invicem
1434 1760 1812 1829 convenire
1866 1757 2385 1851 nequivissent,
2460 1752 2853 1828 modalitate
2910 1753 3294 1829 subinserta
3349 1778 3482 1826 ac-

158 1859 733 1948 commodandas,
786 1883 870 1933 ac
899 1882 992 1932 ex
1032 1881 1255 1955 aequo
1282 1863 1346 1931 dc
1372 1859 1556 1932 bono
1595 1857 2146 1932 determinandas
2177 1879 2339 1931 esse
2367 1856 2724 1947 duximus3
2777 1858 3100 1931 videlicet
3145 1880 3258 1950 ea,
3304 1881 3481 1954 quae

476 1964 738 2036 Puncto
797 1962 919 2035 11.
968 1961 1253 2053 Majoris
1308 1963 1632 2035 claritatis
1696 1984 1894 2055 ergo,
1950 1984 2045 2034 ex
2094 1971 2288 2058 parte
2337 1963 2540 2034 toties
2587 1960 2809 2034 dictae
2865 1958 3199 2035 Gamerae
3255 1983 3480 2058 appo-

158 2070 299 2148 sita
350 2065 707 2146 habentur..
764 2061 953 2138 stare
1005 2068 1280 2138 omnino
1336 2064 1617 2155 debere,
1674 2088 1830 2137 cum
1896 2067 1968 2136 in
2025 2086 2113 2137 eo
2170 2087 2363 2152 casu,
2437 2086 2571 2157 quo
2627 2062 2989 2139 fidelitates
3065 2065 3362 2138 Vestrae
3414 2068 3485 2137 iu

159 2169 593 2267 praestandis
672 2166 1251 2259 Extraordinarijs
1334 2167 1656 2240 oneribus
1712 2171 1853 2241 suis
1908 2166 2145 2241 nefors
2200 2169 2536 2239 remissae
2588 2166 2842 2255 forent,
2922 2171 3014 2239 ita
3069 2178 3140 2240 ut
3194 2167 3481 2241 easdem

158 2283 456 2348 eatenus
510 2294 794 2344 monere
850 2276 936 2344 sit
988 2293 1311 2358 necesse,
1382 2272 1635 2343 nullum
1707 2292 1831 2365 per
1881 2270 2016 2369 boc
2084 2292 2341 2343 novum
2413 2292 2587 2343 onus
2662 2267 2995 2343 Gamerae
3068 2293 3478 2344 accrescere

158 2375 442 2464 debeat,
495 2375 624 2448 sed
677 2380 741 2446 dc
795 2398 888 2446 ex
944 2396 1076 2469 quo
1134 2377 1635 2469 praeinsinuata
1690 2373 2119 2469 Conscriptio
2174 2373 2723 2469 impracticabilis
2778 2377 2902 2446 vix
2953 2396 3093 2447 nou
3138 2397 3302 2448 esse
3355 2378 3481 2447 vi-

164 2479 473 2567 deretur,
528 2476 758 2551 Status
808 2477 1152 2550 Bonorum
1208 2500 1343 2549 non
1400 2476 1696 2565 aliunde,
1752 2500 1952 2573 quam
2025 2500 2120 2549 ex
2172 2476 2351 2548 fideli
2417 2477 2807 2549 Juratorum
2877 2477 3265 2550 officialium
3341 2476 3477 2550 de-

162 2585 632 2672 nunciatione,
685 2580 1038 2674 Librisque
1084 2578 1546 2654 Urbarialihus
1601 2584 1748 2653 erui
1800 2584 2046 2674 quiret,
2099 2582 2469 2675 praecipue
2523 2602 2676 2652 cum
2731 2579 3126 2654 Fidelitates
3179 2580 3478 2652 Vestrae

170 2705 388 2779 super
437 2704 554 2774 eo,
635 2693 707 2755 ut
758 2693 1322 2771 remonstrarent,
1394 2706 1517 2756 cur
1585 2704 1744 2755 uam
1815 2684 2278 2778 praeallegata
2347 2681 2722 2756 Vrbarialis
2794 2683 3016 2757 Proba
3088 2685 3486 2757 Juramento

164 2792 379 2860 etiam
432 2786 823 2860 officialium
878 2789 1127 2859 munita
1183 2784 1504 2861 sufficere
1551 2809 1689 2860 non
1744 2785 2047 2859 debeat?
2101 2789 2386 2860 itteratis
2443 2789 2644 2859 etiam
2697 2784 2969 2860 vibibus
3006 2789 3485 2874 commonitae,

168 2891 333 2964 nihil
389 2912 477 2962 eo
548 2892 619 2963 in
674 2893 1004 2987 passuin
1057 2893 1593 2984 praesentiarum
1646 2910 1866 2984 usque
1919 2893 2412 2987 reposuissent.
2521 2890 2856 2976 Quantum
2912 2899 3134 2963 autem
3192 2890 3277 2964 ad
3331 2890 3486 2962 dis-

166 2997 591 3089 crepantiam
664 2992 911 3067 eodem
977 2993 1239 3066 Puncto
1311 2991 1633 3065 Secundo
1705 2992 1982 3066 uberius
2057 2994 2481 3088 expositam:
2556 2993 2901 3087 Siquidem
2976 3018 3071 3066 ex
3138 2995 3485 3090 productis

165 3120 296 3194 per
340 3094 701 3170 Gameram
737 3094 1198 3170 Urbarialihus
1232 3094 1670 3169 Extractibus
1714 3106 2141 3181 censeretur,
2184 3099 2389 3168 toties
2426 3094 2603 3168 dicta
2640 3095 2832 3169 Bona
2868 3101 2939 3170 in
2977 3119 3091 3187 eo,
3132 3119 3266 3194 quo
3303 3120 3484 3170 nuuc

170 3210 332 3276 suut
401 3211 608 3290 statu,
677 3223 813 3273 non
885 3200 1143 3295 plureS,
1215 3222 1414 3294 quam
1476 3199 1571 3271 15
1644 3198 1869 3272 fumos
1933 3197 2241 3287 efficere,
2296 3202 2360 3270 dc
2413 3197 2805 3273 Fidelitates
2873 3222 3144 3296 quoque
3196 3201 3490 3272 Vestrae

166 3326 297 3399 per
349 3304 554 3376 modo
609 3306 894 3397 praevio
947 3305 1393 3400 projectatam
1449 3311 1769 3398 respectu
1822 3324 2107 3375 onerum
2158 3300 2898 3392 Extraordinariorum,
2967 3312 3106 3375 tum
3158 3302 3491 3374 hactenus

167 3407 525 3479 inexolute
580 3406 1027 3493 haerentium,
1084 3416 1217 3477 tum
1274 3409 1476 3478 etiam
1512 3409 1580 3476 in
1632 3403 1926 3477 futurum
1955 3402 2546 3500 praestandorum,
2601 3403 3148 3480 Gonventionem
3205 3425 3489 3477 onerum

174 3509 291 3582 tali
374 3509 542 3582 alias
598 3509 844 3603 Regno
926 3508 1450 3582 incumbentium
1529 3510 1598 3579 in
1666 3508 1953 3581 Decima
2033 3511 2260 3602 quinta
2330 3507 2535 3580 Parte
2605 3511 3184 3604 supportationem
3247 3505 3488 3578 Eidem

162 3603 510 3700 Gamerae
584 3635 949 3686 onerosam
1006 3634 1195 3700 esse,
1267 3614 1645 3706 agnovisse
1698 3610 2119 3698 viderentur,
2193 3610 2350 3684 binc
2402 3611 2606 3682 etiam
2655 3610 3073 3706 saepefatam
3133 3608 3493 3682 Gameram

171 3739 391 3810 usque
464 3717 551 3789 ad
621 3727 888 3813 tempus
954 3715 1408 3789 instituendae
1463 3709 1923 3810 praeattactae
1980 3714 2520 3809 Gonscriptionis
2588 3716 2656 3785 in
2722 3714 3190 3787 exolutionem
3262 3714 3494 3786 talium

164 3841 485 3910 onerum,
542 3842 718 3914 quae
769 3841 894 3915 pro
947 3842 1152 3906 nunc,
1223 3822 1316 3890 uti
1370 3821 1818 3913 praemissum
1872 3828 2087 3906 esset,
2164 3840 2296 3889 nec
2349 3816 2762 3912 praevideri,
2834 3820 3053 3890 minus
3109 3815 3495 3912 specificati

170 3922 514 4010 valerent,
588 3926 647 3995 si
701 3922 942 3995 eadem
998 3921 1236 3994 nefors
1308 3921 1554 4015 Regno
1608 3924 1862 4015 imponi
1919 3924 2374 4015 contingeret,
2446 3922 2718 3993 nonnisi
2788 3937 2825 3992 a
2892 3922 3333 4016 proportione
3393 3919 3491 3991 15

171 4024 541 4098 Fumorum
597 4047 1011 4099 concurrere
1064 4025 1342 4098 debere.
1397 4023 1638 4111 Quoad

488 4127 559 4202 3.
665 4129 1191 4202 Praeteritorum
1234 4128 1618 4215 Annorum,
1687 4126 2107 4217 Restantias,
2179 4124 2424 4200 oblatis
2488 4148 2581 4199 ex
2650 4137 2845 4223 parte
2898 4125 3234 4200 Gamerae
3288 4123 3497 4199 6000

172 4230 490 4306 Floreuis
545 4236 611 4305 dc
658 4230 1017 4305 Fructibus
1069 4232 1414 4305 Bonorum
1470 4234 1537 4303 iu
1593 4232 2074 4303 executionem
2130 4229 2593 4325 Sumptorum,
2646 4251 2865 4324 usque
2919 4230 3006 4303 ad
3059 4229 3496 4305 subsecutam

170 4333 554 4408 eorundem
606 4338 1196 4424 reexecutionem,
1250 4335 1591 4431 perceptis
1628 4337 1694 4406 dc
1719 4334 1916 4425 juxta
1968 4331 2431 4428 praefatorum
2485 4332 2830 4406 Bonorum
2866 4334 3176 4406 valorem
3224 4335 3500 4405 circiter

168 4436 363 4511 niue
419 4437 847 4533 Quingentos
899 4438 1239 4512 Florenos
1292 4441 1714 4512 constituens
1769 4435 2192 4511 sufficienter
2244 4438 2701 4532 compensari,
2756 4440 3120 4534 praecipue
3173 4458 3328 4509 cum
3369 4434 3498 4508 Fi-

174 4540 495 4635 delitates
548 4542 845 4616 Vestrae
892 4545 961 4613 in
998 4545 1354 4636 primaevo
1399 4542 1712 4637 projecto
1752 4540 1896 4612 Suo
1949 4539 2131 4612 nulla
2185 4539 2854 4635 praedeclaratorum
2905 4538 3241 4612 fructuum
3287 4560 3498 4611 men-

168 4647 368 4716 tione
426 4645 639 4732 facta,
707 4648 774 4718 iu
830 4645 1101 4717 Sortem
1174 4643 1880 4741 praespeciticatarum
1934 4642 2438 4717 Restautiarum
2496 4665 2632 4716 non
2685 4646 2817 4717 nisi
2870 4653 3031 4718 octo
3083 4642 3269 4719 Mille
3321 4641 3498 4715 Flo-

174 4769 388 4819 renos
440 4748 1008 4845 praetendissent.
1113 4745 1419 4820 Tandem
1471 4750 1655 4819 circa

492 4851 563 4924 4.
636 4856 702 4925 dc
752 4851 824 4924 8.
930 4851 1085 4925 Hoc
1150 4851 1309 4925 loco
1380 4849 1631 4922 factam
1694 4850 2121 4924 Fidelitatum
2169 4848 2569 4922 Vestrarum
2625 4849 3158 4924 declarationem
3214 4849 3498 4937 admitti,

176 4975 335 5028 cum
378 4958 582 5047 juxta
635 4957 841 5030 etiam
889 4953 1238 5029 Articulos
1292 4951 1414 5025 71.
1468 4952 1655 5026 Anni
1710 4952 1902 5027 1681
1960 4958 2027 5025 dc
2070 4951 2193 5024 44.
2250 4950 2450 5025 1715
2506 4952 2859 5051 saepefata
2912 4954 3106 5027 Bona
3169 4975 3296 5028 seu
3360 4974 3499 5026 eo-

168 5079 326 5132 rum
378 5060 844 5134 Possessores
905 5062 970 5130 oc
1021 5056 1358 5131 officiales
1427 5055 1724 5150 Legibus
1794 5055 2025 5149 Regni
2092 5055 2383 5130 subesse
2455 5056 2769 5131 debeant.
2871 5056 2985 5131 Ex
3037 5079 3173 5154 quo
3227 5057 3501 5131 demum

170 5159 574 5240 Fidelitates
626 5162 921 5238 Vestrae
976 5184 1128 5235 cum
1183 5159 1538 5257 saepefata
1591 5157 1881 5233 Gamera
1934 5159 2188 5232 Nostra
2241 5163 2310 5233 in
2365 5182 2453 5233 eo
2507 5181 2644 5234 non
2700 5164 3224 5240 convenissent..
3295 5162 3500 5255 quis-

170 5287 339 5341 nam
392 5269 462 5339 iu
507 5264 751 5340 Gausis
805 5275 1216 5362 protractae,
1271 5266 1423 5337 sive
1479 5261 1863 5358 denegatae
1916 5284 2043 5358 per
2078 5260 2436 5336 Gameram
2470 5263 2807 5354 Justitiae,
2862 5267 3038 5339 sicut
3082 5268 3148 5337 dc
3183 5263 3297 5337 ubi
3341 5267 3499 5361 ipsa

166 5367 475 5452 Gomara
544 5371 811 5444 ratione
880 5369 1208 5444 dictorum
1290 5368 1634 5443 Bonorum
1702 5367 1871 5440 Jure
1941 5365 2419 5441 convenienda
2490 5378 2707 5460 esset,
2787 5367 3074 5442 absente
3145 5391 3187 5441 a
3251 5367 3501 5465 Regno
