3950 5917
454 363 615 443 2OE

449 594 704 649 eorum
753 571 1203 664 libertatibus,
1257 569 1500 668 quibus
1536 570 1953 670 temporibus
2005 569 2313 645 diuorum
2356 567 2627 664 Regum
2677 572 2789 645 vsi
2825 578 3005 659 sunt,
3056 566 3457 644 tenebimus.
3506 567 3783 643 Harum

461 689 849 753 nostrarum
899 679 1147 771 vigore
1200 685 1272 749 et
1321 678 1713 750 testimonio
1775 675 2149 750 litterarum
2202 673 2564 748 mediante.
2667 674 2915 749 Datum
2966 673 3157 748 Bude
3222 671 3399 745 feria
3459 672 3776 748 secunda

461 784 776 878 proxima
830 790 987 878 post
1037 779 1288 855 festum
1338 779 1800 856 Ascensionis
1852 778 2146 854 Domini.
2200 777 2407 853 Anno
2455 777 2764 855 eiusdem
2811 775 3172 855 Millesimo
3225 775 3790 880 quadringente—

463 887 643 959 simo
697 886 1143 980 sexagesimo
1197 883 1525 958 secundo.
1649 985 1658 992 ⁵

1569 1113 1810 1192 (nom
1849 1113 2061 1195 seq-w
2102 1111 2286 1196 naqa·
2326 1114 2669 1197 apprmc.)

461 1328 605 1401 orig.
637 1333 694 1384 1-
727 1329 955 1385 mum
989 1329 1158 1401 negas
1205 1328 1457 1386 cmm
1494 1329 1627 1383 rav.
1663 1327 1724 1383 π.
1761 1329 1846 1383 26.

1858 1900 2371 1985 omn.

1510 2194 1718 2264 Am
1777 2190 2016 2264 1467.
2093 2187 2177 2263 ι.
2227 2186 2717 2283 amabas-9.

455 2455 871 2536 lathias
920 2454 1122 2536 Rex
1167 2454 1328 2536 SS.
1372 2454 1668 2535 etOO.
1729 2454 2050 2561 Regni
2113 2453 2652 2532 Slavoniae
2711 2453 2864 2558 jus
2920 2451 3371 2557 eligendi
3434 2449 3771 2557 Regni

1557 2593 2202 2699 capitaneum
2267 2590 2675 2671 confert.

2312 2858 2684 2926 Commisn'o
2725 2864 2995 2944 propria
3038 2862 3298 2925 Domino·
3339 2861 3548 2942 Regis.

765 3055 1052 3132 Mathias
1108 3057 1239 3130 Dei
1291 3062 1523 3151 gracia
1578 3057 1736 3131 Rex
1787 3058 2162 3153 Hungarie,
2215 3058 2543 3132 Bohemie
2595 3069 2725 3131 etc.
2778 3057 3120 3133 Fidelibus
3171 3062 3422 3133 nostris
3471 3058 3773 3154 Magni-

457 3162 631 3253 ficis,
709 3159 1034 3257 Egregiis
1086 3172 1156 3235 et
1204 3160 1558 3237 Nobilibus
1609 3185 1694 3235 ac
1748 3163 2049 3235 alterius·
2105 3165 2404 3237 cuiusuis
2458 3172 2671 3237 status
2722 3172 2791 3236 et
2846 3162 3267 3236 condicionis
3345 3167 3763 3258 possessio—

455 3269 627 3338 natis
680 3264 1059 3339 hominibus
1112 3268 1182 3338 in
1233 3265 1478 3360 Regno
1533 3277 1769 3340 nostro
1824 3267 2192 3341 Sclauonie
2247 3270 2652 3356 constitutis,
2709 3267 2996 3341 sulutem
3048 3276 3119 3340 et
3170 3269 3492 3363 graciam.
3583 3266 3761 3341 Cum

455 3392 578 3466 per
626 3368 756 3443 hos
812 3369 960 3444 dies
1015 3361 1255 3443 fideles
1307 3381 1583 3444 nostros
1663 3371 2009 3466 Egregios
2081 3371 2431 3445 Nicolaum
2485 3372 2570 3444 de
2619 3370 2913 3462 Dombo,
2992 3370 3375 3445 Ladislaum
3425 3370 3759 3446 Hermani

452 3473 540 3547 de
594 3471 911 3547 Gereben
966 3485 1034 3547 et
1084 3473 1355 3547 Petrum
1414 3474 1746 3571 Bykzadi,
1827 3485 2065 3549 vestro
2136 3479 2410 3548 nomine
2463 3474 2549 3547 ad
2604 3497 2730 3549 nos
2785 3478 3171 3569 misissetis,
3256 3474 3755 3550 declarantibus

456 3580 619 3673 ipsis
671 3577 1128 3652 intelleximus
1219 3578 1708 3671 tribulationes,
1778 3583 2130 3675 angustias
2186 3589 2256 3652 et
2308 3579 2726 3654 calamitates
2799 3589 3097 3672 vestras,
3169 3591 3337 3675 quas
3388 3600 3510 3674 per
3559 3579 3758 3652 Tur-

453 3704 686 3755 corum
759 3685 1099 3756 incursum
1171 3687 1545 3756 nouIssime
1619 3687 2042 3779 percepistis.
2148 3684 2254 3757 De
2309 3684 2547 3778 quibus
2616 3684 2779 3756 licet
2848 3686 3142 3757 maxime
3214 3684 3626 3756 doluerimus
3684 3696 3763 3757 et

453 3795 637 3859 tanto
709 3789 1036 3859 maiorem
1119 3791 1638 3883 conceperimus
1720 3790 1944 3859 animo
2028 3788 2452 3875 molestiam,
2544 3799 2791 3883 quanto
2871 3798 3171 3861 vestrum
3251 3787 3759 3860 incommodum

451 3888 790 3963 Maiestati
841 3885 1102 3964 nostre*
1131 3895 1350 3986 magis
1425 3914 1626 3986 quam
1680 3892 1876 3965 alteri
1954 3895 2244 3988 cuipiam
2296 3896 2443 3965 iure
2499 3891 2859 3973 dolendum
2908 3896 3015 3966 sit.
3120 3890 3378 3964 Tamen
3431 3889 3499 3964 id
3553 3891 3759 3966 nohis

449 4017 662 4088 graue
715 3998 1015 4090 inprimis
1071 4006 1138 4070 et
1191 3996 1544 4071 molestius
1599 4006 1730 4080 est,
1784 3997 1965 4091 quod
2020 3994 2107 4069 ad
2161 3997 2292 4069 alia
2346 4000 2642 4068 maxime
2694 3999 3004 4092 urgentia
3057 3995 3281 4090 Regni
3343 3998 3561 4069 nostri
3613 4019 3785 4068 ne·

449 4102 649 4192 gocia
722 4102 1032 4195 occupati
1102 4109 1172 4173 et
1222 4102 1551 4190 distracti,
1622 4099 2009 4174 defensioni
2078 4112 2313 4174 vestre
2394 4101 2844 4197 personaliter
2892 4123 3033 4172 non
3081 4120 3472 4196 possumus,
3550 4111 3763 4195 provt

447 4205 745 4276 maxime
799 4214 1213 4300 optaremus,
1269 4228 1700 4294 succurrere,
1756 4214 1826 4278 et
1877 4227 2008 4280 nos
2062 4209 2253 4302 ipsos
2305 4208 2490 4277 iuxta
2547 4203 2957 4277 desiderium
3031 4213 3336 4277 nostrum
3397 4224 3761 4298 exponere

446 4310 533 4378 in'
567 4311 1060 4403 protectionem
1139 4320 1464 4384 vestram.
1568 4310 1719 4383 Nec
1772 4308 2114 4397 dubitetis,
2195 4308 2373 4405 quod
2445 4306 2562 4381 vbi
2613 4309 2802 4382 Deus
2875 4309 3066 4382 hisce
3116 4306 3291 4380 Belli
3345 4310 3759 4408 occupatio-

440 4410 667 4504 nibus,
722 4413 807 4485 ad
862 4412 1040 4508 quod
1093 4413 1356 4488 hostilis
1436 4413 1727 4487 insultus
1782 4423 1853 4487 et
1902 4417 2201 4486 maxime
2253 4412 2478 4507 Regni
2554 4416 2770 4485 nostri
2845 4410 3157 4485 defensio
3211 4432 3341 4485 nos
3397 4415 3751 4504 excitauit,

445 4528 649 4612 provt
701 4539 861 4613 spes
915 4515 1113 4592 nobis
1171 4522 1419 4615 optima
1473 4527 1606 4608 est,
1661 4515 2081 4608 liberaverit,
2152 4540 2292 4591 non
2345 4538 2704 4614 parcemus
2754 4515 3125 4607 laboribuS,
3204 4537 3343 4588 non
3397 4519 3755 4612 expensis,

448 4619 574 4694 sed
619 4631 690 4694 et
723 4644 1091 4718 personam
1144 4631 1215 4695 et
1264 4625 1453 4696 vires
1524 4630 1797 4696 nostras
1847 4643 1972 4717 pro
2027 4632 2260 4696 vestra
2316 4619 2718 4695 defensione
2773 4630 2842 4694 et
2877 4631 3053 4696 statu
3102 4619 3280 4694 illius
3333 4618 3557 4715 Regni
3608 4641 3773 4692 no·-

450 4727 570 4798 stri
618 4726 1089 4823 recuperando
1167 4724 1615 4799 libentissime
1697 4747 2142 4821 exponemus.
2247 4723 2504 4798 Verum
2558 4747 2647 4798 ne
2701 4724 2897 4799 nobis
2976 4729 3238 4797 interea
3308 4723 3396 4797 ad
3449 4726 3582 4797 alia
3628 4726 3765 4798 in·—

447 4832 649 4905 tentis
698 4841 768 4903 et
803 4834 1179 4926 occupatis,
1229 4828 1757 4924 Regnum-illud
1813 4839 1885 4902 et
1930 4852 2067 4904 vos
2123 4837 2254 4921 (ex
2289 4830 2742 4924 negligentia)
2798 4832 3053 4903 maiora
3109 4830 3493 4924 suscipiatis
3547 4827 3789 4901 dam·

449 4957 581 5030 pna
636 4943 706 5006 et
754 4937 1078 5026 iacturas,
1156 4931 1647 5031 prouidendum
1701 4933 2042 5025 duximus,
2097 4943 2173 5008 vt
2223 4933 2310 5006 ad
2365 4954 2793 5007 communem
2860 4931 3085 5027 Regni
3135 4932 3314 5006 illius
3385 4930 3759 5005 defensio-

446 5060 603 5111 nem
661 5040 1043 5112 communia
1098 5041 1394 5111 omnium
1465 5047 1772 5113 vestrum
1848 5040 2100 5112 auxilia
2174 5047 2606 5130 concurrant,
2675 5046 2753 5112 vt
2803 5038 3068 5112 collatis
3138 5039 3431 5110 inuicem
3491 5035 3765 5136 viribus

449 5140 742 5216 facilitas
819 5143 1135 5236 Regnum
1210 5143 1603 5217 incursandi
1674 5141 2058 5217 infidelibus
2111 5145 2452 5239 eripiatur.
2559 5139 3072 5215 Commissimus
3142 5145 3369 5235 itaque
3439 5138 3761 5214 fidelibus

451 5250 705 5319 nostris
754 5243 1138 5340 magnificis
1188 5247 1483 5320 Johanni
1534 5246 1723 5320 Tbuz
1768 5247 1856 5321 de
1892 5246 2036 5320 Lak
2090 5257 2161 5320 et
2209 5243 2525 5322 Ladislao
2577 5244 2961 5341 Egervara‚
3014 5245 3408 5340 Regnorum
3460 5254 3767 5319 nostro-

448 5369 594 5420 rum
646 5348 1015 5424 Sclauonie
1069 5360 1141 5426 et
1190 5348 1482 5425 Groacie
1535 5350 1753 5443 Bano,
1823 5361 1900 5423 vt
1950 5349 2155 5427 vobis
2223 5373 2431 5424 vuam
2505 5351 2899 5456 generalem
2957 5347 3577 5446 congregationem
3633 5350 3769 5424 in·—
