3950 5917
29 402 41 765 ι

31 1132 34 1333 l

3313 367 3470 455 313

1150 579 1165 586 ’
1265 586 1819 664 Art-iculus
1903 588 2349 664 Tertius.

459 789 593 880 Qui
643 802 871 867 autem
940 792 1187 869 domos
1238 802 1314 867 ut
1381 795 1587 868 etiam
1638 793 1878 891 Agros
1930 803 2003 869 et
2070 796 2245 871 alios
2317 794 2569 870 fundos
2619 794 2932 870 vendere
2989 795 3108 869 vel
3161 794 3469 894 opiguo-

134 915 331 985 rare,
392 904 512 969 aut
561 918 971 994 quocunque
1039 897 1175 971 alio
1227 897 1420 972 titulo
1472 908 1544 972 et
1595 920 2001 995 quacunque
2053 899 2142 974 de
2195 921 2407 975 causa
2462 901 2599 975 alio
2654 899 2820 976 dare
2871 900 3195 988 voluerit,
3271 899 3343 974 id
3391 908 3469 973 ut

140 1019 396 1177 :iculi-¹213¹
436 999 1139 1179 {ngsissabegtouuobus
1208 1002 1331 1077 vel
1368 1001 1613 1102 ‘tribus
1665 1001 1985 1077 'restibus
2036 1002 2247 1078 faciat
2297 1024 2600 1080 necesse
2652 1013 2784 1091 est,
2848 1003 3020 1078 alias
3072 1012 3469 1078 contractus

1253 1313 1812 1387 Articulus
1885 1312 2357 1402 Quartus.

460 1516 772 1610 Cuilibet,
844 1523 905 1593 si
955 1518 1236 1594 fundum
1306 1542 1504 1595 suum
1575 1521 1772 1594 aliter
1837 1520 2028 1595 adire
2079 1461 2219 1595 non
2290 1530 2543 1617 potest,
2609 1542 2738 1618 per
2797 1543 3043 1617 agrum
3096 1522 3308 1594 vicini
3360 1526 3472 1596 sui

136 1631 485 1697 consveto
555 1634 866 1720 tempore
946 1624 1150 1698 eundi
1226 1623 1664 1721 vehendique
1731 1622 1856 1700 Jus
1911 1633 2092 1714 esto,
2174 1625 2301 1700 sed
2369 1634 2690 1721 quantum
2742 1622 2892 1699 fieri
2962 1629 3210 1721 poterit
3257 1627 3468 1699 vicini

31 1788 32 1799 ,
136 1746 316 1820 agro
368 1725 459 1800 ab
509 1730 663 1824 ipso
713 1738 1048 1824 parcatur.

1252 1936 1808 2012 Articulus
1890 1936 2355 2023 Quintus.

457 2140 535 2214 Si
587 2144 739 2237 quis
791 2163 940 2216 rem
991 2163 1187 2216 suam
1221 2141 1421 2218 alteri
1471 2144 1559 2218 ad
1596 2153 1860 2218 certum
1908 2153 2178 2240 tempus
2214 2144 2798 2241 oppigneraverit,
2849 2142 3104 2238 illoque
3153 2152 3466 2240 tempore

31 2308 32 2313 Ν
132 2244 409 2340 ellapso
461 2243 757 2319 debitum
807 2268 949 2320 nou
1002 2249 1315 2340 solverit,
1367 2259 1530 2322 tune
1582 2247 1669 2321 ad
1721 2252 2108 2324 instantiam
2163 2246 2536 2322 creditoris
2590 2246 2678 2320 (le
2729 2245 3130 2321 redimendo
3174 2249 3466 2343 pignore

31 2346 32 2393 l
130 2369 261 2444 per
296 2346 643 2431 ⁴Knesium
698 2349 1169 2442 admoneatur,
1222 2361 1295 2430 et
1343 2355 1476 2427 nisi
1510 2352 1579 2426 id
1613 2356 1789 2427 iutra
1839 2363 1984 2427 tres
2035 2374 2315 2428 menses
2350 2350 2622 2444 fecerit,
2679 2352 2925 2448 pignus
2977 2372 3103 2448 per
3149 2349 3466 2424 Eundem

128 2450 469 2526 Knesium
523 2464 593 2528 et
644 2452 819 2530 duos
871 2454 987 2529 vel
1039 2466 1182 2529 tres
1237 2459 1553 2531 seniores
1586 2455 1759 2552 Pagi
1812 2461 2189 2551 estimetur,
2242 2465 2315 2530 et
2364 2456 2453 2531 de
2506 2478 2596 2531 eo
2634 2453 3097 2530 creditoribus
3138 2453 3462 2545 debitum,

133 2578 294 2629 cum
349 2578 470 2648 eo,
523 2558 703 2655 qnod
751 2561 1042 2635 interest
1094 2560 1486 2652 exolvatur,
1539 2560 1916 2636 Residuum
1965 2583 2143 2636 vero
2196 2559 2491 2635 Domino
2545 2562 2850 2657 pignoris
2903 2561 3315 2633 restituatur.

1283 2820 1844 2896 Articulus
1900 2820 2313 2898 Sextus.

450 3023 685 3099 Rebus
738 3025 982 3099 alienis
1035 3036 1274 3099 centra
1327 3037 1599 3124 pactum
1651 3027 1771 3103 vel
1819 3028 2244 3103 voluntatem
2315 3030 2423 3102 sui
2491 3027 2918 3125 proprietarii
2989 3048 3143 3101 cum
3215 3024 3466 3101 damno

130 3128 454 3204 eiusdem
506 3137 732 3224 utens,
801 3128 1029 3202 eidem
1078 3132 1528 3226 proprietario
1582 3155 1707 3229 pro
1760 3130 2066 3205 Arbitrio
2135 3131 2397 3207 Judicis
2471 3130 2848 3207 secundum
2919 3132 3164 3206 iustam
3236 3131 3464 3206 damni

31 3274 32 3277 κ
134 3235 688 3306 aestimationem
740 3231 1151 3309 satisfacere
1199 3244 1536 3310 teneatur.

1199 3469 1760 3543 Articulus
1839 3465 2392 3564 Septimus.

449 3676 1057 3750 Testamentareae
1109 3675 1597 3773 dispositiones
1650 3698 1888 3751 coram
1937 3675 2198 3752 Knesio
2253 3685 2324 3749 et
2375 3685 2668 3773 quatvor
2717 3675 2834 3750 vel
2871 3676 3165 3772 quinque
3215 3663 3459 3748 Testi-

122 3779 258 3856 bus
316 3778 711 3875 fidediguis,
766 3789 882 3855 aut
932 3802 1170 3854 coram
1222 3777 1609 3854 Sacerdote
1662 3789 1733 3854 et
1784 3778 2050 3856 duobus
2099 3779 2220 3855 vel
2268 3778 2483 3857 tribus
2534 3778 2765 3854 itidem
2835 3777 3200 3874 fidediguis
3247 3779 3461 3851 testi-

120 3883 258 3960 bus
316 3882 776 3975 celebrentur,
830 3882 1128 3959 adhibito
1176 3894 1408 3958 tamen
1461 3905 1739 3982 semper
1787 3882 2074 3958 Notario
2125 3885 2246 3959 vel
2295 3885 2454 3960 loco
2507 3887 2721 3984 ipsius
2776 3880 3040 3958 duobus
3100 3883 3254 3957 aliis
3302 3880 3460 3957 Te-

126 3989 354 4064 stibus
404 3986 748 4084 legitimis.

1225 4195 1788 4270 Articulus
1887 4194 2370 4271 Octavus.

445 4400 944 4478 Paterfamilias
996 4410 1202 4499 atque
1252 4400 1488 4478 liberis
1542 4400 1881 4477 defunctis
1935 4404 2159 4496 major
2208 4411 2376 4477 natu
2426 4399 2642 4478 frater
2683 4402 2804 4477 vel
2835 4403 3190 4502 proximus
3224 4422 3461 4497 agua-

118 4520 265 4600 tus,
338 4529 476 4581 una
546 4529 703 4582 cum
750 4506 960 4581 vidua
1029 4508 1298 4600 relicta,
1375 4506 1729 4581 Familiam
1797 4505 2156 4603 gubernet.
2263 4506 2463 4596 Quod
2516 4509 2578 4583 si
2628 4528 2804 4581 vero
2856 4505 3219 4581 defunctus
3267 4508 3462 4581 iuxta

120 4562 429 4687 Vicl’uam
478 4610 766 4686 Liberos
818 4632 1091 4708 quoque
1141 4611 1518 4708 reliquerit,
1568 4613 1720 4709 ipsa
1753 4609 1978 4686 Vidua
2030 4635 2167 4688 una
2220 4633 2376 4686 cum
2427 4610 2793 4688 'sutoribus
2841 4611 2964 4688 vel
3013 4607 3459 4686 Curatoribus

120 4717 437 4790 familiae
486 4718 770 4812 praesit,
846 4724 918 4788 et
964 4717 1191 4789 iunior
1239 4713 1641 4791 Liberorum
1693 4738 1847 4790 cum
1899 4717 2182 4815 reliquis
2232 4716 2421 4792 nullo
2473 4737 2692 4793 sexus
2751 4714 3149 4793 disci-imino
3223 4711 3460 4794 habito

115 4844 222 4894 ex
280 4842 505 4917 aequo
560 4820 648 4894 ad
697 4818 1188 4895 haereditatem
1239 4819 1645 4895 admittatur.

1290 5051 1850 5128 Articulus
1923 5050 2291 5129 Nonus.

420 5261 708 5356 Boves,
756 5282 1004 5359 equos,
1057 5281 1347 5350 vaccas,
1401 5280 1594 5348 suos,
1648 5279 1926 5357 capros,
1994 5280 2278 5357 porcos,
2344 5262 2581 5336 vinum
2631 5280 2719 5335 ac
2763 5258 3176 5335 numentum
3227 5257 3462 5334 ouh

118 5368 413 5464 generis
460 5366 739 5441 cullibet
785 5363 1257 5440 Valacborum
1299 5367 1481 5444 sieut
1527 5362 1681 5441 aliis
1729 5364 2133 5461 regnicolis,
2205 5366 2380 5440 intra
2432 5375 2506 5440 et
2554 5375 2753 5441 extra
2806 5362 3290 5542 Oupltaueatos
3339 5351 3458 5441 ni

338 5501 493 5574 (rm
520 5499 564 5558 1.
604 5499 781 5558 mvn.
813 5507 871 5556 ot
898 5497 1125 5571 mut.)
