3950 5917
3323 459 3420 534 st

156 684 324 760 quem
368 662 732 736 voluntarie
788 663 1153 755 elegerint,
1208 661 1460 740 audeat
1510 662 1843 753 iudicare,
1897 670 1969 737 et
2021 665 2084 739 si
2135 660 2224 736 ab
2278 665 2581 759 ipsorum
2633 661 2861 736 indice
2932 667 3430 759 conquerenti-

162 764 264 838 bus
306 764 595 838 satisfieri
646 786 791 838 non
844 769 1097 862 poterit
1148 765 1359 839 iudex
1413 789 1655 840 eorum
1706 769 1778 839 in
1827 775 2135 839 nostram
2188 769 2621 862 presenciam
2678 775 2749 838 et
2793 787 2932 839 non
2968 767 3167 854 alias,
3223 789 3432 862 super

166 870 283 964 ipsa
328 890 519 942 causa
568 871 817 940 citatus
889 867 1139 941 debeat
1210 879 1281 942 et
1348 878 1663 942 teneatur
1732 868 2204 965 respondere,
2273 878 2343 941 et
2394 872 2466 941 si'
2505 871 2638 965 ipsi
2690 868 2861 940 alias
2915 890 3152 941 coram
3204 869 3430 942 iudice

161 992 500 1066 quemquam
567 973 982 1067 impeterent
1033 993 1242 1067 super
1289 972 1544 1067 aliquo,
1615 975 1719 1047 eis
1771 971 2114 1046 iudicetur
2182 975 2655 1045 iuramentum.
2762 970 3136 1056 Statuimus
3180 976 3428 1062 eciam,

160 1072 304 1169 quod
332 1076 385 1146 si
414 1072 629 1146 banus
668 1076 774 1147 eis
812 1073 903 1145 ad
936 1073 1248 1148 valorem
1279 1078 1480 1148 unius
1518 1096 1751 1148 marce
1805 1073 2168 1170 dampnum
2204 1073 2497 1165 faceret,
2558 1079 2627 1147 in
2667 1075 2985 1170 centuplo
3038 1078 3430 1148 restitueret

160 1174 396 1266 Mem,
442 1185 673 1251 tamen
722 1175 908 1250 bano
960 1200 1099 1251 non
1154 1175 1377 1267 aliud,
1415 1180 1550 1252 nisi
1602 1177 1847 1252 domos
1901 1198 2065 1251 suas
2119 1181 2495 1250 occasione
2548 1175 2931 1251 descensus
2998 1177 3165 1251 dare
3219 1189 3426 1251 tene-

162 1287 338 1368 antur,
382 1301 499 1374 pro
562 1280 719 1352 aliis
787 1301 960 1353 uero
1028 1283 1450 1356 necessariis
1517 1284 1826 1377 precium
1896 1283 2276 1376 recipiant,
2349 1290 2419 1352 et
2472 1282 2530 1353 si
2586 1280 2827 1375 aliquis
2877 1283 3182 1377 ipsorum
3233 1282 3426 1378 prole

160 1384 425 1471 caruerit,
472 1391 616 1455 tam
666 1386 824 1480 ipso
878 1386 1182 1475 uiuente,
1238 1406 1442 1481 quam
1494 1382 1581 1456 ab
1625 1384 1762 1458 boc
1814 1384 2053 1458 seculo
2106 1387 2664 1476 transmigrante,
2717 1381 2898 1455 bona
2954 1405 3079 1457 sua
3133 1387 3427 1457 cuicun-

160 1505 264 1579 que
304 1485 577 1558 uoluerit
632 1485 850 1559 libere
905 1485 1222 1560 conferat
1269 1487 1670 1576 retinenda3
1724 1496 1795 1560 et
1832 1489 1892 1560 si
1930 1486 2173 1581 aliquis
2227 1485 2314 1559 de
2371 1486 2535 1559 villa
2590 1508 2799 1582 super
2850 1509 3030 1581 equo
3083 1488 3203 1559 vel
3247 1486 3427 1559 boue

162 1586 674 1683 calumpniaretur
724 1588 811 1662 ab
865 1590 1119 1684 aliquo,
1172 1612 1299 1687 pro
1354 1599 1607 1685 quanto
1663 1598 2166 1664 sacramentum
2235 1587 2474 1661 facere
2542 1594 3060 1684 presumpserit,
3112 1587 3243 1665 sibi
3295 1613 3428 1662 ca-

160 1688 431 1785 hnpnias
479 1692 774 1767 testibus
826 1692 1202 1766 astantibus
1255 1696 1608 1783 restituat,
1676 1702 1747 1764 et
1795 1714 1914 1766 res
1985 1714 2109 1788 pro
2165 1714 2297 1786 qua
2369 1691 2779 1765 causabatur
2830 1692 2916 1764 ad
2969 1696 3425 1788 requirentem

158 1793 491 1884 uoluatur,
544 1806 623 1869 et
674 1799 735 1868 si
787 1798 938 1894 quis
986 1799 1205 1893 ipsam
1258 1797 1493 1870 villam
1543 1800 1799 1869 intrare
1852 1795 2149 1868 uoluerit
2218 1805 2604 1867 moraturus
2624 1847 2649 1882 ,
2722 1799 2952 1868 omnia
3021 1795 3205 1870 bona
3277 1818 3427 1869 sua.

158 1892 352 1969 danos
383 1919 538 1971 suas
601 1908 674 1971 et
713 1900 847 1971 alia
900 1921 1033 1994 que
1085 1899 1422 1996 possidet,
1478 1898 1791 1972 omnibus
1846 1896 2220 1972 scientibus
2274 1898 2557 1998 liberam
2611 1896 2861 1970 babeat
2913 1898 3264 1972 vendendi
3309 1898 3428 1970 fa-

162 1998 461 2091 altatem,
527 2012 609 2076 et
656 2001 999 2077 recedens
1070 2003 1159 2076 de
1228 2002 1392 2075 villa
1459 2005 1755 2075 retineat
1824 2001 2136 2074 eandem.
2241 1999 2330 2072 Et
2399 2003 2780 2091 statuimus,
2850 2010 2925 2073 ut
2995 2001 3426 2076 sacerdotem

162 2122 567 2200 quemcunque
625 2106 995 2197 voluerint,
1047 2109 1119 2179 in
1173 2127 1366 2179 suam
1420 2108 1753 2202 recipiant
1793 2104 2191 2194 ecclesiam,
2246 2102 2333 2176 de
2371 2102 2658 2176 decimis
2704 2125 2970 2193 eorum,
3024 2114 3224 2201 prout
3274 2126 3428 2176 mos

160 2214 245 2276 cst
284 2205 642 2303 hospitibus
695 2207 1080 2304 ubicunque
1140 2206 1570 2283 manentibus
1624 2207 2092 2304 disponentes.
2197 2205 2480 2279 Terram
2534 2216 2763 2280 autem
2827 2206 3098 2302 Gurgus
3153 2215 3224 2280 et
3274 2216 3429 2280 ter-

162 2326 273 2380 rm
312 2306 642 2384 Waratuk
694 2316 846 2385 sine
898 2311 1156 2385 herede
1209 2310 1732 2401 decedencium,
1786 2320 1858 2383 et
1910 2313 2133 2382 eciam
2185 2319 2440 2382 terram
2494 2309 3050 2400 cruciferrorum,
3103 2331 3303 2406 quam
3362 2313 3427 2381 in

160 2412 500 2486 concambio
553 2413 946 2506 habuimus,
996 2437 1128 2510 que
1172 2416 1385 2510 vulgo
1437 2414 1677 2492 Haaco
1735 2423 1806 2486 et
1857 2412 2082 2485 Potok
2133 2421 2446 2504 uocatur,
2500 2415 2699 2487 metis
2751 2413 3083 2488 distinctis
3136 2412 3444 2508 undiqueÎ‡

166 2513 375 2588 eisdem
423 2518 914 2609 conferentes,
986 2540 1268 2614 quarum
1320 2527 1504 2590 mete
1576 2515 2145 2612 quemadmodum
2216 2516 2301 2587 ab
2377 2515 2634 2589 andrea
2696 2516 2972 2590 bomine
3048 2527 3289 2590 nostro
3346 2514 3431 2587 ad

168 2612 270 2688 hoe
312 2617 476 2710 dato,
528 2621 914 2710 referente,
964 2624 1397 2717 percepimus
1451 2628 1609 2694 sunt
1658 2619 1828 2693 hec:
1883 2623 2098 2714 prima
2151 2628 2333 2691 meta
2385 2621 2618 2714 incipit
2672 2641 2712 2691 a
2763 2611 3194 2692 meridionali
3238 2628 3431 2716 parte

166 2715 237 2789 de
274 2718 508 2797 duobus
561 2727 872 2820 quercis,
920 2724 1082 2797 inde
1138 2721 1497 2799 descendit
1552 2722 1638 2795 ad
1690 2732 1966 2819 puteum
2021 2731 2091 2795 et
2151 2721 2311 2794 inde
2365 2721 2725 2795 descendit
2773 2744 2900 2819 per
2951 2745 3197 2819 aquam
3248 2727 3431 2817 putei

168 2820 223 2891 in
262 2821 495 2898 fluuium
565 2828 902 2921 Dragun,
977 2836 1049 2898 et
1116 2826 1278 2899 inde
1345 2828 1658 2922 superius
1729 2823 1945 2898 tendit
2015 2824 2106 2896 ad
2169 2828 2357 2922 yiam
2425 2847 2771 2919 magnam,
2843 2835 2915 2898 et
2964 2848 3091 2922 per
3142 2824 3435 2898 eandem

166 2922 316 2996 vadit
350 2951 555 3025 nsque
611 2929 707 3002 ad
761 2929 1079 3004 arborem
1132 2932 1248 3025 qui
1300 2931 1699 3004 sclauonice
1752 2927 2000 3000 dicitur
2050 2925 2391 3018 Ozkurus,
2443 2926 2604 3000 inde
2655 2950 2784 3024 per
2834 2929 3089 3003 vallem
3118 2931 3432 3025 superius

166 3024 237 3096 ad
276 3031 479 3104 uineas
534 3033 626 3105 de
681 3032 956 3123 Dobuk,
1006 3033 1167 3106 inde
1218 3055 1347 3129 per
1397 3053 1716 3126 magnam
1785 3034 1963 3103 uiam
2021 3030 2204 3104 ducit
2255 3030 2342 3102 ad
2397 3030 2715 3103 arborem
2787 3042 3119 3123 castane,
3193 3042 3261 3105 et
3311 3054 3437 3127 per

166 3135 357 3205 sanita
414 3134 596 3210 ducit
651 3140 726 3209 in
777 3136 1201 3229 longitudine
1271 3138 1558 3226 montis,
1627 3156 1848 3229 usque
1918 3132 2034 3205 ubi
2107 3132 2467 3207 descendit
2533 3133 2774 3208 subtus
2827 3138 3203 3231 piscinam,
3276 3134 3435 3208 inde

170 3234 419 3309 ascendit
463 3262 692 3336 usque
746 3239 834 3311 ad
903 3249 1048 3314 tres
1118 3248 1340 3312 metas
1394 3247 1466 3311 et
1514 3235 1676 3311 inde
1744 3235 2034 3311 inferius
2086 3239 2158 3309 in
2227 3235 2616 3327 Petrinam,
2688 3248 2758 3310 et
2811 3241 2916 3313 sic
2984 3261 3112 3333 per
3163 3235 3435 3310 fluuium

166 3329 383 3412 Pau-ine
431 3341 750 3416 ascendit
799 3364 1018 3437 usque
1073 3340 1161 3415 ad
1230 3339 1504 3414 fluuium
1581 3339 2012 3437 Belypotok,
2090 3349 2163 3413 et
2211 3361 2338 3435 per
2389 3338 2680 3413 eundem
2735 3340 3048 3415 ascendit
3098 3363 3226 3437 per
3276 3363 3434 3413 ma-

167 3455 328 3530 gnam
370 3447 544 3518 uiam
618 3449 969 3542 antiquam
1037 3448 1111 3519 in
1176 3443 1681 3539 Damasingran
1751 3445 1936 3537 (sic)
1993 3452 2066 3515 et
2124 3441 2285 3515 inde
2353 3440 2644 3517 inferius
2709 3442 3056 3518 ueniendo
3128 3443 3440 3520 ascendit

164 3538 235 3610 td
272 3543 562 3620 arborem
616 3552 780 3645 piri,
852 3558 924 3622 et
971 3546 1133 3621 inde
1186 3551 1257 3621 in
1305 3558 1633 3637 montem,
1706 3556 1777 3620 et
1825 3568 1952 3642 per
2006 3545 2297 3618 eundem
2366 3548 2557 3619 uenit
2605 3549 2677 3619 in
2727 3549 2912 3619 uiam
2965 3569 3098 3644 que
3152 3550 3299 3621 exit
3351 3545 3438 3621 de

166 3637 339 3740 fflyna
387 3652 566 3745 (sic)
625 3662 702 3725 et
751 3674 879 3746 per
925 3651 1114 3724 illam
1165 3649 1451 3725 inferius
1503 3653 1572 3723 in
1627 3671 2025 3745 precopam,
2079 3658 2151 3721 et
2199 3648 2360 3722 inde
2429 3652 2619 3723 uenit
2679 3652 2751 3723 in
2811 3661 3064 3725 metam
3114 3660 3440 3736 terream,

162 3754 220 3816 et
255 3750 390 3824 inde
442 3754 688 3828 subtus
724 3753 1092 3850 Strizicby,
1144 3753 1564 3827 transeundo
1619 3751 1955 3848 quandam
2012 3774 2293 3847 aquam,
2345 3756 2657 3849 peruenit
2707 3757 2778 3827 in
2832 3754 3170 3851 quandam
3222 3752 3440 3826 arboÎ‡
3587 3811 3596 3816 -

163 3868 276 3924 rcÎ‡
318 3858 461 3949 piri,
515 3867 589 3931 et
649 3857 812 3931 inde
881 3858 1070 3931 uadit
1118 3859 1190 3929 in
1273 3854 1649 3930 Cochinam
1719 3865 1791 3929 et
1857 3855 2018 3929 inde
2085 3854 2172 3927 ad
2241 3865 2445 3952 caput
2513 3855 2849 3947 eiusdem,
2899 3868 2972 3931 et
3021 3857 3181 3932 inde
3235 3878 3440 3952 supra

165 3965 413 4031 nentem
462 3960 656 4035 uadit
707 3964 776 4034 in
828 3964 1037 4052 uiam,
1100 3982 1234 4055 que
1287 3959 1473 4033 ducit
1523 3962 1595 4032 in
1645 3958 1915 4050 Rauna,
1985 3957 2213 4052 ibique
2261 3958 2801 4055 supradictarum
2870 3969 3207 4034 terrarum
3257 3968 3442 4033 mete

162 4059 574 4137 terminantur.
685 4063 1014 4137 Preterea
1068 4086 1224 4136 cum
1275 4066 1494 4159 ipsam
1547 4062 1778 4136 villam
1832 4059 2211 4159 hospitibus
2290 4062 2682 4135 omnimode
2736 4065 3086 4159 cupiamus
3138 4059 3439 4159 pluribus

164 4161 463 4256 ampliari,
539 4179 800 4241 terram
877 4171 1086 4240 etiam
1135 4166 1577 4263 Kenesepola
1645 4168 1923 4238 nomine
1993 4165 2443 4259 integraliter,
2514 4166 2726 4239 saluis
2778 4166 3107 4239 videlicet
3171 4164 3441 4262 populis

158 4257 361 4338 ffiidem
411 4269 896 4362 existentibus,
951 4293 1108 4344 cum
1168 4273 1502 4366 porcione
1553 4289 1751 4366 vooy
1801 4278 1872 4342 et
1923 4270 2410 4363 generacionis
2453 4271 2696 4365 ipsius,
2749 4292 2884 4343 nec
2935 4291 3074 4343 non
3128 4278 3200 4342 et
3250 4267 3440 4341 filio-

158 4382 274 4439 Î™Î™Î™
304 4371 559 4468 alpetri,
600 4377 716 4469 qui
752 4373 841 4447 de
875 4377 1150 4470 propria
1177 4374 1534 4448 voluntate
1571 4394 1837 4463 eorum,
1879 4371 2176 4445 eundem
2211 4374 2576 4478 seruicium
2613 4372 2796 4468 quod
2825 4383 2896 4445 et
2923 4372 3231 4468 hospites
3271 4393 3441 4444 sus-

158 4485 461 4567 oeperunt,
514 4480 725 4551 terris
775 4482 915 4551 iam
967 4478 1305 4551 dictorum
1356 4476 1695 4573 hospitum
1750 4485 2141 4550 nostrorum
2195 4475 2627 4550 adiunximus
2679 4479 2836 4550 usui
2887 4496 3129 4549 eorum
3158 4484 3231 4549 et
3273 4475 3440 4549 illo-

159 4589 275 4646 ru
321 4586 698 4655 statuentes
748 4580 1264 4677 possidendam,
1317 4590 1552 4677 preter
1596 4578 1904 4653 Zolnam.
2010 4578 2164 4652 Nec
2213 4579 2349 4652 boc
2399 4588 2631 4652 tamen
2685 4577 2810 4653 sub
2858 4579 3147 4653 silencio
3200 4580 3442 4654 volui-

160 4693 279 4749 Î¹Î¹Î¹
322 4687 681 4775 preterire,
735 4683 915 4780 quod
968 4683 1260 4781 predicti
1312 4683 1621 4780 hospites
1673 4686 1890 4756 nostri
1941 4683 2144 4756 nobis
2197 4686 2538 4756 annuatim
2593 4704 2720 4779 pro
2797 4682 3094 4757 collecta
3169 4693 3440 4756 centum

162 4795 373 4871 penus
424 4795 495 4860 et
543 4810 675 4884 pro
690 4765 976 4861 ffributo
1031 4787 1166 4860 fori
1221 4790 1494 4881 triginta
1546 4808 1802 4882 pensas
1875 4787 2153 4860 soluere
2224 4796 2582 4876 tenentur,
2636 4796 2708 4858 et
2776 4786 3090 4861 similiter
3138 4786 3442 4884 predicta

162 4885 311 4955 tum
356 4886 792 4986 Kenesepola
864 4900 1135 4965 centum
1205 4912 1485 4987 pensas.
1589 4889 1678 4962 Et
1748 4898 1821 4962 ut
1871 4889 2005 4962 bec
2058 4890 2212 4964 talis
2266 4912 2307 4961 a
2352 4887 2552 4962 nobis
2624 4911 2966 4964 concessa
3039 4890 3323 4965 libertas
3374 4892 3444 4964 iu

160 4977 389 5063 dubium
454 4994 742 5068 ulterius
809 5016 953 5068 non
1018 4997 1243 5090 possit
1309 4997 1674 5084 reuocari,
1747 5014 2096 5068 consensu
2150 5000 2221 5065 et
2273 4992 2563 5066 consilio
2618 4998 2920 5068 omnium
2987 4993 3447 5088 Jobagionun

162 5098 529 5187 morum,
581 5096 909 5171 videlicet
961 5096 1259 5195 Nicolay
1327 5096 1512 5188 bani,
1566 5119 1653 5169 ac
1704 5098 2015 5190 magistri
2077 5095 2643 5170 Towarnicorum
2664 5150 2689 5189 ,
2758 5097 3090 5176 Demetrii
3140 5096 3470 5196 magistri,

161 5185 573 5288 á¼„Î²Î±Ï„Î¿Î¹-Ï€Ï‰
630 5211 701 5273 et
747 5203 1018 5274 comitis
1071 5201 1161 5274 de
1211 5199 1518 5294 Budrug,
1580 5199 1872 5273 Arnoldi
1941 5202 2212 5275 comitis
2265 5200 2353 5274 de
2423 5199 2765 5299 Symigio,
2834 5198 3110 5274 Martini
3175 5199 3447 5274 comitis

162 5286 233 5365 á½
274 5296 450 5393 Î–Î¹Î™Î¹,
500 5314 573 5376 et
627 5304 938 5388 aliorum,
1007 5305 1271 5378 litteras
1336 5313 1612 5378 nostras
1667 5303 1872 5398 sigilli
1917 5305 2138 5377 nostri
2191 5307 2555 5380 munimine
2607 5303 2970 5378 roboratas
3039 5299 3209 5376 dare
3262 5322 3448 5376 con-

163 5405 474 5481 Î¸á¿ Îºá½¶Î¹Î¹Î¹Î¹.
525 5407 776 5482 Datum
837 5429 965 5507 per
1033 5412 1433 5506 magistrum
1503 5405 1701 5506 Fyle,
1775 5405 2094 5481 dilectum
2166 5430 2254 5481 ac
2314 5406 2588 5484 fidelem
2656 5398 2965 5482 nostrum
3025 5408 3482 5506 preposita-2.
