3950 5917
525 434 683 508 45⁶

1897 1140 2483 1223 ccmvnl.

1395 1478 1604 1548 Anno
1665 1474 1900 1547 1776.
1958 1477 2071 1547 die
2129 1475 2199 1547 2.
2256 1473 2595 1548 Octobris.
2654 1475 3087 1570 Zaqrabiae.

520 1782 1073 1862 Intimatum
1171 1778 1605 1859 Consilii
1672 1776 2124 1856 Croatici
2208 1778 2318 1857 de
2381 1773 2643 1857 Urbe
2710 1790 2798 1857 et
2860 1790 3142 1883 portu
3204 1776 3835 1882 Fluminensi,

524 1944 702 1998 nec
793 1941 982 1998 non
1063 1916 1358 1997 Bonis
1442 1914 2493 2017 Buccarensibus‚.in
2589 1927 3047 2018 quantum
3134 1914 3836 1994 Carolostadio

515 2053 923 2133 Flumen
984 2077 1345 2132 versus
1409 2051 1515 2130 ad
1582 2052 2022 2131 dextram
2085 2055 2313 2130 viae
2379 2050 2921 2131 carolinae
2984 2057 3175 2131 sita
3241 2065 3510 2157 sunt,
3582 2052 3834 2133 Civi-

513 2194 722 2268 tate
818 2191 1251 2293 denique
1349 2187 2215 2268 Carolostadiensi
2311 2189 2871 2268 immediate
2959 2187 3298 2293 Regno
3380 2188 3840 2268 Croatiae

1434 2330 2286 2429 reincorporatiS‚
2354 2337 2923 2405 emanatum.

828 2622 1437 2710 Excellentissimi„
1517 2620 1960 2696 lllustrissimi
2033 2631 2161 2694 etc.
2269 2621 2694 2716 Dignabatur
2747 2623 2886 2693 Sua
2943 2621 3160 2693 Sacra
3221 2620 3840 2714 Caesareo-Regia

514 2737 584 2799 et
637 2726 1040 2821 Apostolica
1095 2723 1427 2816 Majestas
1481 2746 1606 2819 pro
1663 2734 1964 2796 materna
2040 2746 2162 2798 sua
2219 2728 2286 2796 in
2340 2723 2605 2820 publica
2672 2725 2895 2818 Regni
2965 2725 3361 2818 Hungariae
3425 2735 3495 2795 et
3551 2725 3840 2797 Par-tium

519 2828 746 2900 eidem
829 2826 1247 2899 adnexarum
1305 2826 1678 2900 Commoda
1763 2836 1832 2898 et
1903 2824 2406 2899 lucrementum
2478 2827 2809 2900 hactenus
2882 2830 3087 2899 etiam
3157 2827 3536 2922 praehabiti
3617 2832 3685 2901 in
3762 2829 3840 2899 iis

510 2928 923 3001 Commercii
995 2929 1473 3017 sollicitudine,
1557 2952 1642 3002 ac
1712 2929 2040 3025 peculiari
2110 2928 2310 3020 huJus
2375 2929 2804 3002 Documento
2879 2939 2949 3002 et
3003 2927 3381 3002 Clementia
3440 2930 3841 3002 Caesareo-

507 3030 729 3124 Regia
784 3032 1095 3124 Benigne
1146 3033 1536 3121 resolvere,
1594 3040 1669 3102 ut
1729 3031 1909 3104 Urbs
1954 3039 2025 3103 et
2060 3031 2326 3103 Portus
2377 3034 2862 3120 Fluminensis,
2915 3054 3044 3104 nec
3090 3054 3234 3104 non
3284 3034 3495 3105 Bona
3554 3036 3842 3104 Bacca-

507 3142 802 3221 riemia,
876 3142 945 3203 in
1002 3144 1327 3226 quantum
1402 3134 1528 3205 illa
1585 3136 2037 3205 Carlostadio
2095 3136 2380 3205 Flumen
2452 3158 2696 3206 versus
2759 3137 3274 3228 proficiscendo
3348 3136 3451 3205 ad
3515 3138 3842 3206 dea-Iram

504 3244 672 3307 viae
729 3237 1112 3307 Cat-olinae
1149 3246 1291 3307 sita
1347 3245 1507 3307 sunt
1561 3237 1934 3328 (Baccari,
1993 3237 2439 3308 Buce-aricza
2494 3248 2563 3310 ei
2623 3239 3075 3325 Porio-Ree‚
3129 3246 3476 3331 tamquam
3535 3242 3639 3309 ad
3688 3239 3845 3308 lae--

506 3361 667 3410 vam
724 3340 960 3410 dictae
1010 3346 1174 3409 viae
1231 3341 1616 3411 Carolinae
1667 3347 1827 3410 sitis
1875 3363 2011 3433 pro
2058 3340 2269 3411 Statu
2320 3342 2627 3412 Militari
2676 3341 3010 3431 relictis),
3059 3347 3215 3432 ipsa
3263 3349 3662 3434 praeterea
3719 3342 3842 3410 Ci-

505 3449 695 3511 eilas
768 3442 1412 3514 Carolostadiensis
1493 3449 1565 3511 in
1638 3442 1972 3514 Liberam
2045 3444 2483 3537 Reqiamque
2556 3446 2925 3514 Civitatem
3004 3444 3364 3515 evehenda
3444 3447 3846 3515 immediate

506 3545 758 3638 Reqno
815 3545 1157 3615 croatiae
1212 3553 1883 3638 remeet-porculum
1938 3566 2032 3617 ex
2070 3546 2295 3616 taliter
2338 3568 2546 3641 porro
2601 3545 3309 3639 neo-incorporandis
3345 3544 3674 3618 Partibus
3711 3567 3844 3618 no-

504 3668 637 3718 vus
675 3643 1049 3720 Comitatus
1098 3651 1426 3741 erigatur,
1482 3648 1804 3743 idemque
1858 3651 1929 3717 in
1986 3647 2298 3722 omnibus
2354 3648 2441 3721 ad
2493 3671 2804 3720 normam
2859 3649 3143 3720 aliorum
3183 3647 3646 3721 Comitatuum
3702 3652 3844 3740 (iis,

504 3771 680 3843 quae
761 3772 928 3821 mox
1008 3750 1469 3822 declarandae
1542 3751 1922 3821 Directioni
2016 3748 2408 3822 Guberniali
2483 3754 2549 3823 in
2622 3751 2883 3823 Puncto
2958 3750 3368 3824 Comei-ciali
3449 3752 3844 3823 immediate

500 3862 1057 3939 reservarentur.²
1143 3854 1496 3947 exceptis)
1587 3853 1895 3924 Consilio
1976 3854 2138 3924 hnic
2217 3857 2449 3949 Reqio
2530 3854 3055 3943 subm-dinewr,
3142 3862 3426 3949 eiusque
3478 3855 3846 3926 Jurisdic-

503 3961 688 4024 tiom‘
731 3954 971 4026 subsit.

814 4134 949 4206 Pro
1003 4134 1263 4208 Eadem
1339 4154 1545 4229 porro
1618 4133 2135 4231 praedeclarata
2210 4135 2518 4208 Materna
2575 4135 2717 4210 Sua
2773 4135 3244 4210 Sollicitudine
3314 4145 3519 4230 atque
3577 4136 3834 4209 Provi-

502 4234 756 4325 dentia,
829 4237 1078 4309 volens
1149 4241 1490 4328 nimirum,
1575 4247 1645 4309 ut
1696 4237 1840 4310 Res
1897 4234 2239 4311 Comei-cii
2311 4241 2378 4311 in
2432 4241 2757 4312 Districtu
2833 4250 2901 4311 et
2951 4239 3157 4311 Portu
3226 4239 3361 4311 hoc
3411 4238 3837 4311 Fluminensi

500 4360 595 4411 ex
648 4342 796 4434 ipsa
853 4339 1161 4412 ordinata
1234 4351 1438 4435 atque
1493 4343 1933 4436 systematica
1991 4342 2516 4436 manipulatione
2571 4342 2656 4412 ad
2713 4351 2954 4416 statum
3012 4341 3474 4414 florentiorem
3563 4342 3837 4415 eveha-

499 4451 634 4532 tur,
714 4443 892 4515 ultro
969 4442 1373 4536 dignabatur
1426 4444 1566 4517 Sua
1621 4442 2099 4515 sacratissima
2155 4443 2487 4534 Majestas
2541 4443 2709 4516 Urbi
2782 4456 2850 4517 et
2900 4443 3132 4517 Portui
3201 4443 3360 4516 huic
3410 4443 3838 4517 Fluminensi

500 4542 867 4617 Dominum
915 4544 1288 4641 Josephum
1341 4546 1621 4619 Mailath
1687 4545 1773 4618 de
1829 4544 2206 4642 Szekhely.,
2263 4547 2556 4619 antehac
2611 4545 3038 4618 Cameralem
3092 4543 3576 4620 consiliarium
3635 4547 3837 4622 Auli-

497 4670 653 4719 cum
702 4658 773 4721 et
807 4648 1406 4738 Referendarium,
1460 4656 1531 4722 in
1586 4649 1921 4735 Qualitate
1972 4647 2492 4732 Gubernatoris„
2547 4671 2631 4721 ac
2685 4672 2838 4722 cum
2892 4652 3061 4744 pari,
3112 4672 3198 4721 ac
3253 4647 3510 4723 Comes
3569 4673 3615 4722 a
3671 4649 3835 4722 Zin-

493 4749 794 4823 zendorf
838 4750 1156 4845 Ter-gesti
1212 4749 1497 4843 obtinet,
1577 4755 1925 4824 activitate
1999 4751 2377 4846 iisdemque
2431 4752 2945 4846 Praerogativis
3015 4751 3424 4847 praeficere,
3498 4753 3835 4848 simulque

492 4851 669 4926 Eum
741 4876 866 4950 pro
923 4853 1299 4930 Comitatus
1358 4877 1452 4927 ex
1526 4854 2113 4950 reincorporando
2168 4854 2302 4927 hoc
2354 4855 2679 4929 Districtu
2736 4854 3139 4928 efformandi
3206 4864 3277 4929 et
3343 4858 3631 4928 nomine
3693 4855 3834 4927 Co-

491 4960 766 5032 mitatus
822 4955 1312 5032 Severinensis
1372 4958 1787 5052 insigniendi
1846 4958 2183 5052 Supremo
2241 4956 2505 5031 Comite
2561 4958 2938 5031 clementer
2990 4957 3457 5031 denominare.

804 5137 1144 5215 Noverint
1177 5142 1384 5234 igitur
1435 5138 1915 5211 Praetitulatae
1960 5139 2045 5211 D.
2083 5138 2379 5211 Vestrae
2427 5136 3044 5211 Clementissimam
3079 5137 3260 5210 hanc
3299 5136 3831 5211 Resolutionem

489 5239 783 5334 Regiam
838 5239 976 5315 fine
1030 5248 1235 5316 etiam
1290 5252 1359 5314 et
1414 5263 1630 5337 scopo
1684 5242 1829 5332 illo,
1884 5245 2062 5313 utin
2101 5238 2550 5314 commerciis
2601 5240 2874 5313 Partem
2931 5238 3262 5315 habentes
3299 5250 3370 5313 et
3405 5238 3835 5313 Traficantos

490 5341 923 5437 Regnicolae
976 5367 1139 5419 sese
1212 5345 1513 5441 dirigere
1566 5345 1848 5420 valeant
1918 5353 1989 5416 et
2042 5367 2176 5440 quo
2235 5365 2314 5418 se
2370 5353 2784 5419 convertere
2840 5345 3086 5435 sciant,
3156 5347 3331 5417 intra
3384 5341 3834 5418 Jurisdictio·
