3950 5917
466 433 569 508 54

458 638 686 715 verbo
753 638 842 713 ed
909 636 1199 713 verbum
1274 634 1713 737 presentibus
1797 634 2117 711 damu
2186 634 2651 712 inserendum.
2755 634 2891 725 Qut
2943 644 3055 709 est
3101 635 3279 709 τῶι.
3359 634 3438 710 ln
3503 639 3810 712 nomino

466 753 711 819 sancte
778 742 1125 818 'l'tinitetie
1193 753 1266 816 et
1320 741 1673 816 individue
1741 744 2038 816 unitatis.
2145 737 2566 815 Golomanus
2635 738 2750 813 dei
2801 741 3020 834 gratia
3090 738 3562 812 Rubenerum
3628 739 3810 813 Rex

470 857 542 921 et
594 847 969 922 Selavonie
1018 846 1206 937 nux,
1257 844 1621 920 Universis
1662 855 1802 919 tam
1844 842 2308 940 presenfibus,
2360 865 2561 939 quam
2613 847 2916 939 pesteris
2955 852 3320 940 mutes
3355 842 3620 918 litteras
3667 847 3814 917 in·-

470 955 809 1049 specturis
858 951 1149 1025 salutem
1204 959 1272 1023 et
1326 970 1533 1024 omne
1578 948 1853 1021 bonum.
1958 946 2156 1020 Licet
2203 946 2518 1022 omnibus
2570 945 2732 1020 fidei
2785 946 3156 1020 christiane
3200 944 3573 1022 cultoribus
3623 947 3806 1019 eel-

471 1055 696 1128 situdo
748 1053 969 1148 Regia
1021 1051 1392 1128 subvenire
1444 1061 1785 1143 teneatur,
1853 1050 1987 1124 hiis
2037 1054 2463 1147 potlssimum
2533 1069 2747 1146 opera
2817 1049 3291 1124 misericordie
3358 1053 3808 1148 propensio&

467 1179 634 1231 cura
688 1156 895 1230 debet
943 1155 1367 1254 inpendere,
1420 1156 1535 1252 qui
1588 1164 1659 1229 et
1713 1175 1990 1227 erucem
2045 1152 2466 1227 salutiferam
2518 1175 2606 1226 ac
2658 1152 3092 1249 sepulchrum
3146 1152 3558 1227 dominicum
3602 1175 3811 1227 con-

464 1271 569 1334 tra
625 1260 1034 1334 cotidianum
1088 1277 1508 1356 paganorum
1563 1262 1882 1354 inpetum
1928 1260 2190 1364 ,propt-ii
2245 1259 2598 1352 sanguinis
2652 1256 2990 1331 effusione
3039 1256 3472 1332 laadffltiter
3520 1279 3605 1329 ac
3649 1256 3812 1331 de·-

465 1374 634 1438 vote
686 1362 1100 1453 confovere,
1150 1366 1541 1460 pariterque
1591 1370 1963 1458 protegere
2032 1359 2497 1436 dinoscuntur.
2600 1358 2911 1433 Fratrum
2981 1362 3187 1454 igitur
3237 1357 3476 1433 Bilitie
3523 1359 3810 1457 Templi
3949 1365 3950 1410 ³

464 1468 865 1562 religiosam
918 1466 1359 1541 devotionem
1414 1476 1487 1539 et
1535 1463 1856 1540 assiduos
1919 1462 2228 1556 labores,
2298 1485 2476 1560 ques
2529 1461 2618 1536 ab
2685 1461 2997 1539 hostibus
3049 1467 3278 1536 crucis
3345 1462 3596 1538 ctu-nti
3669 1466 3811 1536 in·-

468 1579 833 1645 cessanter
878 1569 1258 1667 perferunt,
1312 1567 1861 1657 considerantes,
1915 1566 2195 1662 dignum
2251 1576 2322 1640 et
2372 1570 2844 1641 necessarium
2899 1566 3217 1640 duximus
3270 1587 3516 1641 omnes
3565 1565 3810 1639 Ten-
3949 1577 3950 1620 ³

468 1675 753 1771 plerios‚
807 1678 920 1768 qui
972 1672 1149 1746 infra
1228 1671 1566 1746 Ducatum
1635 1681 1947 1747 nostum
2018 1671 2396 1745 Sclavenie
2469 1680 2649 1758 sunt,
2720 1671 3051 1745 terminos
3122 1682 3258 1743 tam
3312 1673 3383 1743 in
3451 1669 3808 1744 Dalmatio
3947 1713 3950 1722 ·

470 1797 669 1872 quam
725 1780 796 1850 in
848 1773 1154 1866 Oroatia,
1209 1786 1281 1850 et
1331 1778 1560 1849 omnia
1631 1773 2012 1849 eorundem
2079 1773 2261 1848 bona
2333 1773 2610 1847 mobilia
2665 1783 2736 1846 et
2784 1771 3155 1849 immobilia
3226 1772 3477 1870 ubique
3549 1782 3806 1847 contu-n

470 1877 840 1975 quemlibet
889 1879 1234 1953 hominem
1284 1889 1683 1976 protegere,
1735 1887 1811 1952 ut
1841 1881 2192 1974 proposita
2239 1898 2367 1951 sue
2419 1876 2814 1953 devotionis
2856 1877 3077 1973 regali
3130 1881 3348 1972 gratia
3419 1888 3491 1950 et
3535 1880 3810 1951 virtute

472 1986 729 2072 secun}
783 1983 1139 2078 tranquilla
1188 2005 1367 2079 pace
1434 1982 1615 2075 Regi
1684 1979 1934 2055 Christi
2004 1981 2424 2055 deserviant.
2494 1981 2928 2057 Aeeten-itate
2978 1990 3216 2056 nostra
3288 1984 3808 2072 consumimus,

468 2097 539 2159 ut
593 2088 816 2161 nullus
869 2086 1056 2175 Dux,
1108 2088 1332 2160 nullus
1384 2087 1644 2175 Banus,
1695 2085 1920 2159 nullus
1974 2081 2231 2158 Comes
2280 2085 2402 2159 vel
2453 2085 2758 2176 Baiulus‚
2810 2107 2946 2159 nec
2994 2085 3236 2180 aliquis
3289 2085 3465 2159 alius
3514 2088 3583 2158 in
3627 2084 3812 2157 Du·-

470 2201 626 2262 catu
678 2200 918 2264 nostro
972 2189 1349 2263 Sclavenie
1404 2189 1845 2276 descensum,
1897 2189 2017 2261 vel
2065 2186 2339 2286 aliquod
2391 2187 2733 2279 tributum,
2804 2190 2922 2261 vel
2993 2188 3382 2279 collectam,
3432 2189 3551 2260 vel
3601 2187 3812 2260 libe-

468 2316 587 2366 ros
643 2293 967 2367 denarios
1023 2296 1176 2367 sive
1229 2297 1662 2376 marturinae„
1741 2292 1861 2365 vel
1916 2290 2241 2365 denarios
2318 2291 2670 2386 ponderis,
2751 2291 2866 2363 vel
2945 2290 3290 2365 bominum
3374 2301 3812 2387 computum,

468 2399 587 2470 vel
643 2400 1082 2470 exactionem
1135 2395 1425 2492 aliquam
1513 2400 1667 2471 sive
1723 2394 1994 2490 aliquod
2062 2417 2237 2468 onus
2310 2398 2707 2490 cuiusquam
2780 2393 3047 2491 publice
3126 2394 3523 2482 functionis,
3602 2417 3814 2490 quo-

470 2522 761 2598 cumque
813 2503 1093 2574 nomine
1148 2509 1541 2589 censeatur,
1596 2521 1637 2570 a
1691 2497 2018 2594 predictis
2063 2495 2386 2574 fratribus
2439 2500 2558 2572 vel
2605 2521 2845 2572 eorum
2888 2497 3301 2589 hominihus,
3349 2502 3503 2574 sive
3551 2498 3812 2595 yoba·

469 2604 787 2697 gionibus
842 2626 1051 2698 super
1112 2612 1360 2676 terram
1433 2606 1737 2698 ipsorum
1810 2601 2414 2687 commorantibus„
2484 2624 2609 2697 pro
2682 2602 3090 2698 quibuslibet
3155 2601 3366 2676 rebus
3442 2613 3810 2698 presumat

470 2711 782 2799 exigere.
886 2705 975 2777 Et
1029 2710 1182 2801 quia
1236 2705 1714 2778 nichilominus
1767 2709 1985 2779 nostri
2038 2714 2145 2778 est
2197 2709 2484 2799 negotii,
2533 2704 2827 2777 salubria
2878 2705 3454 2802 predecessorum
3497 2715 3814 2779 nostro-

470 2833 616 2882 rum
673 2813 970 2881 instituta
1028 2807 1410 2903 approbare
1464 2819 1669 2903 atque
1723 2806 2129 2898 defendere,
2185 2811 2414 2881 omnia
2466 2808 2580 2881 illa
2637 2830 2769 2903 que
2824 2831 2863 2879 a
2892 2808 3465 2906 predecessorum
3494 2818 3806 2882 nostro-

469 2936 612 2984 rum
667 2911 940 3006 Regum
991 2911 1368 3004 Hungarie‚
1435 2915 1587 2985 sive
1640 2911 1904 2984 Ducum
1961 2910 2339 2984 Sclavenie
2407 2910 2865 2985 munificentia
2924 2910 3193 3008 prefate
3238 2910 3474 2985 Militie
3525 2910 3812 3009 Templi

473 3016 725 3087 collata
782 3025 963 3103 sunt,
1017 3018 1085 3087 in
1139 3025 1536 3110 perpetuum
1588 3016 1932 3109 presentis
1987 3017 2220 3111 scripti
2254 3018 2634 3110 patrocinio
2690 3014 3202 3105 confirmamus,
3256 3025 3327 3087 et
3353 3019 3554 3086 etiam
3587 3038 3813 3088 com-

476 3122 836 3191 munimus.
942 3116 1209 3190 Noseat
1260 3123 1500 3190 iterum
1575 3128 1709 3189 tam
1763 3139 2058 3212 presens
2124 3121 2539 3192 universitas
2613 3140 2810 3213 quam
2882 3117 3132 3203 futura,
3204 3117 3385 3213 quod
3451 3140 3604 3190 cum
3661 3123 3816 3193 viri

471 3222 785 3314 religiosi
833 3275 851 3293 .
908 3276 925 3292 .
982 3275 998 3291 .
1054 3219 1390 3315 Magister
1440 3230 1512 3292 et
1563 3220 1813 3294 fratres
1866 3220 2129 3294 Domus
2182 3219 2420 3294 militie
2489 3220 2754 3317 Templi
2806 3243 2932 3316 per
2998 3220 3371 3315 Ungariam
3437 3231 3508 3293 et
3576 3221 3812 3294 Scla-

473 3328 752 3396 voniam
810 3327 1175 3398 constitute
1230 3323 1315 3396 ad
1369 3346 1499 3398 nos
1554 3324 1817 3397 litteras
1871 3324 2291 3419 apostolicas
2362 3324 2791 3414 detulissent,
2861 3345 2990 3420 per
3041 3345 3210 3419 quas
3283 3324 3483 3397 nobis
3553 3348 3590 3396 a
3651 3325 3816 3398 do-

470 3431 655 3498 mino
709 3449 881 3522 papa
937 3427 1379 3522 precipiendo
1434 3426 1904 3514 mandabatur„
1956 3431 2335 3499 monitione
2394 3430 2757 3524 premissa,
2827 3437 2901 3499 ut
2950 3431 3440 3523 possessiones
3491 3431 3817 3501 univer-

468 3549 612 3619 sas,
672 3553 841 3624 quas
898 3528 982 3600 ab
1037 3534 1203 3624 ipsis
1257 3552 1774 3627 receperamus,
1848 3539 1919 3602 et
1982 3529 2068 3602 de
2125 3531 2365 3625 quibus
2436 3534 2627 3625 ipsos
2697 3533 2922 3603 minus
2988 3534 3165 3606 iuste
3241 3532 3814 3626 spoliaveramus

467 3632 920 3705 redderemus
972 3640 1365 3722 universas,
1423 3633 1509 3705 de
1564 3633 1873 3729 dampnis
1927 3633 2130 3706 illatis
2185 3643 2257 3704 et
2305 3637 2627 3727 irrogatis
2703 3636 2963 3706 iniuriis
3017 3644 3153 3707 tam
3208 3657 3247 3705 a
3302 3633 3527 3725 nobis,
3583 3657 3810 3731 quam

469 3758 506 3805 a
566 3733 851 3809 subditis
903 3740 1157 3809 nostris
1214 3735 1752 3810 satisfactionem
1808 3735 2217 3830 condignam
2276 3734 2687 3808 exhibendo.
2788 3733 3106 3809 Ceterum
3162 3760 3314 3809 cum
3369 3737 3574 3810 iidem
3631 3737 3818 3811 fra-—

470 3850 617 3911 tres
671 3861 767 3911 ex
814 3849 1008 3934 parte
1062 3840 1192 3911 alia
1245 3841 1506 3911 litteras
1563 3861 1771 3935 super
1814 3839 1951 3910 boc
2007 3843 2448 3912 executorias
2522 3843 2925 3912 auctoritate
2979 3842 3355 3937 apostolica
3407 3841 3498 3912 ad
3550 3865 3816 3915 vene-

464 3941 715 4015 rabiles
788 3951 1047 4037 patres,
1100 3941 1185 4014 V.
1242 3941 1352 4014 dei
1406 3946 1622 4036 gratia
1681 3941 2141 4015 Colocensem
2194 3943 2838 4039 Archiepiscopum5
2909 3943 2989 4016 B.
3065 3943 3814 4040 Quinqueecclesien-

466 4066 615 4116 sem
669 4055 741 4116 et
792 4045 863 4118 S.
917 4045 1453 4139 Zagrabiensem
1509 4045 1897 4142 Episcopus
1952 4044 2361 4136 obtinerent„
2444 4050 2555 4141 qui
2610 4070 2739 4120 nos
2795 4046 2880 4117 ad
2939 4052 3313 4144 premissas
3371 4053 3818 4145 possessio-

464 4170 591 4219 nes
647 4147 910 4221 oblatas
965 4151 1423 4222 restituendas
1489 4170 1616 4244 per
1667 4171 2030 4222 censuram
2094 4151 2679 4222 ecclessiasticam
2745 4150 3227 4238 cohercerem,
3281 4150 3463 4245 quod
3518 4174 3612 4224 ex
3669 4156 3816 4226 in·-

465 4256 857 4323 strumentis
910 4252 1243 4324 dictorum
1298 4262 1746 4324 executorem
1804 4251 1889 4324 ad
1944 4275 2076 4326 nos
2140 4253 2417 4326 directis
2469 4257 2692 4325 extitit
2765 4254 3018 4349 liquido
3089 4254 3560 4329 manifestum:
3639 4252 3824 4333 Nos

458 4376 707 4446 pacem
760 4354 986 4427 litibus
1040 4377 1427 4451 preponere
1481 4361 1862 4451 cupientes,
1916 4366 1989 4427 et
2039 4356 2376 4429 mandatis
2429 4357 2854 4450 apostolicis„
2910 4369 3229 4454 quantum
3283 4364 3658 4454 possimus.)
3725 4373 3828 4434 ut.

464 4467 801 4547 tenemur,
840 4458 1205 4552 diligenter
1237 4464 1305 4531 in
1344 4458 1658 4532 omnibus
1709 4457 2035 4547 obedire3
2087 4469 2403 4553 preterea
2441 4481 2779 4554 personas
2822 4463 3299 4536 ecclesisticas
3343 4483 3499 4535 cum
3547 4470 3826 4538 omni-

461 4558 589 4630 bus
641 4559 841 4635 bonis
899 4566 1067 4651 suis,
1121 4564 1490 4655 religiosas
1543 4565 1869 4650 maxime,
1934 4583 2066 4656 que
2119 4583 2199 4634 se
2251 4566 2480 4635 carnis
2552 4568 3127 4660 concupiscentiis
3183 4588 3267 4637 ac
3318 4565 3818 4662 voluptatibus

462 4662 948 4754 crucifigentes
1002 4665 1423 4752 abdicaan
1477 4674 1677 4759 prout
1728 4663 2018 4757 Regiam
2093 4665 2296 4737 decet
2365 4667 2874 4754 excellentiam.2
2946 4678 3315 4764 protegere
3384 4691 3519 4741 nec
3589 4675 3828 4766 ipsas.

458 4763 759 4837 indebite
830 4769 1243 4858 molestare3
1314 4769 1540 4841 multis
1611 4766 1885 4841 indutiis
1956 4790 1998 4839 a
2050 4765 2251 4843 nobis
2306 4791 2515 4867 super
2580 4774 3011 4846 restitutione
3079 4771 3533 4869 predictarum
3602 4797 3828 4870 pos—

462 4872 850 4941 sessionum
906 4870 991 4942 ab
1038 4876 1205 4967 ipsis
1251 4867 1571 4942 fratribus
1622 4874 1970 4966 requisitis
2007 4880 2079 4945 et
2114 4871 2435 4962 obtentis,
2487 4874 2763 4946 tendem
2816 4874 3173 4948 diliberato
3229 4900 3379 4949 cum
3432 4875 3818 4972 Jobagio-

462 4973 662 5045 nibus
717 4976 973 5047 nestris
1029 4973 1345 5065 consilio,
1426 4973 1624 5049 dictis
1694 4974 2017 5049 fratribus
2082 4981 2571 5072 possessiones
2644 4978 2906 5053 ablatas
2976 4983 3046 5052 in
3110 4984 3447 5073 integrum
3515 4987 3816 5060 restitui

460 5075 925 5165 decrevimus,
978 5099 1065 5148 ae
1116 5081 1536 5151 restituimus
1586 5082 1978 5169 universas„
2060 5083 2194 5153 isto
2250 5079 2519 5176 quidem
2589 5089 2835 5155 tenore
2907 5083 3293 5173 sabionem,
3367 5085 3548 5179 quod
3624 5086 3818 5164 dicti

457 5177 792 5274 Magister
843 5190 914 5253 et
966 5180 1215 5254 fratres
1272 5181 1749 5275 obligaverunt
1815 5205 1895 5257 se
1948 5188 2227 5260 nomine
2281 5206 2435 5275 suo,
2492 5207 2575 5257 ac
2629 5205 2908 5259 suorum
2961 5192 3237 5260 nomine
3294 5210 3812 5268 successorum

459 5292 530 5353 et
576 5285 846 5357 domum
900 5308 1118 5374 suam„
1174 5294 1244 5357 et
1295 5289 1577 5381 insuper
1630 5298 2152 5376 concesserunt,
2207 5287 2385 5383 quod
2444 5287 2529 5359 de
2585 5288 2896 5385 dampnis
2948 5289 3150 5362 illatis
3192 5300 3260 5363 et
3295 5295 3623 5385 irrogatis
3654 5296 3814 5372 sibi

450 5388 715 5461 iniuriis
793 5394 1171 5465 occasione
1238 5411 1466 5462 rerum
1541 5413 1626 5461 ae
1694 5396 2283 5486 possesssionum.‚
2358 5392 2446 5463 de
2519 5392 2760 5486 quibus
2834 5417 2872 5464 a
2927 5391 3128 5467 nobis
3203 5393 3496 5467 fuerant-
3551 5401 3820 5476 minus
