3950 5917
560 374 723 454 ⁴18
2193 471 2222 532 ι
2340 455 2354 470 ,

563 582 722 655 dum
803 584 1205 655 successive
1285 603 1439 654 cum
1511 577 1960 654 Comitatuum
2039 569 2424 654 interventu
2501 577 2787 655 Vrbaria
2867 581 3276 670 Dominalia,
3345 582 3495 654 usui
3563 589 3638 653 -et
3698 578 3816 652 Pa-

562 689 735 759 triae
814 686 905 758 illi
987 683 1391 774 accomoda,
1473 706 1601 758 suo
1671 683 1877 758 modo
1949 681 2196 758 confici
2267 694 2337 759 et
2400 685 2703 778 regulari
2763 683 3112 774 valebunt,
3183 683 3546 774 excedant,
3614 681 3813 757 subdi-

563 798 811 884 tosque
865 811 1030 863 suos
1084 788 1171 862 ad
1222 788 1372 885 plus
1425 786 1903 884 praestandum
1957 798 2251 882 cogant;
2328 788 2456 863 sed
2522 810 2748 885 neque
2812 811 3068 863 novam
3122 792 3350 875 etiam,
3423 786 3640 862 donec
3707 787 3816 859 ali-

562 902 673 965 ter
748 915 872 989 per
948 892 1096 966 Nos
1174 891 1571 988 dispositum
1650 890 1889 980 fuerit,
1968 914 2010 964 a
2088 890 2388 967 Subditis
2468 895 2609 968 suis
2687 891 3052 968 desumere
3125 891 3473 988 ,audeant3
3551 891 3818 984 adeoque

563 1007 701 1070 tam
773 1000 840 1069 in
911 997 1060 1086 his,
1134 1018 1333 1092 quam
1413 995 1565 1070 aliis
1644 1018 1913 1092 quoque
1994 994 2303 1068 omnibus
2381 994 2940 1085 occasionibus,
2984 995 3518 1069 contribuentem
3586 992 3823 1067 Plebem

563 1100 651 1173 ab
722 1099 1036 1174 indebitis
1105 1110 1176 1173 et
1244 1102 1635 1174 excessivis
1710 1098 2060 1194 quibusvis
2129 1098 2620 1174 Exactionibus
2683 1110 2755 1173 et
2803 1103 3144 1197 pressuris
3218 1121 3635 1173 conservare
3696 1107 3822 1170 stu-

564 1204 811 1291 deant3
908 1204 1033 1277 sed
1112 1227 1246 1277 nec
1323 1207 1453 1301 ipsi
1533 1225 1804 1299 quoque
1881 1204 2101 1278 simile
2181 1202 2338 1298 quid
2417 1213 2744 1278 attentent
2818 1203 3093 1278 antelati
3173 1202 3542 1276 Comitatus
3612 1199 3826 1273 Admi-

563 1310 889 1382 nistrator
941 1318 1010 1381 et
1058 1305 1429 1382 officiales.

875 1462 1320 1536 Secundo.
1427 1462 1707 1536 Politica
1773 1466 2060 1558 quaevis
2114 1473 2183 1535 et
2242 1463 2712 1562 provincialia,
2796 1462 3186 1536 modalitate
3237 1463 3305 1534 in
3357 1461 3732 1554 Hungariae
3775 1468 3832 1532 et

568 1566 886 1640 Croatiae
938 1566 1199 1662 Regnis
1271 1570 1523 1639 nostris
1584 1570 1837 1663 passim
1908 1565 2285 1640 introducta
2341 1578 2410 1640 et
2459 1569 2731 1653 usitata,
2787 1569 2854 1638 in
2907 1565 3242 1640 Comitatu
3297 1563 3423 1639 sibi
3474 1561 3832 1637 concredito

564 1669 946 1744 tractabunt
997 1679 1198 1767 atque
1252 1669 1602 1755 curabunt,
1657 1670 1969 1766 adeoque
2005 1675 2073 1744 in
2111 1675 2373 1764 gremio
2426 1631 2630 1760 iltius,
2681 1669 2838 1742 dum
2874 1679 2943 1743 et
2990 1669 3257 1767 quando
3294 1689 3591 1742 necesse
3637 1665 3832 1750 fueri,

568 1775 976 1866 Generales,
1030 1797 1181 1846 cum
1234 1777 1620 1848 interventu
1678 1778 1907 1863 etiam,
1963 1779 2076 1870 qui
2129 1774 2382 1848 adesse
2433 1775 2695 1863 volunt,
2748 1774 3193 1868 Dominarum
3228 1773 3696 1852 Terrestrium,
3738 1770 3834 1842 vel

571 1877 945 1952 eorundem
1001 1876 1433 1968 Officialium,
1502 1882 1827 1975 praeuiae
1880 1901 2158 1975 semper
2197 1901 2347 1980 ‘per
2399 1876 2835 1952 Currentales
2889 1880 3024 1971 (uti
3078 1880 3286 1950 moris
3344 1878 3489 1969 est)
3561 1877 3832 1947 invitan-

568 1982 834 2072 dorum,
904 1979 1522 2076 Congregationes,
1592 2004 1717 2078 pro
1789 1983 2158 2058 tractandis
2213 1982 2549 2075 ejusmodi
2599 1980 2884 2081 publicis
2939 1979 3336 2070 servabunt,
3408 2002 3607 2076 quam
3655 1980 3872 2050 etiam

567 2084 655 2158 ad
711 2083 1090 2158 Generales
1143 2085 1435 2159 fidelium
1489 2085 1793 2158 Statuam
1847 2097 1916 2160 et
1970 2086 2293 2162 Ordinum
2347 2085 2570 2179 Regni
2621 2088 2838 2159 nostri
2889 2083 3206 2159 Croatiae
3252 2082 3838 2178 congregationes,

568 2209 844 2287 semper
914 2188 1112 2281 (dum
1184 2189 1647 2283 vocabuntur)
1702 2212 1904 2263 unum
1976 2191 2355 2262 alterumve
2425 2212 2519 2261 ex
2570 2192 2834 2282 gremio
2887 2194 2993 2262 sui
3063 2192 3418 2262 exmittent
3468 2186 3840 2284 Deputatos,

565 2293 1007 2392 proponenda
1042 2292 1317 2382 ibidem,
1372 2298 1643 2389 siquae
1678 2297 1953 2366 nomine
1985 2292 2361 2366 Comitatus
2403 2292 2766 2383 habebunt,
2819 2296 3316 2390 proposituros,
3364 2292 3482 2364 vel
3534 2289 3681 2363 inde
3726 2289 3836 2360 vi-

568 2401 828 2488 cissim,
900 2397 1055 2470 dum
1109 2397 1508 2486 rediverint,
1562 2397 1651 2469 de
1701 2396 1951 2470 ibidem
2006 2400 2430 2494 pertractatis
2485 2407 2557 2471 et
2606 2398 2977 2486 conclusis,
3031 2393 3390 2470 Comitatui
3443 2399 3511 2467 in
3565 2394 3842 2490 proxim

572 2499 892 2574 Generali
947 2499 1502 2596 Congregatione
1555 2524 1677 2573 sua
1733 2500 2024 2574 debitam
2081 2503 2478 2574 relationem
2531 2503 2785 2600 scripto
2837 2500 3186 2590 facturos3
3261 2501 3624 2595 praecipue
3681 2515 3840 2568 vero

571 2617 661 2678 eo
717 2604 1007 2678 solerter
1068 2603 1507 2695 contendent,
1563 2615 1634 2677 ut
1684 2615 2002 2700 quantum
2059 2603 2634 2679 Contributionale
2686 2629 2728 2678 a
2773 2603 3370 2679 Contribuentibus
3423 2601 3514 2674 de
3565 2613 3844 2696 tempore
3895 2629 3896 2632 ¹

571 2711 644 2782 in
686 2719 963 2804 tempus
1018 2707 1143 2780 sub
1198 2731 1412 2782 onere
1466 2707 1834 2781 dandarum
1890 2708 2192 2805 desuper
2255 2713 2591 2782 rationum
2645 2706 2871 2782 debite
2923 2730 3202 2805 semper
3250 2710 3569 2801 exigatur
3617 2714 3687 2777 et
3725 2701 3846 2775 de-

567 2810 758 2885 fectu
810 2811 1069 2907 absque
1137 2815 1324 2885 omni
1392 2813 1863 2907 persolvatur,
1935 2814 2225 2886 solutum
2281 2813 2550 2885 demum
2603 2812 2690 2886 ad
2741 2810 3031 2886 Cassam
3083 2809 3614 2885 Comitatensem
3659 2806 3846 2880 celli-

571 2924 796 3008 gatur,
846 2914 1006 2988 inde
1059 2937 1233 2987 vero
1287 2915 1374 2988 ad
1430 2913 1713 2990 Cassam
1767 2916 2094 2989 Bellicam
2147 2916 2467 2990 Essekini
2519 2919 2951 2990 constitutam
3003 2939 3169 3010 erga
3225 2915 3646 3003 Quietantias
3686 2909 3847 2984 Cae·

570 3037 696 3093 sae
745 3017 1257 3091 Praefectorum
1313 3018 1605 3092 fideliter
1655 3020 2173 3093 administretur.
2221 3021 2461 3093 Omnia
2514 3021 2833 3116 denique,
2887 3043 3064 3116 quae
3116 3019 3203 3093 ab
3253 3019 3507 3091 Incolis
3560 3037 3850 3114 quocun·-

572 3143 707 3217 que
762 3122 954 3195 titulo
1005 3123 1414 3218 praestanda
1470 3127 1773 3211 veniunt,
1829 3146 1943 3213 eo,
1999 3145 2135 3220 quo
2189 3134 2522 3221 spectant,
2576 3128 2645 3197 in
2696 3134 3005 3220 tempore
3059 3146 3278 3220 aeque
3329 3130 3752 3219 praestentur
3791 3125 3852 3189 ut

571 3224 1161 3318 administrentur3
1233 3249 1441 3323 super
1493 3226 1804 3300 omnibus
1858 3237 2083 3301 autem
2152 3232 2492 3325 perceptis
2547 3239 2618 3302 et
2670 3231 2972 3321 erogatis
3029 3226 3445 3301 Constitutus
3500 3223 3848 3297 Comitatus

567 3329 946 3426 Perceptor
999 3353 1162 3403 mox
1214 3329 1400 3404 finito
1456 3330 1659 3405 Anno
1715 3330 1987 3404 Militari
2040 3353 2191 3404 cum
2245 3335 2586 3428 requisitis
2638 3330 2871 3429 probis
2924 3341 2994 3404 et
3037 3330 3460 3405 documentis
3515 3325 3852 3401 sufficieu-

569 3443 678 3506 ter
729 3436 1091 3508 instructas
1145 3438 1474 3523 rationeS,
1545 3445 1746 3532 prout
1796 3438 1866 3507 in
1919 3436 2263 3530 Hungaria
2318 3439 2630 3510 usitatum
2686 3445 2820 3525 est,
2899 3433 3260 3509 Comitatui
3309 3430 3682 3520 exhibebit,
3731 3450 3851 3502 no-

566 3536 720 3612 lens
781 3559 958 3611 vero
1009 3540 1129 3612 vel
1176 3541 1673 3628 intermittens,‘
1726 3540 2168 3635 compulsivls
2232 3541 2435 3612 etiam
2485 3540 2757 3633 medijs,
2826 3539 3016 3634 Lege
3083 3539 3343 3611 idcirco
3389 3535 3850 3638 praescriptis,

567 3663 696 3739 per
768 3640 1236 3736 magistratum
1317 3654 1622 3738 cogatur.
1749 3641 2195 3735 Singulariter
2273 3653 2498 3716 autem
2577 3665 2666 3716 eo
2738 3646 3030 3716 intentus
3109 3647 3198 3716 sit
3266 3641 3726 3734 Magistratus,
3795 3642 3856 3707 ut

566 3755 926 3843 postquam
969 3770 1064 3818 ex
1099 3750 1372 3821 noviter
1422 3745 1825 3821 instituenda
1871 3744 2244 3819 Comitatus
2299 3745 2844 3845 Conscriptione,
2895 3770 3114 3848 aequa
3168 3756 3239 3819 et
3281 3748 3468 3839 justa
3523 3743 3852 3839 Propertio

568 3854 750 3924 inter
802 3848 1323 3926 Contribueutes
1400 3849 1880 3939 elaborabitur,
1956 3851 2069 3924 illa
2142 3850 2366 3924 debite
2434 3874 2558 3948 pro
2631 3851 2855 3924 futuro
2937 3851 3370 3939 observetur,
3448 3869 3676 3945 neque
3726 3848 3856 3918 sine

566 3957 769 4048 gravi
837 3956 1100 4028 rationo
1154 3964 1225 4028 et
1270 3952 1541 4050 publica
1596 3953 1967 4028 Comitatus
2023 3955 2603 4030 Determinatione
2665 3959 2742 4030 in
2793 3959 3106 4052 quopiam
3159 3958 3585 4041 immutetur,
3657 3973 3740 4023 ac
3795 3950 3856 4022 itt

566 4059 832 4152 reliquo
903 4060 1106 4130 etiam
1162 4080 1272 4143 ea,
1353 4080 1529 4154 quae
1581 4057 1809 4152 Leges
1860 4058 2089 4152 Regni
2141 4068 2211 4130 et
2277 4062 2631 4155 signanter
2679 4060 3027 4134 Articulus
3098 4057 3197 4132 63
3267 4058 3451 4134 Anni
3527 4052 3727 4130 1723
3797 4054 3856 4123 iu

567 4164 965 4258 praemissis
1018 4159 1512 4258 praescribunt,
1570 4171 1817 4234 exacte
1869 4160 2249 4238 observare
2315 4173 2734 4236 teneantur..

880 4317 1218 4391 Tertio.
1325 4317 1706 4391 Processus
1778 4326 1848 4389 et
1899 4317 2175 4411 Litigia,
2249 4340 2423 4412 quae
2475 4322 2652 4390 inter
2697 4318 3098 4393 Terrestres
3149 4318 3485 4391 Dominos
3539 4317 3656 4390 vel
3705 4314 3859 4386 atto·

567 4420 853 4495 Nobiles
924 4419 1176 4495 ibidem
1246 4431 1624 4507 vertuntur,
1697 4444 1781 4492 ac
1831 4425 1904 4496 vi
1951 4420 2212 4515 Legum
2265 4422 2655 4520 Hungariae
2705 4433 2778 4496 et
2828 4421 3146 4496 Croatiae
3199 4422 3382 4494 Foro
3436 4415 3859 4494 Gomttatend

566 4523 997 4619 dijudicanda
1051 4536 1496 4614 concernunt,
1565 4523 2002 4619 Magistratus
2072 4547 2196 4621 pro
2257 4525 2834 4601 administratione
2883 4526 3195 4599 Justitiae
3266 4547 3392 4622 per
3440 4525 3682 4597 Partes
3745 4537 3858 4594 suo

570 4628 779 4702 modo
832 4631 1196 4725 requisitus
1235 4639 1303 4702 et
1338 4630 1826 4725 interpellatus,
1882 4632 2178 4702 servatis
2233 4628 2320 4701 de
2361 4630 2524 4703 Jure
2579 4631 2966 4719 servandis,
3020 4628 3459 4703 inComitatu
3517 4628 3650 4702 sibi
3699 4647 3857 4698 con-

572 4733 833 4806 credito
887 4732 1314 4826 dijudicanda
1369 4744 1674 4807 assumet
1725 4743 1794 4805 et
1844 4732 2138 4823 decidet,
2214 4733 2655 4829 Partibusque
2724 4734 3056 4807 Justitiam
3122 4736 3318 4826 juxta
3372 4733 3601 4827 Regni
3654 4730 3858 4822 Leges

573 4847 821 4911 exacte
875 4846 944 4910 et
997 4837 1314 4910 celeriter
1384 4838 1828 4923 administret,
1908 4839 2206 4909 admissa
2259 4859 2382 4932 pro
2439 4839 2754 4932 qualitate
2807 4837 3183 4910 Causarum
3221 4848 3291 4910 et
3335 4836 3703 4910 dictamine
3737 4833 3856 4904 Le-

575 4965 736 5037 gum
806 4945 978 5014 intra
1035 4942 1153 5014 vel
1207 4951 1403 5013 extra
1455 4940 1867 5029 Dominium,
1938 4944 2002 5014 si
2054 4939 2275 5013 Causa
2331 4940 2749 5036 adpellabilis
2804 4946 2915 5030 sit,
2987 4965 3026 5013 a
3080 4939 3574 5015 Vico-Gemite
3630 4948 3700 5014 et
3743 4933 3856 5009 Ja-

573 5044 837 5119 dicibus
907 5044 1274 5136 Nobilium,
1326 5050 1396 5118 in
1465 5041 1775 5118 Partibus
1847 5048 1980 5138 (uti
2036 5045 2310 5131 dicitur]
2377 5045 2903 5141 procedentibus
2969 5045 3054 5118 ad
3128 5046 3366 5119 sedem
3441 5045 3854 5118 ‹Iudiciaria-

574 5149 975 5241 Comitatus,
1054 5150 1337 5244 singulis
1416 5153 1613 5223 annis
1666 5154 1933 5244 quoties
2013 5171 2310 5222 necesse
2363 5153 2490 5222 erit
2531 5153 2600 5223 in
2655 5148 2989 5223 Comitatn
3067 5149 3296 5222 debite
3375 5171 3599 5246 aeque
3677 5144 3857 5219 eele-

572 5252 930 5340 brandam,
1009 5253 1167 5325 inde
1247 5261 1472 5326 autem
1552 5253 1637 5325 ad
1716 5252 2039 5326 Tabulam
2120 5263 2421 5326 nostrum
2505 5253 2825 5326 Banalem
2902 5253 3424 5351 Appellatione3
3505 5253 3856 5325 occasione

569 5373 752 5426 vero
843 5353 1405 5429 celebrandarum
1494 5356 1777 5429 Sedium
1854 5357 2309 5430 nominalium
2387 5357 2679 5430 Judlium
2777 5380 2932 5430 cum
3010 5358 3379 5432 Jurassore
3473 5362 3857 5453 praesente!
