3950 5917
511 416 665 516 362⁴

508 624 692 720 ,cium
732 631 801 692 et
835 622 1169 693 iusticiam
1228 615 1590 711 debitoque
1647 618 1853 690 etiam
1907 616 2397 692 satisfactionis
2454 617 3024 715 complementum
3079 618 3473 712 impendere
3509 629 3572 691 et
3602 620 3803 695 admi-

508 711 806 796 nistrare
880 722 1103 795 modis
1184 720 1497 794 omnibus
1582 719 1889 794 debeatis
1973 731 2045 791 et
2111 715 2505 812 teneamini,
2586 719 3016 795 Auctoritate
3096 730 3329 794 nostra
3412 725 3800 816 presentibus

513 826 717 899 vobis
789 830 854 897 in
917 825 1049 897 hac
1116 835 1309 920 parte
1365 821 1677 896 attributa
1734 834 1804 894 et
1853 825 2120 897 iusticia
2194 824 2565 918 mediante,
2643 846 2853 900 secus
2908 846 3047 898 non
3101 823 3364 896 facturi.
3470 824 3804 910 Presentes

516 951 691 1001 vero
766 926 854 1002 ob
927 925 1320 1001 absenciam
1394 930 1672 1002 maioris
1728 924 1949 1019 Sigilli
2000 930 2221 999 nostri
2269 926 2555 999 anullari
2609 936 2882 1000 secreto
2937 926 3179 1024 Sigillo
3232 935 3469 1001 nostro
3519 931 3805 1004 iussimus

517 1035 935 1154 consignari.
1013 1025 1261 1103 Datum
1314 1029 1506 1102 Bude
1558 1034 1629 1103 in
1681 1027 1934 1124 Vigilia
2006 1028 2191 1104 beati
2261 1029 2522 1103 Thome
2591 1030 2931 1184 Apostoli.
3012 1030 3218 1103 Anno
3273 1030 3545 1102 Domini
3596 1029 3804 1102 Mille-

513 1140 688 1210 simo
745 1137 1290 1232 quingentesimo
1331 1133 1731 1207 tredecimo.
2214 1173 2222 1182 ·
3909 1155 3910 1182 i

1617 1361 1939 1440 (Sigillum
1986 1360 2252 1488 Reyiurtn
2296 1366 2726 1441 appr-essum.)
2762 1337 2800 1344 Η

510 1602 654 1670 orig.
691 1601 853 1654 carth.
888 1602 941 1652 in
976 1600 1205 1652 Archivo
1242 1599 1410 1669 Regni
1447 1597 1699 1652 croatiae.
1741 1598 1874 1651 Priv.
1911 1597 2000 1651 Nr.
2042 1599 2159 1651 121.

1837 2174 2505 2256 chxvu.

1332 2463 1542 2531 Anno
1597 2437 2009 2531 1514.'c12·e
2062 2458 2190 2530 30.
2229 2458 2665 2530 Novembris.
2721 2457 2991 2529 Budae.

498 2724 1037 2803 Mandatum
1099 2720 1595 2800 Vladislai
1688 2718 1999 2825 Regis
2096 2732 2444 2799 contra
2542 2720 2779 2799 illos
2873 2717 3194 2824 Regni
3290 2719 3818 2799 Slavoniae

497 2862 877 2962 incolas
943 2859 1284 2962 datum,
1350 2863 1492 2962 qui
1541 2859 2053 2963 neglectis
2106 2857 2630 2964 judicibus
2695 2856 3236 2936 ordinariis
3285 2855 3815 2960 Rescripta

496 2998 1034 3100 pontificia
1129 3007 1658 3100 quaerunt,
1755 3000 2100 3099 sicque
2196 2996 2779 3100 regnicolas
2865 2999 3411 3073 in'causam
3514 3016 3818 3073 coram

1460 3131 1687 3211 aliis
1748 3132 2253 3237 judicibus
2318 3130 2855 3210 attrahunt.

2371 3396 2744 3462 Commi-5⁸50
2785 3401 3065 3479 propria
3111 3397 3375 3460 Domini
3405 3400 3627 3479 Reqis.

797 3589 1248 3678 Wladislaus,
1327 3589 1458 3662 Dei
1538 3592 1773 3684 gracia
1827 3587 1987 3661 Rex
2064 3587 2414 3681 Hungarie
2486 3599 2556 3662 et
2625 3590 2956 3663 Bohemie
3037 3594 3163 3663 dcc.
3286 3589 3515 3663 Fideli
3595 3596 3824 3662 nostro

485 3692 899 3765 Reuerendo
952 3696 1021 3764 in
1078 3690 1349 3766 Christo
1418 3692 1604 3764 Patri
1656 3692 1951 3764 Domino
2019 3690 2224 3764 Petro
2270 3691 2598 3788 Beryzlo,
2673 3692 3021 3789 Episcopo
3093 3692 3416 3766 Ecclesie
3499 3693 3823 3786 Wespri-

484 3798 794 3883 ruiensis,
847 3795 1307 3868 Thesanrario
1360 3806 1601 3868 nostro
1657 3818 1742 3867 ac
1793 3794 2194 3888 Regnorum
2246 3804 2640 3868 nostrorum
2694 3796 3076 3888 Dalmacie,
3134 3794 3431 3869 Croacie
3492 3803 3568 3869 et
3622 3794 3820 3868 Scla-

484 3902 691 3970 uonie
742 3898 964 3987 Bano,
1018 3899 1397 3994 futurisque
1449 3898 1660 3971 Banis
1711 3897 1830 3970 vel
1885 3919 2124 3970 eorum
2185 3898 2558 3972 Vicebanis
2614 3893 2905 3973 salutem
2959 3910 3029 3972 et
3080 3903 3408 3993 graciam.
3526 3899 3645 3971 Ex
3698 3898 3824 3969 de-

485 4003 877 4074 claracione
924 3999 1223 4074 fidelium
1278 4010 1670 4074 nostrorum
1721 4000 2205 4076 Vniuersitatis
2248 4001 2592 4075 Nobilium
2634 4001 2863 4096 Regni
2905 4007 3126 4077 nostri
3173 4002 3564 4076 Sclauonie
3614 4024 3825 4075 acce-

482 4108 700 4198 pimus
755 4125 896 4176 non
968 4108 1119 4178 sine
1174 4103 1662 4200 displicencia:
1773 4104 2080 4191 Qualiter
2146 4107 2452 4177 nonnulli
2520 4104 2753 4179 forent
2820 4116 2958 4178 tam
3030 4105 3549 4198 Ecclesiastici,
3635 4125 3825 4200 quam

482 4207 836 4282 seculares
906 4208 979 4280 in
1028 4208 1145 4280 illo
1199 4208 1448 4300 Regno
1500 4217 1741 4283 nostro
1822 4207 2194 4280 Sclauonie
2273 4208 2614 4299 homineS,
2700 4212 2815 4302 qui
2887 4211 3152 4283 scilicet
3221 4213 3294 4282 in
3348 4211 3824 4284 minutissimis

482 4307 689 4382 rebus
746 4313 1106 4404 exquisitis
1159 4308 1560 4406 quibusdam
1635 4312 2122 4406 calumpniosis
2195 4312 2677 4386 occasionibus
2748 4312 3111 4385 nonnullos
3167 4335 3260 4384 ex
3315 4317 3494 4408 ipsis
3553 4313 3823 4406 Regni-

480 4413 653 4487 colis
705 4416 963 4488 nostris
1014 4417 1201 4509 prius
1257 4437 1467 4488 causa
1519 4419 1588 4487 in
1641 4417 2006 4509 presencia
2059 4411 2332 4488 Judicis'
2375 4414 2739 4505 Ordinarii,
2792 4427 2997 4511 provt
3039 4414 3187 4488 fieri
3235 4414 3565 4506 deberet,
3623 4418 3827 4488 mini-

479 4538 590 4588 me
642 4516 1008 4589 inchouata
1077 4538 1202 4612 per
1253 4517 1531 4590 modum
1601 4527 2019 4613 conquestus
2101 4540 2225 4592 seu
2279 4517 2623 4615 Rescripti
2691 4520 3076 4614 Apostolici
3145 4542 3272 4615 per
3349 4523 3603 4616 varias
3675 4519 3826 4591 hinc

478 4619 639 4691 inde
696 4623 1055 4695 citationes
1108 4643 1247 4693 non
1298 4622 1519 4695 solum
1574 4624 1748 4694 intra
1820 4619 2140 4693 ambitum
2193 4621 2391 4696 huius
2462 4622 2691 4716 Regni
2741 4627 2984 4711 nostri,
3058 4645 3301 4697 verum
3352 4627 3580 4696 etiam
3637 4632 3825 4696 extra

481 4723 720 4817 Regna
801 4733 1036 4797 nostra
1109 4723 1196 4795 ad
1251 4723 1548 4797 dominia
1626 4722 2050 4798 Venetorum
2131 4728 2200 4797 in
2278 4725 2714 4817 Jadrensem,
2796 4726 3326 4801 Sibinicensem.
3406 4726 3827 4802 Novensem

479 4830 794 4900 civitates
849 4837 919 4899 et
960 4828 1092 4899 alia
1137 4827 1293 4899 loca
1347 4828 1771 4901 Venetorum
1822 4828 2178 4913 Dalmacie
2231 4832 2302 4901 in
2356 4852 2637 4902 causam
2692 4830 3133 4922 attraherent,
3188 4833 3433 4926 sicque
3493 4840 3826 4904 attractos

478 4929 862 5003 huiusmodi
930 4929 1156 5004 litibus
1210 4940 1281 5003 et
1333 4930 1661 5024 grauibus
1729 4930 1960 5027 fatigis
2017 4942 2087 5002 et
2140 4938 2470 5027 expensis
2527 4933 2703 5005 adeo
2775 4933 3125 5006 turbarent
3194 4943 3264 5006 et
3316 4940 3824 5028 aggrauarenss

478 5031 659 5127 quod
713 5036 843 5129 ipsi
895 5032 1279 5127 Regnicole
1333 5038 1550 5108 nostri
1602 5038 1672 5107 in
1726 5045 2110 5107 extremam
2165 5035 2490 5108 denenire
2563 5047 2979 5131 cogerentur
3029 5041 3326 5134 inopiam
3380 5048 3462 5109 et
3517 5059 3828 5134 pauper-

478 5145 707 5207 tatem.
815 5134 1250 5232 Suplicarunt
1298 5141 1528 5233 itaque
1596 5137 1943 5212 Maiestati
2011 5149 2251 5212 nostre
2303 5140 2511 5212 iidem
2561 5150 3020 5237 exponenteS,
3091 5150 3169 5213 vt
3220 5139 3499 5215 eisdem
3561 5142 3654 5215 de
3709 5163 3830 5214 re·-

477 5238 704 5312 medio
757 5236 1195 5330 dignaremur
1245 5240 1611 5335 prouidere
1666 5251 2069 5338 opportuno.
2132 5241 2303 5316 Cum
2355 5253 2583 5316 autem
2627 5247 2696 5317 in
2734 5245 3044 5339 generali
3096 5245 3398 5317 Decreto
3463 5267 3604 5319 seu
3660 5243 3829 5317 Sta-

475 5348 618 5409 tuto
672 5343 894 5413 tocius
974 5341 1171 5417 huius
1251 5342 1478 5436 Regni
1528 5347 1748 5419 nostri
1817 5345 2182 5421 manifeste
2253 5349 2432 5420 inter
2485 5356 2717 5422 cetera
2770 5348 2841 5421 id
2914 5351 3374 5424 contineatur:
3449 5359 3555 5422 vt
3607 5348 3830 5421 nullus
