3950 5917
490 403 609 494 m

495 632 1078 716 unire-cuntur,
1130 623 3846 725 mntmotdmvtgiuuoufflosffieemumpumoevumbo-

486 753 685 808 uem.
755 728 836 806 Si
869 732 1021 828 qum
1066 739 1297 804 autem
1346 728 1607 805 herede
1660 751 1908 805 carens
1958 730 2371 823 manent,
2423 729 2641 807 Eburo
2693 730 3011 828 disponat
3052 752 3248 806 nam
3297 736 3832 828 possessionen

500 835 1198 912 siueecclesieseu
1267 832 1889 909 milibetsnorum
1960 844 2432 930 cognatur-n.
2539 835 2619 910 Si
2685 838 2838 932 (μὶ
2905 855 3080 911 vero
3148 835 3445 910 nol-orit
3511 835 3830 912 devilia

490 938 844 1015 recedere
864 989 895 1032 ,
953 939 1255 1013 venditis
1326 936 1640 1013 omnibus
1707 943 1852 1015 suis
1920 939 2211 1033 edificiis
2273 939 2493 1016 libere
2558 943 2779 1037 possit
2846 938 3058 1014 abire.
3161 938 3564 1036 Qum-que
3645 961 3828 1015 vero

482 1044 882 1139 Burgensis
932 1063 1061 1141 per
1108 1043 1405 1139 aliquem
1460 1051 1864 1119 extraneum
1915 1046 1988 1118 in
2038 1042 2245 1120 rebus
2297 1048 2441 1120 suis
2485 1043 2849 1142 dampnum
2875 1051 3246 1142 pateretur,
3300 1051 3374 1118 et
3421 1043 3607 1118 iden
3653 1042 3831 1118 Iu—

506 1148 803 1222 lefactor
854 1146 942 1221 ab
994 1145 1249 1221 eodem
1300 1146 1650 1243 burgense
1726 1151 1799 1222 in
1864 1148 2032 1223 villa
2101 1169 2228 1224 sua
2306 1158 2956 1245 recognosceretur,
3031 1146 3399 1223 Rihurdus
3477 1150 3652 1224 eius
3679 1147 3832 1222 loci

496 1256 688 1327 inter
737 1271 867 1327 eos
918 1250 1133 1324 faciat
1176 1250 1554 1325 Justicinm.
1662 1252 1887 1326 Prima
1940 1262 2122 1326 meta
2190 1262 2379 1328 terre
2459 1273 2700 1328 eorum
2775 1256 3011 1350 incipit
3057 1251 3148 1326 de
3199 1253 3368 1329 villa
3418 1251 3659 1343 lma,
3735 1250 3830 1326 ab

488 1360 773 1431 oriente
825 1365 898 1429 et
944 1353 1162 1429 tendit
1209 1369 1463 1431 versus
1514 1355 1864 1436 meridiem
1918 1356 2008 1430 ad
2059 1353 2379 1431 arborem
2436 1357 2634 1432 nni-fa
2710 1367 3031 1433 vocatam
3083 1360 3152 1433 ὡ
3200 1356 3544 1453 protendit
3593 1375 3828 1453 Vsque

490 1483 752 1558 :aquam
800 1460 994 1534 Pline
1044 1458 1225 1533 infun
1277 1460 1613 1556 capeliam
1662 1463 1885 1535 sancti
1937 1460 2147 1550 Petri,
2202 1461 2394 1536 vadit
2441 1484 2654 1558 super
2705 1481 2955 1557 aquam
3005 1459 3094 1534 ad
3137 1460 3594 1552 occidentem,
3644 1481 3828 1558 per·-

494 1569 771 1640 uenitur
820 1563 911 1637 nd
961 1563 1248 1637 riuulum
1301 1567 1419 1660 qui
1466 1566 1679 1660 vulgo
1733 1564 1978 1638 dicitur
2026 1563 2287 1656 Blisna,
2362 1575 2431 1639 et
2482 1587 2608 1662 per
2671 1564 2967 1639 eundem
3033 1565 3321 1639 riuulum
3390 1568 3679 1638 vertitur
3731 1563 3831 1638 nd

498 1669 888 1759 meridiem,
938 1669 1340 1763 pervenitur
1391 1665 1477 1740 ad
1531 1667 1865 1765 quandam
1906 1668 2173 1754 ‚vallem
2227 1673 2292 1742 dc
2346 1669 2654 1742 ascendit
2711 1668 2797 1742 ad
2851 1690 3169 1763 magnam
3204 1671 3417 1759 viam,
3468 1690 3595 1765 per
3619 1690 3830 1765 quam

498 1777 640 1848 itur
692 1770 777 1845 ad
829 1771 1142 1866 Thosz,
1196 1770 1292 1844 ibi
1341 1779 1532 1845 tenet
1581 1781 1802 1846 metas
1857 1795 2009 1845 cum
2063 1770 2308 1864 Zelko.,
2389 1782 2460 1846 et
2513 1793 2667 1846 cum
2719 1783 2904 1846 terra
2953 1771 3308 1869 Thoplicz,
3363 1782 3433 1846 et
3483 1771 3642 1845 inde
3695 1792 3832 1868 per

507 1881 694 1951 viam
751 1878 1065 1973 superius
1119 1874 1346 1949 eundo
1400 1879 1793 1972 peruenitur
1845 1875 1932 1948 ad
2003 1874 2174 1949 duas
2243 1876 2529 1951 arbores
2597 1875 2773 1950 Zilfa
2826 1885 3144 1967 vocatas,
3212 1876 3372 1949 inde
3441 1875 3658 1950 tendit
3732 1873 3830 1947 ad

502 1990 812 2054 montem
864 1981 980 2074 qui
1031 1976 1274 2052 dicitur
1324 1979 1648 2068 Pechize,
1718 1978 1836 2053 vbi
1890 1989 2049 2055 sunt
2100 2002 2398 2054 cauerne
2472 1984 2545 2055 in
2616 1980 2863 2055 eodem
2915 1990 3173 2071 monte,
3253 1983 3318 2052 dc
3394 1977 3833 2075 progreditur

500 2106 760 2159 versus
814 2080 1245 2158 occidentem
1298 2105 1522 2180 vsque
1573 2088 1761 2158 viam
1810 2085 2135 2173 leuatam,
2207 2082 2301 2157 ibi
2368 2093 2558 2157 tenet
2609 2094 2828 2160 metas
2899 2107 3052 2158 cum
3099 2082 3481 2157 ·Vekozlau
3550 2087 3617 2155 dc
3665 2103 3832 2155 cum

500 2187 790 2263 Gurdon
823 2191 895 2260 iu
931 2185 1227 2284 quodam
1259 2187 1416 2261 laco
1462 2209 1713 2283 nqueo,
1742 2196 1813 2260 et
1837 2188 1999 2262 inde
2033 2188 2358 2282 gradiens
2384 2210 2510 2285 per
2536 2188 2849 2262 eamdem
2893 2192 3079 2262 viam
3106 2187 3401 2261 leuatam
3427 2185 3513 2259 ad
3540 2185 3830 2281 aquilo-

498 2315 665 2367 nem
708 2295 1077 2388 pertransit
1117 2300 1397 2386 pontem
1442 2300 1775 2364 muratum
1819 2296 1886 2364 de
1913 2291 2086 2366 duos
2129 2292 2344 2365 lacus.
2393 2296 2924 2365 conterminatur
2965 2292 3131 2366 ville
3175 2290 3592 2387 Episcopi&
3633 2298 3835 2364 tenet

500 2406 728 2470 metas
756 2417 910 2468 cum
938 2416 1023 2467 ea
1050 2397 1121 2467 in
1149 2394 1442 2489 quodam
1469 2395 1646 2468 lacu.
1682 2393 1949 2469 Deinde
1975 2396 2427 2492 progrediens
2452 2418 2702 2472 versus
2746 2394 3101 2469 meridiem
3128 2394 3309 2468 cadit
3332 2394 3421 2467 ad
3445 2394 3834 2490 predictum

502 2499 782 2574 fluuium
809 2498 1002 2572 Plinc
1031 2501 1096 2570 dc
1122 2502 1267 2570 exit
1295 2497 1380 2570 ad
1425 2498 1765 2594 quandam
1798 2501 1986 2572 viam
2020 2500 2342 2593 leuatam,
2377 2503 2512 2573 itur
2534 2521 2659 2596 per
2684 2499 3002 2590 eandem,
3030 2498 3211 2572 cadit
3236 2497 3323 2572 ad
3365 2519 3636 2594 aquam,
3689 2519 3837 2593 que

496 2605 721 2699 ‘vulgo
777 2600 1020 2675 dicitur
1068 2600 1397 2692 Bzenice.,
1452 2612 1525 2675 et
1572 2624 1699 2698 per
1750 2601 2042 2675 eandem
2085 2607 2217 2677 itur
2243 2603 2331 2676 ad
2385 2603 2839 2696 occidentem,
2894 2605 3424 2677 conterminatur
3455 2601 3620 2677 ville
3639 2600 3834 2677 Bere

504 2708 954 2801 (Beretinec)
983 2709 1051 2777 dc
1082 2715 1272 2778 tenet
1298 2715 1518 2781 metas
1547 2728 1702 2779 cum
1730 2728 1842 2800 ea,
1869 2706 2029 2779 inde
2054 2707 2248 2782 vadit
2298 2706 2386 2781 ad
2423 2718 2624 2806 caput
2666 2731 2869 2806 aque,
2921 2708 3014 2782 ibi
3050 2730 3205 2782 cum
3237 2706 3587 2781 Radomer
3633 2714 3838 2780 tenet

492 2822 755 2901 unctas,
807 2808 1055 2882 deinde
1105 2808 1324 2884 tendit
1375 2809 1464 2883 ad
1516 2811 1929 2906 aquilonem,
1985 2811 2167 2887 cadit
2226 2811 2312 2887 ad
2337 2813 2713 2911 predictam
2765 2834 3009 2910 aquam
3060 2811 3280 2903 Plinc,
3331 2810 3494 2886 inde
3535 2819 3838 2885 conter—

500 2920 801 2991 minatur
868 2913 1034 2988 ville
1101 2913 1365 2989 Domse
1436 2918 1504 2987 dc
1552 2925 1742 2989 tenet
1792 2926 2013 2991 metas
2068 2940 2222 2991 cum
2282 2941 2388 2991 ea.
2493 2917 2762 2992 Deinde
2831 2917 3045 2991 tendit
3117 2916 3205 2988 ad
3255 2936 3570 3009 magnam
3639 2916 3837 2987 viam

506 3042 641 3117 per
695 3040 893 3114 quam
945 3021 1080 3091 itur
1130 3018 1219 3093 ad
1271 3028 1524 3092 terram
1571 3017 2078 3094 Cruciferorum
2131 3026 2199 3095 dc
2244 3030 2434 3096 tenet
2484 3031 2704 3098 metas
2767 3044 2922 3095 cum
2973 3042 3080 3093 ea.
3184 3018 3451 3093 Deinde
3503 3015 3840 3112 gradiens

493 3124 598 3195 nd
652 3122 1040 3219 aquilonem
1092 3125 1226 3194 itur
1276 3122 1365 3195 ad
1419 3120 1691 3197 dumum
1748 3120 2008 3215 Geruli,
2076 3128 2265 3198 iuxta
2339 3148 2541 3222 quem
2594 3136 2704 3200 est
2753 3136 2960 3215 meta,
3018 3123 3181 3197 inde
3232 3123 3424 3197 vadit
3473 3122 3563 3195 ad
3614 3123 3839 3213 viam,

492 3227 603 3301 ibi
657 3236 765 3300 est
815 3236 999 3299 meta
1050 3236 1279 3300 terrea
1351 3227 1832 3320 circumfossa,
1908 3229 2072 3303 iude
2123 3229 2316 3303 vadit
2366 3228 2454 3303 ad
2507 3252 2824 3325 magnam
2870 3231 3057 3303 viam
3126 3249 3254 3325 per
3302 3248 3504 3322 quam
3553 3230 3689 3299 itur
3738 3225 3840 3299 ad

494 3331 961 3404 ‘l'heutoniam
1033 3333 1224 3404 iuxta
1298 3354 1498 3426 quam
1572 3341 1681 3408 est
1729 3342 1911 3407 meta
1963 3343 2193 3408 terrea
2264 3333 2744 3423 circumfossa,
2815 3332 3064 3407 deinde
3130 3331 3324 3406 vadit
3371 3329 3459 3404 ad
3512 3327 3843 3403 arborem

502 3459 650 3531 que
705 3435 948 3509 dicitur
998 3434 1176 3507 Zilfa
1226 3438 1418 3508 iuxta
1471 3458 1672 3532 quam
1724 3446 1834 3512 est
1884 3447 2093 3529 meta,
2146 3436 2240 3510 ibi
2291 3448 2401 3512 est
2452 3447 2942 3511 conmetaneus
3008 3435 3168 3509 Iner
3227 3433 3512 3528 Iobngio
3584 3430 3844 3508 Casiri.

514 3539 787 3612 Deinde
840 3539 1032 3612 vadit
1083 3538 1172 3611 ad
1223 3549 1491 3636 portum
1558 3539 1798 3614 Drave
1858 3539 2042 3633 fluuij
2114 3545 2373 3636 magni,
2433 3564 2560 3637 per
2610 3563 2811 3638 quem
2880 3539 3156 3613 fluuium
3226 3542 3469 3612 circuit
3531 3537 3845 3613 Insulam

504 3667 645 3740 que
698 3644 911 3736 vulgo
973 3642 1218 3720 dicitur
1268 3642 1665 3739 Zrepichar,
1733 3665 1935 3740 quam
1987 3667 2328 3740 nunquam
2401 3667 2576 3740 aqua
2647 3666 2974 3741 separare
3039 3647 3262 3740 possit
3312 3641 3399 3715 ab
3450 3640 3844 3738 hospitibus

514 3751 797 3821 nostris.
902 3746 1169 3820 Deinde
1222 3745 1674 3843 progrediens
1726 3769 1853 3843 per
1901 3752 2232 3821 maiorem
2288 3771 2559 3822 cursum
2612 3748 2794 3842 fluuij
2865 3752 3099 3843 magni
3150 3748 3463 3844 peruenit
3512 3745 3601 3819 ad
3647 3763 3840 3842 pre—

496 3852 766 3925 -dictam
818 3851 1046 3923 villam
1117 3850 1332 3924 Ivanc
1382 3853 1455 3923 in
1502 3871 1635 3943 qna
1689 3850 2012 3946 gradiens
2062 3856 2274 3947 priori
2325 3863 2507 3925 mete
2560 3856 3109 3928 conterminatur.
3214 3849 3551 3925 Prestaldi
3601 3858 3846 3923 autem

496 3959 730 4030 nostri
764 3954 1045 4028 Gurdon
1099 3954 1187 4027 de
1224 3963 1456 4028 castro
1504 3952 1805 4046 Greben,
1857 3965 1929 4028 et
1959 3953 2178 4030 Zelko
2230 3961 2576 4051 terrigena
2630 3957 2719 4030 de
2770 3956 2936 4030 villa
2986 3956 3258 4030 Pritice.
3312 3954 3406 4027 Vt
3441 3957 3644 4048 igitur
3695 3953 3846 4027 bec

506 4060 741 4155 Regia
796 4059 1088 4133 donacio
1158 4062 1326 4154 ipsis
1378 4062 1816 4156 ipsorumque
1884 4065 2182 4156 posteris
2207 4105 2212 4110 -
2234 4064 2304 4134 in
2355 4068 2755 4157 perpetuum
2824 4064 3179 4152 consistat,
3246 4068 3638 4155 presentem
3693 4079 3846 4154 pa—

512 4168 750 4258 ginam
821 4161 1029 4237 scribi
1099 4171 1170 4235 et
1233 4161 1476 4256 Sigillo
1539 4174 1780 4239 nostro
1850 4162 2141 4240 fecimus
2210 4170 2628 4239 communiri.
2697 4165 2944 4238 Datum
3013 4187 3141 4260 per
3206 4181 3450 4238 manus
3515 4161 3850 4255 Magistri

494 4268 772 4341 Thome
828 4267 983 4340 aule
1026 4266 1249 4362 Regis
1287 4265 1719 4361 Cancellarij.
1771 4267 1980 4343 Anno
2016 4268 2102 4342 ab
2137 4268 2632 4344 Incarnncione
2666 4269 2940 4343 Domini
2990 4267 3107 4340 Μ’·
3133 4264 3232 4341 0⁶·
3263 4266 3361 4341 θ’·
3405 4287 3614 4340 ιιοιιο.
3667 4264 3846 4338 Ve-

499 4370 798 4445 nerabili
847 4371 1163 4445 Johanne
1218 4369 1673 4465 strigoniensi
1708 4371 2277 4470 Archiepiscopo.
2333 4373 2748 4447 Reuerendo
2800 4371 3126 4446 Bertoldo
3180 4370 3550 4444 Colocensi
3599 4369 3847 4444 electo

508 4486 594 4548 et
643 4475 825 4549 bano
881 4473 1351 4550 existentibus.
1457 4474 1807 4571 Stephano
1856 4475 2344 4570 Zagrabiensi‚
2410 4473 2669 4551 Galano
2740 4475 3556 4573 Quinque-Ecclesiensi„
3607 4472 3850 4546 Bole—

502 4580 665 4652 slao
691 4578 1076 4671 Waciensi‚
1124 4577 1401 4678 Capeno
1430 4579 1783 4674 Agriensi.,
1819 4578 2126 4654 Roberto
2167 4581 2678 4678 Bespremiensi
2731 4583 2985 4672 electo,
3023 4580 3282 4655 Desmo
3321 4578 3730 4674 (Desiderio
3747 4577 3845 4672 Ῠ)

504 4678 1000 4774 (Ἂιειιιιιᾱὶθιιεί,
1055 4681 1363 4781 Symone
1413 4682 1880 4773 waradiensi
1958 4684 2166 4758 Petro
2222 4685 2584 4759 Geuriensi
2635 4685 2993 4760 Ecclesias
3062 4684 3358 4757 feliciter
3423 4680 3852 4779 gubernan-

496 4784 715 4858 tibus.
763 4785 953 4859 Poch
989 4787 1284 4882 palatino
1323 4796 1392 4860 et
1427 4791 1678 4860 comite
1712 4788 2550 4880 musuniensi.,b1ichaele
2583 4790 2925 4889 Vayvoda
2969 4787 3466 4863 existentibus
3496 4784 3856 4861 zacharia

516 4887 788 4962 Gemite
839 4899 1002 4962 tunc
1054 4899 1363 4987 tempore
1415 4890 1889 4981 Varasdiensi.,
1950 4892 2281 4967 Marcello
2333 4894 2682 4968 Vaciensi.
2751 4894 2905 4967 Jnla
2954 4892 3425 4989 Budrugiensi.
3498 4890 3852 4966 Baneone

510 4990 950 5067 bichariensi.
1005 4991 1296 5067 Nicolao
1334 4993 1786 5069 Kemeriensi.
1842 4995 2078 5071 Ochuz
2117 4997 2585 5095 supruniensi.
2639 4997 2888 5095 Moyse
2939 4996 3151 5070 ferrei
3205 4999 3441 5072 castri
3493 4993 3856 5070 nom-ono

498 5101 932 5195 posuniensi.
985 5097 1220 5172 Buzad
1274 5096 1637 5176 Geuriensi
1692 5098 2067 5178 Comitatus
2120 5102 2530 5178 tenentibus.
2635 5103 2866 5200 Regni
2916 5103 3137 5179 nostri
3186 5123 3368 5177 anno
3423 5098 3706 5189 Quinto.

497 5290 788 5366 Origtulb
820 5298 1036 5352 membr.
1068 5298 1124 5352 in
1157 5295 1402 5354 Archivio
1438 5294 1667 5354 civitam
1700 5295 2089 5354 Varudinensis
2123 5298 2269 5354 Fnsc.
2303 5297 2344 5352 1.
2377 5296 2439 5352 H.
2478 5298 2532 5362 1„
