3950 5917
455 417 462 426 ’
495 424 649 498 308

488 627 736 718 aaa,
792 625 1213 702 Mite·
1268 623 1675 700 Sannorum
1728 622 2018 723 flflippi
2067 621 2138 699 'e
2185 625 2433 700 'auehi
2510 622 3023 722 Apostolorum,
3097 634 3192 696 'ac'
3247 623 3563 722 undem,
3601 618 3807 696 Festo

493 754 769 829 quoque
821 733 895 805 S.
934 731 1261 827 Stephani
1318 731 1532 822 Regis
1586 754 1669 803 se
1722 754 1801 804 se
1856 731 2207 815 conferre„
2263 730 2649 824 ibidemque
2705 734 2768 802 in
2825 723 3050 801 Domo
3098 727 3445 800 Praetoria
3489 724 3810 799 Censes-

496 859 617 911 sus
684 835 1084 908 Iudiciarios
1154 833 1606 923 celebrando,
1679 845 1815 906 tam
1871 833 1982 906 diu
2055 833 2279 905 donec
2350 839 2734 906 necessitas
2817 833 3380 905 Concurrentium
3433 829 3809 904 Causarum

494 938 892 1034 postulabit,
948 961 1333 1028 remanere,
1387 936 1831 1031 Partibusque
1884 938 2208 1009 Iustitiam
2265 936 2737 1009 administrare
2777 947 3158 1022 teneantun
3215 936 3529 1028 exceptis
3585 943 3808 1008 tamen

491 1041 858 1137 Legalibus
929 1040 1195 1132 Ferijs,
1267 1041 1887 1133 Juristitiorumque
1961 1039 2418 1134 temporibus..
2503 1042 2779 1134 reliquis
2852 1061 3027 1111 vero
3108 1038 3427 1110 luridicis
3501 1041 3566 1107 d:
3642 1038 3808 1128 aptis

493 1145 679 1241 Anni
748 1143 1165 1238 temporibus
1234 1166 1356 1239 pro
1429 1143 1664 1215 Banali
1746 1142 2002 1215 Tabula
2060 1148 2124 1215 dc
2179 1142 2471 1215 Sedibus
2543 1143 2932 1233 Judiciarijs
3015 1143 3461 1214 comitatuum
3535 1141 3811 1212 relictis.

491 1245 846 1320 incumbet
898 1257 1121 1319 autem
1178 1246 1577 1341 Regnicolis
1635 1268 1867 1317 coram
1922 1244 2308 1338 hujusmodi
2390 1245 2646 1318 Tabula
2706 1247 2969 1318 Causas
3027 1270 3186 1316 suas
3260 1245 3675 1339 promoturis
3727 1247 3809 1314 ita

493 1363 751 1424 mature
806 1356 871 1422 ά·
922 1355 1330 1445 tempestive
1392 1351 1568 1444 apud
1620 1347 1917 1422 futurum
1964 1371 2097 1445 pro
2154 1360 2461 1445 tempore
2513 1349 2936 1423 Praesidem.
3027 1350 3137 1420 vel
3196 1372 3281 1418 eo
3337 1356 3639 1418 vacante
3695 1357 3802 1418 aut

488 1455 786 1549 legitime
840 1453 1188 1548 impedito,
1245 1453 1358 1525 vel
1417 1457 1853 1542 interessato‚
1908 1452 2085 1549 apud
2139 1456 2423 1548 primum
2479 1452 2788 1545 ejusdem
2869 1452 3170 1524 Tabulae
3227 1454 3690 1524 Assessorem
3747 1454 3806 1521 de

490 1557 962 1650 Gonjudicem,
1037 1567 1259 1629 semet
1313 1554 1538 1629 debite
1595 1560 1967 1644 insinuare,
2017 1566 2095 1628 ut
2147 1566 2386 1628 contra
2440 1556 2679 1628 Partes
2736 1557 3110 1629 eorundem
3168 1556 3482 1648 legaliter
3519 1564 3806 1626 eatenus

466 1660 852 1752 :certificari
906 1671 1181 1754 queant,
1247 1670 1313 1731 et
1362 1664 1423 1733 si
1480 1660 1595 1732 vel
1649 1682 1822 1732 unus
1878 1658 2202 1732 duntaxat
2259 1659 2692 1733 Causautium
2745 1683 2827 1734 se
2879 1662 3366 1733 insinuaverit.
3440 1656 3806 1729 Officium-

464 1788 620 1859 ‚que
674 1764 1011 1856 ejusmodi
1067 1766 1476 1858 tempestive
1528 1764 2092 1857 interpellaverit,
2148 1785 2235 1834 eo
2293 1763 2474 1834 facto
2533 1764 2827 1835 Praeses
2877 1777 2944 1833 et
2981 1766 3220 1855 reliqui
3266 1760 3578 1851 ejusdem
3627 1782 3804 1831 con-

478 1869 750 1958 judices
807 1866 932 1938 sub
1006 1867 1234 1938 Poena
1309 1867 1513 1959 legali
1589 1866 1673 1938 ad
1728 1866 1983 1938 Locum
2059 1867 2742 1960 praedeterminatum
2817 1871 3192 1940 convenire
3266 1877 3336 1936 et
3386 1864 3808 1937 Judicialiter

485 1980 674 2043 tanto
747 1980 997 2066 quanto
1071 1993 1240 2066 opus
1296 1969 1500 2041 fuerit
1578 1981 1885 2065 tempore
1959 1971 2323 2042 considere
2397 1982 2464 2040 et
2545 1976 2610 2042 in
2669 1993 3005 2042 concursu
3091 1973 3370 2064 plurium
3427 1966 3802 2039 Causarum

483 2072 808 2166 Legalem
872 2079 1150 2156 seriem„
1220 2073 1735 2169 Pauperumque
1792 2084 1860 2144 et
1911 2073 2280 2145 Viduas-mn
2339 2097 2422 2143 ac
2477 2074 2850 2146 Causarum
2926 2076 3285 2145 vetustatis
3352 2070 3802 2143 reflexionem

480 2176 763 2264 babere,
818 2176 1288 2272 Justitiamqne
1334 2176 1645 2248 omnibus
1702 2178 2077 2270 aequaliter
2128 2189 2364 2248 sancte
2421 2187 2488 2248 et
2542 2183 2940 2272 intemerate
2998 2178 3469 2249 administrare
3524 2171 3803 2267 obliga-

477 2278 740 2353 buntur.
850 2280 924 2352 Si
990 2302 1194 2375 porro
1248 2281 1470 2352 nullus
1525 2279 1837 2351 absolute
1893 2277 2329 2352 Causantium
2386 2291 2542 2352 ante
2598 2281 2975 2353 destinatos
3029 2280 3235 2352 modo
3294 2281 3577 2373 praevio
3615 2276 3800 2349 Ter-

477 2389 699 2457 minos
753 2384 926 2478 apud
983 2394 1442 2478 praealtactos
1497 2382 1776 2455 Judices
1833 2393 2054 2454 semet
2109 2387 2582 2470 insinuaveritt
2639 2393 2751 2455 aut
2795 2407 2887 2456 ex
2934 2385 3371 2479 praecedenti
3422 2382 3534 2454 vel
3588 2403 3802 2475 prae-

479 2485 877 2559 cedentibus
932 2486 1269 2577 ejusmodi
1314 2486 1650 2557 Terminis
1708 2487 1974 2579 aliquae
2032 2487 2380 2558 indecisae
2438 2487 2707 2559 Causae
2761 2500 2830 2556 et
2881 2488 3263 2559 Processus
3317 2508 3453 2557 non
3511 2506 3798 2556 manse-

478 2594 631 2675 rint.‚
707 2591 819 2661 tali
892 2613 1014 2685 pro
1071 2612 1235 2661 casu
1309 2592 1434 2684 ipsi
1491 2611 1760 2685 quoque
1833 2589 2102 2661 ludices
2178 2612 2300 2684 pro
2378 2594 2744 2662 imminenti
2814 2591 3038 2685 aliquo
3095 2614 3185 2662 ex
3244 2588 3447 2661 modo
3512 2594 3796 2683 praevio

477 2692 851 2787 designatis
903 2694 1223 2766 Termino
1271 2715 1548 2765 eorsum
1602 2716 2008 2787 comparere
2060 2704 2130 2765 et
2184 2693 2429 2765 ibidem
2487 2706 2750 2789 teinpus
2807 2698 3142 2766 innaniter
3195 2715 3608 2766 consumere
3665 2715 3795 2763 ne-

477 2819 765 2891 quaqum
836 2807 1211 2868 teneantur.
1320 2795 1406 2866 Et
1461 2803 1615 2869 vice
1675 2819 1906 2884 versa,
1981 2800 2040 2870 si
2097 2799 2298 2868 etiam
2352 2809 2547 2869 extra
2605 2808 2674 2869 et
2736 2808 3011 2892 praeter
3065 2820 3263 2892 supra
3322 2796 3794 2868 denotatorum

475 2898 945 2972 Terminorum
998 2909 1332 2993 tempora,
1396 2903 1795 2993 praesertim
1853 2901 2072 2994 aliqua
2135 2900 2334 2995 lnops
2390 2911 2458 2972 et
2514 2899 2918 2973 miserabilis
2970 2900 3281 2974 Persona
3334 2900 3674 2971 Judicium
3734 2909 3797 2968 et

475 3000 810 3074 Iustitiam
867 3025 905 3074 a
963 3000 1333 3096 praelibata
1394 3001 1649 3075 Tabula
1705 3002 2072 3075 Iudiciaria
2134 3005 2602 3097 postulaveritq
2674 3009 3070 3098 praemissis
3129 3005 3214 3076 de
3270 3003 3458 3092 Lege
3516 3013 3586 3074 et
3637 3001 3798 3072 Jure

475 3108 1007 3198 praemittendis,
1088 3106 1201 3177 tali
1272 3111 1473 3179 etiam
1548 3108 2086 3179 extruserialiter
2157 3110 2359 3179 toties
2434 3111 2700 3201 quoties
2776 3130 3137 3180 necessum
3213 3107 3438 3194 fuerit,
3527 3127 3798 3178 omnem

476 3207 768 3280 debitam
821 3208 1156 3281 Justitiam
1214 3220 1285 3283 et
1337 3208 1892 3282 satisfactionem
1949 3209 2446 3282 administrare.
2514 3211 2750 3283 Eidem
2808 3235 2978 3283 vero
3031 3210 3360 3300 Tabulae,
3418 3233 3537 3281 seu
3602 3212 3800 3301 eJus-

473 3311 628 3384 dem
699 3310 1311 3386 Commissionibus
1369 3323 1438 3384 et
1490 3311 2076 3404 Exmissionibus7
2147 3313 2428 3388 Judices
2504 3326 2571 3386 et
2624 3315 3125 3387 Vice-Judices
3201 3337 3445 3409 parere
3519 3313 3801 3406 obliga—

472 3414 733 3488 buntur.
823 3415 1062 3488 Taxae
1118 3438 1322 3512 porro
1376 3415 1900 3511 Expeditionum
1960 3419 2267 3507 ejusdem
2322 3416 2624 3490 Tabulae
2678 3418 3090 3490 Judiciariae
3145 3440 3266 3513 pro
3326 3417 3800 3489 sublevamine

479 3516 940 3607 causantium,
1023 3519 1107 3592 ad
1182 3529 1397 3591 ratam
1466 3520 1894 3592 medietatem
1970 3521 2262 3604 illorum„
2345 3544 2520 3615 quae
2591 3522 2920 3593 hactenus
2977 3525 3161 3614 exigi
3238 3525 3798 3608 consvevissent,

472 3620 909 3712 reducantur,
993 3622 1378 3718 Iisdemque
1458 3634 1593 3695 tam
1672 3623 1983 3710 Judices„
2064 3647 2260 3718 quain
2347 3634 2413 3695 et
2478 3622 2763 3697 Scribae
2845 3624 3215 3697 eorundem
3301 3636 3798 3696 contententur.

472 3726 986 3819 Appellationes
1069 3727 1367 3815 demum,
1448 3735 1580 3799 tam
1640 3749 1676 3797 a
1753 3731 2251 3821 praerepetitae
2305 3727 2632 3817 Tabulae„
2707 3752 2902 3824 quam
2979 3733 3179 3800 etiam
3237 3727 3798 3800 Comitatensium

470 3828 862 3900 Sedriarum
918 3829 1187 3902 Judicio
1242 3835 1411 3901 intra
1470 3830 1881 3917 Dominium,
1937 3853 2060 3902 seu
2118 3853 2452 3926 suspensa
2510 3833 2687 3903 latae
2745 3834 3141 3905 Sententiae
3195 3831 3662 3920 ExecutionQ
3718 3829 3797 3902 ad

468 3929 793 4003 Tabulam
851 3931 1202 4019 Banalem‚
1257 3934 1418 4005 inde
1467 3954 1637 4006 vero
1674 3933 1761 4005 ad
1799 3944 2110 4006 tenorem
2168 3933 2451 4006 Articuli
2509 3932 2629 4006 27.
2691 3933 2912 4007 1723.
2970 3937 3052 4007 ad
3110 3934 3432 4007 Tabulam
3493 3946 3796 4007 nostram

468 4032 755 4126 Regiam
794 4034 1220 4108 Iudiciariam
1261 4041 1596 4129 interponi
1636 4036 2067 4110 admittantur
2104 4042 2168 4110 ἀ·
2205 4062 2292 4110 eo
2331 4043 2532 4111 etiam
2571 4043 3125 4128 transmittantur,
3167 4042 3318 4111 solo
3358 4062 3522 4110 casu
3566 4043 3794 4111 immi-

467 4141 691 4210 nentis
730 4138 1207 4212 Distractionis
1248 4151 1360 4211 aut
1400 4140 1895 4236 dilapidationis
1934 4164 2160 4213 rerum
2221 4142 2778 4234 adjudicatarum,
2835 4146 3079 4216 nullius
3117 4148 3300 4215 item.
3359 4144 3471 4216 vel
3524 4142 3796 4216 insuffi-

473 4243 715 4313 cientis
771 4240 1147 4328 cautionis„
1223 4255 1541 4338 excepto·
1617 4249 1681 4317 in
1741 4266 1873 4339 quo
1936 4248 2135 4335 juxta
2192 4245 2568 4317 Articulum
2621 4245 2747 4319 28.
2809 4249 2985 4320 Anni
3048 4245 3245 4321 1715
3309 4270 3526 4343 usque
3615 4248 3793 4319 ulte-

466 4346 717 4417 riorem
776 4345 1044 4419 Causae
1099 4346 1565 4432 Decisionem„
1633 4349 2079 4444 Sequestrum
2153 4350 2633 4444 imponendum
2706 4355 2853 4423 erit.
2964 4348 3324 4422 Caeterum
3405 4351 3469 4422 id
3528 4371 3792 4447 quoque

459 4449 656 4539 juxta
715 4449 1085 4524 demissum
1139 4449 1563 4523 Fidelitatum
1622 4449 2021 4524 vestrarum
2080 4453 2493 4525 Postulatam
2559 4453 2809 4526 lisdem
2866 4455 3242 4526 clementer
3294 4454 3488 4528 hisce
3545 4455 3789 4527 admit-

465 4551 739 4623 tendum
797 4575 959 4626 esse
1015 4553 1380 4626 duximus.-
1488 4551 1577 4627 Ut
1627 4567 1903 4650 praeter
1955 4565 2024 4628 e't
2078 4557 2246 4628 ultra
2307 4554 2569 4631 Causas
2625 4557 3191 4630 Protbonotariali
3245 4552 3429 4631 Foro
3504 4559 3789 4631 antebac

470 4655 844 4747 subjectas,
926 4680 1180 4729 causae
1236 4680 1506 4755 quoque
1560 4672 1799 4732 contra
1857 4661 2232 4754 Supremos
2290 4673 2404 4733 aut
2472 4659 3031 4750 vice-Comites„
3111 4667 3508 4756 quorumvis
3584 4683 3788 4759 prae-

464 4757 1008 4854 specificatornm
1045 4760 1442 4856 Regnorum
1482 4759 1959 4852 Comitatuum‚
2009 4785 2134 4835 seu
2172 4766 2239 4836 in
2278 4763 2787 4854 personalibus„
2843 4778 2956 4838 aut
2994 4770 3196 4838 etiarn
3238 4763 3567 4848 realibus
3621 4788 3783 4859 pro-

467 4864 880 4952 movendae,
939 4887 1117 4958 quae
1172 4865 1342 4939 alias
1393 4863 1579 4938 Foro
1638 4863 2082 4940 Comitatensi
2138 4867 2529 4956 subessent,
2598 4868 2846 4941 ibidem
2907 4874 2970 4942 in
3023 4873 3237 4965 prima
3291 4868 3618 4942 Instantia
3680 4869 3785 4939 di-

457 4966 896 5057 judicandae,
967 4968 1050 5041 ad
1123 4968 1493 5042 tollendum
1569 4993 1840 5044 omnem
1904 4970 2324 5045 rationabilis
2405 4971 2836 5045 Diffide'ntiae
2891 4984 3004 5046 aut
3075 4977 3600 5047 interessentiae
3659 4989 3784 5042 cu—

454 5071 749 5165 Juspim
800 5069 1107 5144 ‘fomitem
1166 5084 1236 5145 et
1279 5071 1792 5168 Suspicionem„
1852 5078 1919 5147 in
1978 5077 2488 5171 praedeclarata
2544 5076 2910 5148 Judiciaria
2966 5073 3221 5149 Tabula
3277 5081 3340 5150 in
3396 5081 3608 5173 prima
3661 5070 3782 5146 ln-

460 5177 707 5246 stantia
758 5173 1107 5267 Legaliter
1156 5180 1225 5248 iu
1280 5175 1572 5250 futurum
1627 5184 2025 5273 promoveri
2078 5184 2362 5275 possint.

764 5275 1029 5363 Quibus
1081 5281 1309 5353 taliter
1354 5282 1681 5356 resolutis
1716 5292 1790 5355 et
1822 5284 2265 5378 applacidatis
2317 5279 2784 5356 Fidelitatibus
2841 5282 3107 5357 Vestris
3165 5285 3538 5357 clementer
3591 5283 3775 5354 bisce

454 5380 940 5453 committimus
994 5392 1065 5453 et
1116 5383 1546 5474 mandamus,
1598 5396 1932 5481 quatenus
1981 5390 2291 5482 acceptis
2332 5385 2846 5482 praesentibus,
2903 5410 3019 5482 eo,
3073 5409 3208 5485 quo
3259 5384 3582 5465 Praeses.
3631 5384 3776 5456 As-
