<?xml version="1.0" encoding="UTF-8"?>
<!DOCTYPE html PUBLIC "-//W3C//DTD XHTML 1.0 Transitional//EN"
    "http://www.w3.org/TR/xhtml1/DTD/xhtml1-transitional.dtd">
<html xmlns="http://www.w3.org/1999/xhtml" xml:lang="en" lang="en">
 <head>
  <title>
</title>
<meta http-equiv="Content-Type" content="text/html;charset=utf-8" />
  <meta name='ocr-system' content='tesseract 3.04.00' />
  <meta name='ocr-capabilities' content='ocr_page ocr_carea ocr_par ocr_line ocrx_word'/>
</head>
<body>
  <div class='ocr_page' id='page_1' title='image "./juraregnicroati00etcgoog/juraregnicroati00etcgoog_0080.png"; bbox 0 0 3950 5917; ppageno 0'>
   <div class='ocr_carea' id='block_1_1' title="bbox 423 399 529 496">
    <p class='ocr_par' dir='ltr' id='par_1_1' title="bbox 423 399 529 496">
     <span class='ocr_line' id='line_1_1' title="bbox 423 399 529 496; baseline 0 0"><span class='ocrx_word' id='word_1_1' title='bbox 423 399 529 496; x_wconf 73' lang='grc' dir='ltr'>θὲι</span> 
     </span>
    </p>
   </div>
   <div class='ocr_carea' id='block_1_2' title="bbox 414 611 3790 5464">
    <p class='ocr_par' dir='ltr' id='par_1_2' title="bbox 414 611 3790 5464">
     <span class='ocr_line' id='line_1_2' title="bbox 424 611 3790 718; baseline -0.002 -16"><span class='ocrx_word' id='word_1_2' title='bbox 424 639 665 702; x_wconf 86' lang='lat' dir='ltr'>nostro</span> <span class='ocrx_word' id='word_1_3' title='bbox 720 627 1035 702; x_wconf 85' lang='lat' dir='ltr'>Dionisio</span> <span class='ocrx_word' id='word_1_4' title='bbox 1100 619 1289 698; x_wconf 87' lang='lat' dir='ltr'>bano</span> <span class='ocrx_word' id='word_1_5' title='bbox 1349 627 1558 699; x_wconf 88' lang='lat' dir='ltr'>totius</span> <span class='ocrx_word' id='word_1_6' title='bbox 1622 619 1996 698; x_wconf 87' lang='lat' dir='ltr'>Sclauonie</span> <span class='ocrx_word' id='word_1_7' title='bbox 2085 631 2158 694; x_wconf 91' lang='lat' dir='ltr'>et</span> <span class='ocrx_word' id='word_1_8' title='bbox 2226 620 2378 695; x_wconf 86' lang='lat' dir='ltr'>aliis</span> <span class='ocrx_word' id='word_1_9' title='bbox 2431 624 2632 716; x_wconf 88' lang='lat' dir='ltr'>regni</span> <span class='ocrx_word' id='word_1_10' title='bbox 2701 619 3142 718; x_wconf 85' lang='lat' dir='ltr'>principibus,</span> <span class='ocrx_word' id='word_1_11' title='bbox 3211 632 3517 697; x_wconf 89' lang='lat' dir='ltr'>nostram</span> <span class='ocrx_word' id='word_1_12' title='bbox 3580 611 3790 695; x_wconf 59' lang='lat' dir='ltr'>han&amp;</span> 
     </span>
     <span class='ocr_line' id='line_1_3' title="bbox 422 721 3786 822; baseline -0.001 -18"><span class='ocrx_word' id='word_1_13' title='bbox 422 735 868 805; x_wconf 89' lang='lat' dir='ltr'>intentionem</span> <span class='ocrx_word' id='word_1_14' title='bbox 908 739 978 803; x_wconf 88' lang='lat' dir='ltr'>et</span> <span class='ocrx_word' id='word_1_15' title='bbox 1009 729 1431 802; x_wconf 87' lang='lat' dir='ltr'>uoluntatem</span> <span class='ocrx_word' id='word_1_16' title='bbox 1465 728 1878 800; x_wconf 86' lang='lat' dir='ltr'>unanimiter</span> <span class='ocrx_word' id='word_1_17' title='bbox 1913 721 2469 821; x_wconf 74' lang='lat' dir='ltr'><strong>approbantibus,</strong></span> <span class='ocrx_word' id='word_1_18' title='bbox 2514 734 2820 799; x_wconf 90' lang='lat' dir='ltr'>nostrum</span> <span class='ocrx_word' id='word_1_19' title='bbox 2857 727 3278 821; x_wconf 88' lang='lat' dir='ltr'>propositum</span> <span class='ocrx_word' id='word_1_20' title='bbox 3313 724 3786 822; x_wconf 70' lang='lat' dir='ltr'>perduximus</span> 
     </span>
     <span class='ocr_line' id='line_1_4' title="bbox 428 826 3786 925; baseline -0.001 -19"><span class='ocrx_word' id='word_1_21' title='bbox 428 834 513 906; x_wconf 91' lang='lat' dir='ltr'>ad</span> <span class='ocrx_word' id='word_1_22' title='bbox 554 835 900 922; x_wconf 79' lang='lat' dir='ltr'>effectum,</span> <span class='ocrx_word' id='word_1_23' title='bbox 939 830 1436 921; x_wconf 73' lang='lat' dir='ltr'>concedentes,</span> <span class='ocrx_word' id='word_1_24' title='bbox 1472 840 1544 903; x_wconf 88' lang='lat' dir='ltr'>nt</span> <span class='ocrx_word' id='word_1_25' title='bbox 1575 833 1641 902; x_wconf 89' lang='lat' dir='ltr'>in</span> <span class='ocrx_word' id='word_1_26' title='bbox 1669 827 1979 925; x_wconf 88' lang='lat' dir='ltr'>predicto</span> <span class='ocrx_word' id='word_1_27' title='bbox 2009 836 2241 901; x_wconf 89' lang='lat' dir='ltr'>monte</span> <span class='ocrx_word' id='word_1_28' title='bbox 2277 826 2491 900; x_wconf 87' lang='lat' dir='ltr'>libera</span> <span class='ocrx_word' id='word_1_29' title='bbox 2532 831 2772 901; x_wconf 90' lang='lat' dir='ltr'>ciuitas</span> <span class='ocrx_word' id='word_1_30' title='bbox 2808 826 2950 919; x_wconf 85' lang='lat' dir='ltr'>fiat,</span> <span class='ocrx_word' id='word_1_31' title='bbox 2986 828 3292 924; x_wconf 82' lang='lat' dir='ltr'>hospites</span> <span class='ocrx_word' id='word_1_32' title='bbox 3318 827 3535 901; x_wconf 91' lang='lat' dir='ltr'>libere</span> <span class='ocrx_word' id='word_1_33' title='bbox 3570 850 3786 902; x_wconf 77' lang='lat' dir='ltr'>con-—</span> 
     </span>
     <span class='ocr_line' id='line_1_5' title="bbox 425 929 3784 1030; baseline -0.004 -20"><span class='ocrx_word' id='word_1_34' title='bbox 425 940 729 1027; x_wconf 89' lang='lat' dir='ltr'>ueniant,</span> <span class='ocrx_word' id='word_1_35' title='bbox 779 945 1003 1008; x_wconf 84' lang='lat' dir='ltr'>terras</span> <span class='ocrx_word' id='word_1_36' title='bbox 1059 945 1130 1008; x_wconf 92' lang='lat' dir='ltr'>et</span> <span class='ocrx_word' id='word_1_37' title='bbox 1162 937 1653 1030; x_wconf 86' lang='lat' dir='ltr'>possessiones</span> <span class='ocrx_word' id='word_1_38' title='bbox 1708 931 2142 1005; x_wconf 89' lang='lat' dir='ltr'>conditiones</span> <span class='ocrx_word' id='word_1_39' title='bbox 2196 940 2267 1003; x_wconf 88' lang='lat' dir='ltr'>et</span> <span class='ocrx_word' id='word_1_40' title='bbox 2315 929 2668 1005; x_wconf 80' lang='lat' dir='ltr'>libertates</span> <span class='ocrx_word' id='word_1_41' title='bbox 2715 954 2755 1002; x_wconf 92' lang='lat' dir='ltr'>a</span> <span class='ocrx_word' id='word_1_42' title='bbox 2790 929 2993 1004; x_wconf 90' lang='lat' dir='ltr'>nobis</span> <span class='ocrx_word' id='word_1_43' title='bbox 3047 934 3435 1025; x_wconf 88' lang='lat' dir='ltr'>assignatas</span> <span class='ocrx_word' id='word_1_44' title='bbox 3473 940 3544 1004; x_wconf 88' lang='lat' dir='ltr'>et</span> <span class='ocrx_word' id='word_1_45' title='bbox 3577 929 3784 1004; x_wconf 85' lang='lat' dir='ltr'>sub-</span> 
     </span>
     <span class='ocr_line' id='line_1_6' title="bbox 425 1032 3782 1136; baseline -0.002 -22"><span class='ocrx_word' id='word_1_46' title='bbox 425 1043 716 1136; x_wconf 88' lang='lat' dir='ltr'>scriptas</span> <span class='ocrx_word' id='word_1_47' title='bbox 768 1037 1090 1128; x_wconf 76' lang='lat' dir='ltr'>habeant,</span> <span class='ocrx_word' id='word_1_48' title='bbox 1143 1046 1424 1110; x_wconf 89' lang='lat' dir='ltr'>teneant</span> <span class='ocrx_word' id='word_1_49' title='bbox 1462 1046 1532 1109; x_wconf 91' lang='lat' dir='ltr'>et</span> <span class='ocrx_word' id='word_1_50' title='bbox 1569 1034 1956 1109; x_wconf 90' lang='lat' dir='ltr'>custodiant</span> <span class='ocrx_word' id='word_1_51' title='bbox 1989 1036 2467 1107; x_wconf 89' lang='lat' dir='ltr'>inconcussas.</span> <span class='ocrx_word' id='word_1_52' title='bbox 2532 1032 2980 1107; x_wconf 77' lang='lat' dir='ltr'>conditiones</span> <span class='ocrx_word' id='word_1_53' title='bbox 3031 1037 3263 1129; x_wconf 91' lang='lat' dir='ltr'>itaque</span> <span class='ocrx_word' id='word_1_54' title='bbox 3300 1044 3370 1106; x_wconf 88' lang='lat' dir='ltr'>et</span> <span class='ocrx_word' id='word_1_55' title='bbox 3402 1032 3782 1107; x_wconf 72' lang='lat' dir='ltr'>libertates</span> 
     </span>
     <span class='ocr_line' id='line_1_7' title="bbox 425 1135 3788 1239; baseline -0.002 -23"><span class='ocrx_word' id='word_1_56' title='bbox 425 1143 765 1239; x_wconf 90' lang='lat' dir='ltr'>hospitum</span> <span class='ocrx_word' id='word_1_57' title='bbox 792 1140 1279 1238; x_wconf 89' lang='lat' dir='ltr'>predictorum,</span> <span class='ocrx_word' id='word_1_58' title='bbox 1309 1143 1381 1212; x_wconf 92' lang='lat' dir='ltr'>in</span> <span class='ocrx_word' id='word_1_59' title='bbox 1407 1138 1715 1235; x_wconf 87' lang='lat' dir='ltr'>predicto</span> <span class='ocrx_word' id='word_1_60' title='bbox 1748 1146 1980 1210; x_wconf 89' lang='lat' dir='ltr'>monte</span> <span class='ocrx_word' id='word_1_61' title='bbox 2009 1135 2445 1209; x_wconf 81' lang='lat' dir='ltr'>habitantium</span> <span class='ocrx_word' id='word_1_62' title='bbox 2484 1145 2555 1209; x_wconf 89' lang='lat' dir='ltr'>et</span> <span class='ocrx_word' id='word_1_63' title='bbox 2590 1140 3145 1211; x_wconf 89' lang='lat' dir='ltr'>conuenientium</span> <span class='ocrx_word' id='word_1_64' title='bbox 3179 1159 3378 1232; x_wconf 91' lang='lat' dir='ltr'>,quas</span> <span class='ocrx_word' id='word_1_65' title='bbox 3412 1139 3544 1232; x_wconf 89' lang='lat' dir='ltr'>ipsi</span> <span class='ocrx_word' id='word_1_66' title='bbox 3577 1139 3788 1210; x_wconf 75' lang='lat' dir='ltr'>inter</span> 
     </span>
     <span class='ocr_line' id='line_1_8' title="bbox 426 1238 3778 1339; baseline -0.002 -19"><span class='ocrx_word' id='word_1_67' title='bbox 426 1270 505 1320; x_wconf 91' lang='lat' dir='ltr'>se</span> <span class='ocrx_word' id='word_1_68' title='bbox 539 1245 859 1320; x_wconf 87' lang='lat' dir='ltr'>fecerunt</span> <span class='ocrx_word' id='word_1_69' title='bbox 894 1254 964 1318; x_wconf 91' lang='lat' dir='ltr'>et</span> <span class='ocrx_word' id='word_1_70' title='bbox 996 1264 1127 1317; x_wconf 91' lang='lat' dir='ltr'>nos</span> <span class='ocrx_word' id='word_1_71' title='bbox 1167 1240 1718 1339; x_wconf 86' lang='lat' dir='ltr'>approbauimus,</span> <span class='ocrx_word' id='word_1_72' title='bbox 1768 1241 1946 1313; x_wconf 89' lang='lat' dir='ltr'>tales</span> <span class='ocrx_word' id='word_1_73' title='bbox 1981 1238 2333 1312; x_wconf 88' lang='lat' dir='ltr'>habentur.</span> <span class='ocrx_word' id='word_1_74' title='bbox 2391 1238 2590 1327; x_wconf 85' lang='lat' dir='ltr'>Quod</span> <span class='ocrx_word' id='word_1_75' title='bbox 2626 1244 2686 1332; x_wconf 78' lang='lat' dir='ltr'>si</span> <span class='ocrx_word' id='word_1_76' title='bbox 2721 1239 2930 1333; x_wconf 82' lang='lat' dir='ltr'>iJ&#39;dem</span> <span class='ocrx_word' id='word_1_77' title='bbox 2981 1239 3289 1336; x_wconf 84' lang='lat' dir='ltr'>hospites</span> <span class='ocrx_word' id='word_1_78' title='bbox 3340 1244 3412 1313; x_wconf 92' lang='lat' dir='ltr'>in</span> <span class='ocrx_word' id='word_1_79' title='bbox 3447 1239 3778 1314; x_wconf 77' lang='lat' dir='ltr'>districtu</span> 
     </span>
     <span class='ocr_line' id='line_1_9' title="bbox 420 1339 3788 1445; baseline -0.002 -22"><span class='ocrx_word' id='word_1_80' title='bbox 420 1350 754 1445; x_wconf 89' lang='lat' dir='ltr'>Hungar.,</span> <span class='ocrx_word' id='word_1_81' title='bbox 788 1347 1110 1438; x_wconf 67' lang='lat' dir='ltr'>Dalmat,</span> <span class='ocrx_word' id='word_1_82' title='bbox 1148 1342 1469 1419; x_wconf 87' lang='lat' dir='ltr'>Choroat.</span> <span class='ocrx_word' id='word_1_83' title='bbox 1509 1346 1723 1438; x_wconf 83' lang='lat' dir='ltr'>(sic),</span> <span class='ocrx_word' id='word_1_84' title='bbox 1778 1341 2105 1416; x_wconf 89' lang='lat' dir='ltr'>Sclauon.</span> <span class='ocrx_word' id='word_1_85' title='bbox 2162 1343 2433 1438; x_wconf 87' lang='lat' dir='ltr'>spoliati</span> <span class='ocrx_word' id='word_1_86' title='bbox 2483 1363 2612 1439; x_wconf 90' lang='lat' dir='ltr'>per</span> <span class='ocrx_word' id='word_1_87' title='bbox 2659 1343 2968 1417; x_wconf 87' lang='lat' dir='ltr'>latrones</span> <span class='ocrx_word' id='word_1_88' title='bbox 3019 1342 3136 1416; x_wconf 91' lang='lat' dir='ltr'>uel</span> <span class='ocrx_word' id='word_1_89' title='bbox 3186 1342 3362 1416; x_wconf 89' lang='lat' dir='ltr'>alios</span> <span class='ocrx_word' id='word_1_90' title='bbox 3412 1339 3788 1416; x_wconf 82' lang='lat' dir='ltr'>malefac-</span> 
     </span>
     <span class='ocr_line' id='line_1_10' title="bbox 419 1444 3784 1542; baseline -0.002 -17"><span class='ocrx_word' id='word_1_91' title='bbox 419 1462 612 1526; x_wconf 87' lang='lat' dir='ltr'>tores</span> <span class='ocrx_word' id='word_1_92' title='bbox 663 1451 941 1541; x_wconf 89' lang='lat' dir='ltr'>fuerint,</span> <span class='ocrx_word' id='word_1_93' title='bbox 997 1449 1311 1522; x_wconf 87' lang='lat' dir='ltr'>dominus</span> <span class='ocrx_word' id='word_1_94' title='bbox 1364 1458 1577 1537; x_wconf 89' lang='lat' dir='ltr'>terre,</span> <span class='ocrx_word' id='word_1_95' title='bbox 1655 1451 1727 1520; x_wconf 89' lang='lat' dir='ltr'>in</span> <span class='ocrx_word' id='word_1_96' title='bbox 1781 1468 1913 1542; x_wconf 89' lang='lat' dir='ltr'>qua</span> <span class='ocrx_word' id='word_1_97' title='bbox 1967 1446 2239 1542; x_wconf 88' lang='lat' dir='ltr'>spoliati</span> <span class='ocrx_word' id='word_1_98' title='bbox 2300 1444 2576 1535; x_wconf 90' lang='lat' dir='ltr'>fuerint,</span> <span class='ocrx_word' id='word_1_99' title='bbox 2649 1449 2961 1519; x_wconf 87' lang='lat' dir='ltr'>estimata</span> <span class='ocrx_word' id='word_1_100' title='bbox 3011 1449 3382 1541; x_wconf 87' lang='lat' dir='ltr'>quantitate</span> <span class='ocrx_word' id='word_1_101' title='bbox 3433 1449 3784 1542; x_wconf 78' lang='lat' dir='ltr'>pecunie,</span> 
     </span>
     <span class='ocr_line' id='line_1_11' title="bbox 420 1548 3780 1640; baseline -0.002 -11"><span class='ocrx_word' id='word_1_102' title='bbox 420 1561 611 1629; x_wconf 87' lang='lat' dir='ltr'>iuxta</span> <span class='ocrx_word' id='word_1_103' title='bbox 646 1553 994 1628; x_wconf 85' lang='lat' dir='ltr'>arbitrium</span> <span class='ocrx_word' id='word_1_104' title='bbox 1028 1552 1364 1626; x_wconf 89' lang='lat' dir='ltr'>bonorum</span> <span class='ocrx_word' id='word_1_105' title='bbox 1400 1554 1706 1624; x_wconf 83' lang='lat' dir='ltr'>virorum</span> <span class='ocrx_word' id='word_1_106' title='bbox 1743 1559 1815 1622; x_wconf 91' lang='lat' dir='ltr'>et</span> <span class='ocrx_word' id='word_1_107' title='bbox 1851 1558 2354 1622; x_wconf 89' lang='lat' dir='ltr'>sacramentum</span> <span class='ocrx_word' id='word_1_108' title='bbox 2393 1552 2808 1640; x_wconf 90' lang='lat' dir='ltr'>conciuium,</span> <span class='ocrx_word' id='word_1_109' title='bbox 2861 1548 2951 1621; x_wconf 88' lang='lat' dir='ltr'>ad</span> <span class='ocrx_word' id='word_1_110' title='bbox 3001 1548 3142 1622; x_wconf 89' lang='lat' dir='ltr'>hoc</span> <span class='ocrx_word' id='word_1_111' title='bbox 3193 1550 3595 1640; x_wconf 90' lang='lat' dir='ltr'>electorum,</span> <span class='ocrx_word' id='word_1_112' title='bbox 3639 1548 3780 1622; x_wconf 84' lang='lat' dir='ltr'>uel</span> 
     </span>
     <span class='ocr_line' id='line_1_12' title="bbox 423 1650 3784 1747; baseline -0.001 -15"><span class='ocrx_word' id='word_1_113' title='bbox 423 1660 648 1732; x_wconf 87' lang='lat' dir='ltr'>ablata</span> <span class='ocrx_word' id='word_1_114' title='bbox 700 1655 1042 1746; x_wconf 87' lang='lat' dir='ltr'>refundat,</span> <span class='ocrx_word' id='word_1_115' title='bbox 1096 1654 1209 1728; x_wconf 89' lang='lat' dir='ltr'>uel</span> <span class='ocrx_word' id='word_1_116' title='bbox 1263 1653 1779 1727; x_wconf 85' lang='lat' dir='ltr'>malefactorem</span> <span class='ocrx_word' id='word_1_117' title='bbox 1835 1650 2208 1725; x_wconf 82' lang='lat' dir='ltr'>ostendere</span> <span class='ocrx_word' id='word_1_118' title='bbox 2259 1660 2595 1725; x_wconf 87' lang='lat' dir='ltr'>teneatur.</span> <span class='ocrx_word' id='word_1_119' title='bbox 2677 1652 2850 1725; x_wconf 86' lang='lat' dir='ltr'>Item</span> <span class='ocrx_word' id='word_1_120' title='bbox 2901 1650 3175 1743; x_wconf 79' lang='lat' dir='ltr'>tributa,</span> <span class='ocrx_word' id='word_1_121' title='bbox 3244 1651 3423 1725; x_wconf 90' lang='lat' dir='ltr'>infra</span> <span class='ocrx_word' id='word_1_122' title='bbox 3474 1652 3784 1747; x_wconf 72' lang='lat' dir='ltr'>regales</span> 
     </span>
     <span class='ocr_line' id='line_1_13' title="bbox 422 1753 3782 1852; baseline -0.002 -17"><span class='ocrx_word' id='word_1_123' title='bbox 422 1765 780 1852; x_wconf 88' lang='lat' dir='ltr'>terminos,</span> <span class='ocrx_word' id='word_1_124' title='bbox 833 1763 905 1832; x_wconf 92' lang='lat' dir='ltr'>in</span> <span class='ocrx_word' id='word_1_125' title='bbox 940 1758 1125 1831; x_wconf 87' lang='lat' dir='ltr'>nullo</span> <span class='ocrx_word' id='word_1_126' title='bbox 1162 1760 1321 1831; x_wconf 93' lang='lat' dir='ltr'>loco</span> <span class='ocrx_word' id='word_1_127' title='bbox 1360 1758 1637 1833; x_wconf 89' lang='lat' dir='ltr'>soluere</span> <span class='ocrx_word' id='word_1_128' title='bbox 1686 1764 2069 1829; x_wconf 86' lang='lat' dir='ltr'>teneantur.</span> <span class='ocrx_word' id='word_1_129' title='bbox 2121 1754 2291 1828; x_wconf 90' lang='lat' dir='ltr'>Item</span> <span class='ocrx_word' id='word_1_130' title='bbox 2347 1759 2770 1850; x_wconf 87' lang='lat' dir='ltr'>quiscunque</span> <span class='ocrx_word' id='word_1_131' title='bbox 2824 1757 2998 1829; x_wconf 89' lang='lat' dir='ltr'>ciuis</span> <span class='ocrx_word' id='word_1_132' title='bbox 3053 1753 3256 1828; x_wconf 90' lang='lat' dir='ltr'>alium</span> <span class='ocrx_word' id='word_1_133' title='bbox 3286 1758 3511 1828; x_wconf 91' lang='lat' dir='ltr'>ciuem</span> <span class='ocrx_word' id='word_1_134' title='bbox 3559 1758 3782 1827; x_wconf 83' lang='lat' dir='ltr'>uitu-</span> 
     </span>
     <span class='ocr_line' id='line_1_14' title="bbox 422 1856 3778 1960; baseline -0.002 -23"><span class='ocrx_word' id='word_1_135' title='bbox 422 1868 659 1960; x_wconf 90' lang='lat' dir='ltr'>periis,</span> <span class='ocrx_word' id='word_1_136' title='bbox 729 1860 1139 1958; x_wconf 79' lang='lat' dir='ltr'>obprobriis,</span> <span class='ocrx_word' id='word_1_137' title='bbox 1210 1871 1325 1934; x_wconf 88' lang='lat' dir='ltr'>aut</span> <span class='ocrx_word' id='word_1_138' title='bbox 1379 1860 1808 1933; x_wconf 88' lang='lat' dir='ltr'>contumeliis</span> <span class='ocrx_word' id='word_1_139' title='bbox 1862 1858 2207 1948; x_wconf 85' lang='lat' dir='ltr'>affecerit,</span> <span class='ocrx_word' id='word_1_140' title='bbox 2279 1861 2340 1933; x_wconf 93' lang='lat' dir='ltr'>si</span> <span class='ocrx_word' id='word_1_141' title='bbox 2391 1857 2550 1930; x_wconf 89' lang='lat' dir='ltr'>inde</span> <span class='ocrx_word' id='word_1_142' title='bbox 2605 1861 2962 1931; x_wconf 86' lang='lat' dir='ltr'>conuictus</span> <span class='ocrx_word' id='word_1_143' title='bbox 3015 1856 3246 1948; x_wconf 89' lang='lat' dir='ltr'>fuerit,</span> <span class='ocrx_word' id='word_1_144' title='bbox 3299 1858 3452 1933; x_wconf 95' lang='lat' dir='ltr'>leso</span> <span class='ocrx_word' id='word_1_145' title='bbox 3507 1857 3778 1931; x_wconf 80' lang='lat' dir='ltr'>decem.</span> 
     </span>
     <span class='ocr_line' id='line_1_15' title="bbox 420 1959 3774 2063; baseline -0.002 -24"><span class='ocrx_word' id='word_1_146' title='bbox 420 1989 703 2063; x_wconf 89' lang='lat' dir='ltr'>pensas,</span> <span class='ocrx_word' id='word_1_147' title='bbox 756 1970 826 2039; x_wconf 90' lang='lat' dir='ltr'>in</span> <span class='ocrx_word' id='word_1_148' title='bbox 865 1986 1264 2038; x_wconf 89' lang='lat' dir='ltr'>communes</span> <span class='ocrx_word' id='word_1_149' title='bbox 1319 1985 1668 2060; x_wconf 85' lang='lat' dir='ltr'>expensas</span> <span class='ocrx_word' id='word_1_150' title='bbox 1724 1971 1997 2035; x_wconf 88' lang='lat' dir='ltr'>centum</span> <span class='ocrx_word' id='word_1_151' title='bbox 2053 1960 2377 2034; x_wconf 90' lang='lat' dir='ltr'>denarios</span> <span class='ocrx_word' id='word_1_152' title='bbox 2432 1961 2698 2051; x_wconf 79' lang='lat' dir='ltr'>soluat3</span> <span class='ocrx_word' id='word_1_153' title='bbox 2751 1959 2934 2056; x_wconf 87' lang='lat' dir='ltr'>quod</span> <span class='ocrx_word' id='word_1_154' title='bbox 2989 1963 3048 2036; x_wconf 91' lang='lat' dir='ltr'>si</span> <span class='ocrx_word' id='word_1_155' title='bbox 3085 1968 3242 2056; x_wconf 86' lang='lat' dir='ltr'>post</span> <span class='ocrx_word' id='word_1_156' title='bbox 3291 1964 3536 2034; x_wconf 85' lang='lat' dir='ltr'>trinam</span> <span class='ocrx_word' id='word_1_157' title='bbox 3573 1982 3774 2035; x_wconf 88' lang='lat' dir='ltr'>cor-</span> 
     </span>
     <span class='ocr_line' id='line_1_16' title="bbox 422 2061 3780 2160; baseline -0.001 -18"><span class='ocrx_word' id='word_1_158' title='bbox 422 2073 801 2143; x_wconf 87' lang='lat' dir='ltr'>rectionem</span> <span class='ocrx_word' id='word_1_159' title='bbox 857 2090 937 2142; x_wconf 89' lang='lat' dir='ltr'>se</span> <span class='ocrx_word' id='word_1_160' title='bbox 989 2090 1128 2140; x_wconf 90' lang='lat' dir='ltr'>non</span> <span class='ocrx_word' id='word_1_161' title='bbox 1183 2066 1681 2157; x_wconf 89' lang='lat' dir='ltr'>emendauerit,</span> <span class='ocrx_word' id='word_1_162' title='bbox 1755 2063 1962 2138; x_wconf 90' lang='lat' dir='ltr'>rebus</span> <span class='ocrx_word' id='word_1_163' title='bbox 2036 2061 2350 2137; x_wconf 89' lang='lat' dir='ltr'>omnibus</span> <span class='ocrx_word' id='word_1_164' title='bbox 2397 2062 2469 2136; x_wconf 80' lang='lat' dir='ltr'>in&#39;</span> <span class='ocrx_word' id='word_1_165' title='bbox 2522 2085 2885 2137; x_wconf 89' lang='lat' dir='ltr'>commuue</span> <span class='ocrx_word' id='word_1_166' title='bbox 2958 2064 3339 2160; x_wconf 90' lang='lat' dir='ltr'>applicatis,</span> <span class='ocrx_word' id='word_1_167' title='bbox 3410 2074 3780 2159; x_wconf 74' lang='lat' dir='ltr'>tamquam</span> 
     </span>
     <span class='ocr_line' id='line_1_17' title="bbox 426 2165 3778 2265; baseline -0.001 -22"><span class='ocrx_word' id='word_1_168' title='bbox 426 2172 693 2246; x_wconf 89' lang='lat' dir='ltr'>infamis</span> <span class='ocrx_word' id='word_1_169' title='bbox 748 2171 838 2245; x_wconf 90' lang='lat' dir='ltr'>de</span> <span class='ocrx_word' id='word_1_170' title='bbox 887 2173 1162 2243; x_wconf 90' lang='lat' dir='ltr'>ciuitate</span> <span class='ocrx_word' id='word_1_171' title='bbox 1213 2173 1498 2265; x_wconf 86' lang='lat' dir='ltr'>turpiter</span> <span class='ocrx_word' id='word_1_172' title='bbox 1551 2168 1952 2264; x_wconf 86' lang='lat' dir='ltr'>expellatur.</span> <span class='ocrx_word' id='word_1_173' title='bbox 2063 2165 2142 2238; x_wconf 88' lang='lat' dir='ltr'>Si</span> <span class='ocrx_word' id='word_1_174' title='bbox 2194 2169 2344 2262; x_wconf 91' lang='lat' dir='ltr'>quis</span> <span class='ocrx_word' id='word_1_175' title='bbox 2413 2170 2617 2240; x_wconf 87' lang='lat' dir='ltr'>etiam</span> <span class='ocrx_word' id='word_1_176' title='bbox 2690 2166 2955 2263; x_wconf 88' lang='lat' dir='ltr'>alapam</span> <span class='ocrx_word' id='word_1_177' title='bbox 3031 2167 3226 2239; x_wconf 90' lang='lat' dir='ltr'>alteri</span> <span class='ocrx_word' id='word_1_178' title='bbox 3299 2166 3589 2258; x_wconf 82' lang='lat' dir='ltr'>dederit,</span> <span class='ocrx_word' id='word_1_179' title='bbox 3640 2166 3778 2241; x_wconf 82' lang='lat' dir='ltr'>uel</span> 
     </span>
     <span class='ocr_line' id='line_1_18' title="bbox 420 2267 3778 2370; baseline -0.002 -22"><span class='ocrx_word' id='word_1_180' title='bbox 420 2299 546 2370; x_wconf 91' lang='lat' dir='ltr'>per</span> <span class='ocrx_word' id='word_1_181' title='bbox 601 2278 830 2349; x_wconf 90' lang='lat' dir='ltr'>crines</span> <span class='ocrx_word' id='word_1_182' title='bbox 885 2274 1246 2346; x_wconf 91' lang='lat' dir='ltr'>maliciose</span> <span class='ocrx_word' id='word_1_183' title='bbox 1297 2274 1610 2359; x_wconf 84' lang='lat' dir='ltr'>traxerit,</span> <span class='ocrx_word' id='word_1_184' title='bbox 1666 2269 1955 2344; x_wconf 88' lang='lat' dir='ltr'>eandem</span> <span class='ocrx_word' id='word_1_185' title='bbox 2011 2291 2256 2365; x_wconf 89' lang='lat' dir='ltr'>penam</span> <span class='ocrx_word' id='word_1_186' title='bbox 2309 2273 2621 2366; x_wconf 89' lang='lat' dir='ltr'>patiatur.</span> <span class='ocrx_word' id='word_1_187' title='bbox 2678 2267 2751 2342; x_wconf 89' lang='lat' dir='ltr'>Si</span> <span class='ocrx_word' id='word_1_188' title='bbox 2809 2273 2961 2365; x_wconf 91' lang='lat' dir='ltr'>quis</span> <span class='ocrx_word' id='word_1_189' title='bbox 3010 2292 3181 2344; x_wconf 91' lang='lat' dir='ltr'>uero</span> <span class='ocrx_word' id='word_1_190' title='bbox 3229 2269 3533 2360; x_wconf 90' lang='lat' dir='ltr'>cultello,</span> <span class='ocrx_word' id='word_1_191' title='bbox 3586 2269 3778 2363; x_wconf 83' lang='lat' dir='ltr'>gla—</span> 
     </span>
     <span class='ocr_line' id='line_1_19' title="bbox 426 2371 3778 2469; baseline -0.001 -19"><span class='ocrx_word' id='word_1_192' title='bbox 426 2379 566 2469; x_wconf 89' lang='lat' dir='ltr'>dio,</span> <span class='ocrx_word' id='word_1_193' title='bbox 638 2377 910 2465; x_wconf 90' lang='lat' dir='ltr'>lancea,</span> <span class='ocrx_word' id='word_1_194' title='bbox 977 2385 1094 2448; x_wconf 88' lang='lat' dir='ltr'>aut</span> <span class='ocrx_word' id='word_1_195' title='bbox 1162 2379 1435 2469; x_wconf 89' lang='lat' dir='ltr'>sagitta,</span> <span class='ocrx_word' id='word_1_196' title='bbox 1511 2384 1626 2447; x_wconf 91' lang='lat' dir='ltr'>aut</span> <span class='ocrx_word' id='word_1_197' title='bbox 1678 2374 1902 2468; x_wconf 90' lang='lat' dir='ltr'>aliquo</span> <span class='ocrx_word' id='word_1_198' title='bbox 1957 2373 2075 2444; x_wconf 89' lang='lat' dir='ltr'>tali</span> <span class='ocrx_word' id='word_1_199' title='bbox 2129 2371 2335 2446; x_wconf 92' lang='lat' dir='ltr'>modo</span> <span class='ocrx_word' id='word_1_200' title='bbox 2405 2373 2610 2445; x_wconf 89' lang='lat' dir='ltr'>alium</span> <span class='ocrx_word' id='word_1_201' title='bbox 2664 2373 3152 2462; x_wconf 87' lang='lat' dir='ltr'>uulnerauerit,</span> <span class='ocrx_word' id='word_1_202' title='bbox 3220 2373 3778 2468; x_wconf 68' lang='lat' dir='ltr'>uulneratusque</span> 
     </span>
     <span class='ocr_line' id='line_1_20' title="bbox 423 2474 3780 2566; baseline -0.002 -12"><span class='ocrx_word' id='word_1_203' title='bbox 423 2485 572 2554; x_wconf 89' lang='lat' dir='ltr'>sine</span> <span class='ocrx_word' id='word_1_204' title='bbox 640 2479 918 2553; x_wconf 87' lang='lat' dir='ltr'>defectu</span> <span class='ocrx_word' id='word_1_205' title='bbox 988 2478 1449 2551; x_wconf 89' lang='lat' dir='ltr'>membrorum</span> <span class='ocrx_word' id='word_1_206' title='bbox 1529 2487 1893 2551; x_wconf 89' lang='lat' dir='ltr'>resanatus</span> <span class='ocrx_word' id='word_1_207' title='bbox 1963 2474 2193 2564; x_wconf 87' lang='lat' dir='ltr'>fuerit,</span> <span class='ocrx_word' id='word_1_208' title='bbox 2265 2475 2538 2548; x_wconf 91' lang='lat' dir='ltr'>medico</span> <span class='ocrx_word' id='word_1_209' title='bbox 2610 2476 2742 2550; x_wconf 91' lang='lat' dir='ltr'>lesi</span> <span class='ocrx_word' id='word_1_210' title='bbox 2813 2474 3217 2566; x_wconf 87' lang='lat' dir='ltr'>satisfaciat,</span> <span class='ocrx_word' id='word_1_211' title='bbox 3289 2486 3360 2549; x_wconf 88' lang='lat' dir='ltr'>et</span> <span class='ocrx_word' id='word_1_212' title='bbox 3408 2476 3561 2549; x_wconf 93' lang='lat' dir='ltr'>leso</span> <span class='ocrx_word' id='word_1_213' title='bbox 3629 2478 3780 2548; x_wconf 87' lang='lat' dir='ltr'>ui—</span> 
     </span>
     <span class='ocr_line' id='line_1_21' title="bbox 422 2578 3774 2679; baseline -0.001 -23"><span class='ocrx_word' id='word_1_214' title='bbox 422 2587 591 2677; x_wconf 88' lang='lat' dir='ltr'>ginti</span> <span class='ocrx_word' id='word_1_215' title='bbox 643 2587 937 2679; x_wconf 90' lang='lat' dir='ltr'>quinque</span> <span class='ocrx_word' id='word_1_216' title='bbox 988 2603 1272 2675; x_wconf 89' lang='lat' dir='ltr'>pensas,</span> <span class='ocrx_word' id='word_1_217' title='bbox 1329 2583 1622 2675; x_wconf 89' lang='lat' dir='ltr'>quinque</span> <span class='ocrx_word' id='word_1_218' title='bbox 1675 2601 1846 2651; x_wconf 91' lang='lat' dir='ltr'>uero</span> <span class='ocrx_word' id='word_1_219' title='bbox 1902 2578 1990 2650; x_wconf 88' lang='lat' dir='ltr'>ad</span> <span class='ocrx_word' id='word_1_220' title='bbox 2043 2600 2213 2652; x_wconf 82' lang='lat' dir='ltr'>vsus</span> <span class='ocrx_word' id='word_1_221' title='bbox 2278 2582 2570 2652; x_wconf 86' lang='lat' dir='ltr'>ciuitatis</span> <span class='ocrx_word' id='word_1_222' title='bbox 2621 2579 3012 2674; x_wconf 79' lang='lat' dir='ltr'>persoluat3</span> <span class='ocrx_word' id='word_1_223' title='bbox 3067 2582 3127 2654; x_wconf 90' lang='lat' dir='ltr'>si</span> <span class='ocrx_word' id='word_1_224' title='bbox 3177 2601 3351 2652; x_wconf 91' lang='lat' dir='ltr'>uero</span> <span class='ocrx_word' id='word_1_225' title='bbox 3404 2582 3476 2651; x_wconf 91' lang='lat' dir='ltr'>in</span> <span class='ocrx_word' id='word_1_226' title='bbox 3519 2580 3774 2674; x_wconf 72' lang='lat' dir='ltr'>aliquo·</span> 
     </span>
     <span class='ocr_line' id='line_1_22' title="bbox 423 2680 3781 2773; baseline -0.001 -15"><span class='ocrx_word' id='word_1_227' title='bbox 423 2684 879 2759; x_wconf 88' lang='lat' dir='ltr'>membrorum</span> <span class='ocrx_word' id='word_1_228' title='bbox 932 2683 1317 2756; x_wconf 85' lang='lat' dir='ltr'>debilitatus</span> <span class='ocrx_word' id='word_1_229' title='bbox 1387 2682 1617 2773; x_wconf 79' lang='lat' dir='ltr'>fuerit,</span> <span class='ocrx_word' id='word_1_230' title='bbox 1691 2681 1962 2753; x_wconf 89' lang='lat' dir='ltr'>medico</span> <span class='ocrx_word' id='word_1_231' title='bbox 2035 2681 2165 2754; x_wconf 91' lang='lat' dir='ltr'>lesi</span> <span class='ocrx_word' id='word_1_232' title='bbox 2220 2680 2626 2773; x_wconf 86' lang='lat' dir='ltr'>satisfaciat,</span> <span class='ocrx_word' id='word_1_233' title='bbox 2699 2691 2770 2753; x_wconf 88' lang='lat' dir='ltr'>et</span> <span class='ocrx_word' id='word_1_234' title='bbox 2821 2682 2974 2756; x_wconf 92' lang='lat' dir='ltr'>leso</span> <span class='ocrx_word' id='word_1_235' title='bbox 3030 2681 3274 2755; x_wconf 91' lang='lat' dir='ltr'>decem</span> <span class='ocrx_word' id='word_1_236' title='bbox 3329 2704 3625 2773; x_wconf 90' lang='lat' dir='ltr'>marcas,</span> <span class='ocrx_word' id='word_1_237' title='bbox 3683 2691 3781 2756; x_wconf 77' lang='lat' dir='ltr'>et</span> 
     </span>
     <span class='ocr_line' id='line_1_23' title="bbox 423 2783 3772 2881; baseline 0 -22"><span class='ocrx_word' id='word_1_238' title='bbox 423 2789 507 2861; x_wconf 81' lang='lat' dir='ltr'>ad</span> <span class='ocrx_word' id='word_1_239' title='bbox 569 2812 741 2863; x_wconf 87' lang='lat' dir='ltr'>vsus</span> <span class='ocrx_word' id='word_1_240' title='bbox 814 2791 1106 2860; x_wconf 86' lang='lat' dir='ltr'>ciuitatis</span> <span class='ocrx_word' id='word_1_241' title='bbox 1179 2785 1421 2859; x_wconf 89' lang='lat' dir='ltr'>decem</span> <span class='ocrx_word' id='word_1_242' title='bbox 1491 2807 1747 2881; x_wconf 87' lang='lat' dir='ltr'>pensas</span> <span class='ocrx_word' id='word_1_243' title='bbox 1819 2785 2098 2858; x_wconf 88' lang='lat' dir='ltr'>soluere</span> <span class='ocrx_word' id='word_1_244' title='bbox 2165 2792 2519 2874; x_wconf 69' lang='lat' dir='ltr'>teneatur,</span> <span class='ocrx_word' id='word_1_245' title='bbox 2591 2787 2651 2860; x_wconf 92' lang='lat' dir='ltr'>si</span> <span class='ocrx_word' id='word_1_246' title='bbox 2702 2807 2875 2858; x_wconf 91' lang='lat' dir='ltr'>uero</span> <span class='ocrx_word' id='word_1_247' title='bbox 2937 2794 3244 2860; x_wconf 90' lang='lat' dir='ltr'>mortuus</span> <span class='ocrx_word' id='word_1_248' title='bbox 3314 2784 3544 2875; x_wconf 89' lang='lat' dir='ltr'>fuerit,</span> <span class='ocrx_word' id='word_1_249' title='bbox 3614 2783 3772 2859; x_wconf 73' lang='lat' dir='ltr'>due</span> 
     </span>
     <span class='ocr_line' id='line_1_24' title="bbox 423 2884 3778 2987; baseline -0.001 -23"><span class='ocrx_word' id='word_1_250' title='bbox 423 2903 651 2987; x_wconf 86' lang='lat' dir='ltr'>partes</span> <span class='ocrx_word' id='word_1_251' title='bbox 720 2912 950 2964; x_wconf 89' lang='lat' dir='ltr'>rerum</span> <span class='ocrx_word' id='word_1_252' title='bbox 1020 2911 1296 2963; x_wconf 89' lang='lat' dir='ltr'>suarum</span> <span class='ocrx_word' id='word_1_253' title='bbox 1369 2889 1619 2962; x_wconf 87' lang='lat' dir='ltr'>cedant</span> <span class='ocrx_word' id='word_1_254' title='bbox 1677 2884 2082 2961; x_wconf 88' lang='lat' dir='ltr'>Parentibus</span> <span class='ocrx_word' id='word_1_255' title='bbox 2155 2891 2400 2979; x_wconf 87' lang='lat' dir='ltr'>occisi,</span> <span class='ocrx_word' id='word_1_256' title='bbox 2468 2890 2666 2961; x_wconf 86' lang='lat' dir='ltr'>tertia</span> <span class='ocrx_word' id='word_1_257' title='bbox 2721 2910 2881 2984; x_wconf 90' lang='lat' dir='ltr'>pars</span> <span class='ocrx_word' id='word_1_258' title='bbox 2937 2891 3233 2978; x_wconf 82' lang='lat' dir='ltr'>ciuitati3</span> <span class='ocrx_word' id='word_1_259' title='bbox 3286 2892 3348 2963; x_wconf 88' lang='lat' dir='ltr'>si</span> <span class='ocrx_word' id='word_1_260' title='bbox 3391 2910 3561 2962; x_wconf 89' lang='lat' dir='ltr'>uero</span> <span class='ocrx_word' id='word_1_261' title='bbox 3616 2910 3778 2960; x_wconf 76' lang='lat' dir='ltr'>ca-</span> 
     </span>
     <span class='ocr_line' id='line_1_25' title="bbox 418 2990 3772 3089; baseline -0 -24"><span class='ocrx_word' id='word_1_262' title='bbox 418 3005 573 3089; x_wconf 87' lang='lat' dir='ltr'>ptus</span> <span class='ocrx_word' id='word_1_263' title='bbox 628 2992 857 3082; x_wconf 90' lang='lat' dir='ltr'>fuerit,</span> <span class='ocrx_word' id='word_1_264' title='bbox 913 2990 1288 3068; x_wconf 87' lang='lat' dir='ltr'>secundum</span> <span class='ocrx_word' id='word_1_265' title='bbox 1345 2990 1910 3066; x_wconf 90' lang='lat' dir='ltr'>consuetudinem</span> <span class='ocrx_word' id='word_1_266' title='bbox 1966 2990 2053 3062; x_wconf 88' lang='lat' dir='ltr'>de</span> <span class='ocrx_word' id='word_1_267' title='bbox 2090 2993 2240 3085; x_wconf 90' lang='lat' dir='ltr'>ipso</span> <span class='ocrx_word' id='word_1_268' title='bbox 2294 2990 2591 3065; x_wconf 87' lang='lat' dir='ltr'>uindicta</span> <span class='ocrx_word' id='word_1_269' title='bbox 2663 3001 3006 3080; x_wconf 81' lang='lat' dir='ltr'>sumatur3</span> <span class='ocrx_word' id='word_1_270' title='bbox 3077 2994 3212 3065; x_wconf 89' lang='lat' dir='ltr'>nisi</span> <span class='ocrx_word' id='word_1_271' title='bbox 3264 2994 3413 3087; x_wconf 91' lang='lat' dir='ltr'>quis</span> <span class='ocrx_word' id='word_1_272' title='bbox 3464 2995 3535 3065; x_wconf 92' lang='lat' dir='ltr'>in</span> <span class='ocrx_word' id='word_1_273' title='bbox 3587 2990 3772 3064; x_wconf 77' lang='lat' dir='ltr'>ludo</span> 
     </span>
     <span class='ocr_line' id='line_1_26' title="bbox 423 3092 3772 3192; baseline 0 -24"><span class='ocrx_word' id='word_1_274' title='bbox 423 3102 573 3170; x_wconf 82' lang='lat' dir='ltr'>siue</span> <span class='ocrx_word' id='word_1_275' title='bbox 648 3095 1095 3192; x_wconf 89' lang='lat' dir='ltr'>premeditata</span> <span class='ocrx_word' id='word_1_276' title='bbox 1165 3096 1416 3167; x_wconf 89' lang='lat' dir='ltr'>malitia</span> <span class='ocrx_word' id='word_1_277' title='bbox 1490 3095 1783 3189; x_wconf 89' lang='lat' dir='ltr'>aliquem</span> <span class='ocrx_word' id='word_1_278' title='bbox 1853 3092 2315 3167; x_wconf 87' lang='lat' dir='ltr'>interfecerit:</span> <span class='ocrx_word' id='word_1_279' title='bbox 2385 3098 2457 3166; x_wconf 92' lang='lat' dir='ltr'>in</span> <span class='ocrx_word' id='word_1_280' title='bbox 2510 3094 2649 3167; x_wconf 90' lang='lat' dir='ltr'>hoc</span> <span class='ocrx_word' id='word_1_281' title='bbox 2700 3099 2881 3168; x_wconf 90' lang='lat' dir='ltr'>enim</span> <span class='ocrx_word' id='word_1_282' title='bbox 2936 3116 3103 3167; x_wconf 92' lang='lat' dir='ltr'>casu</span> <span class='ocrx_word' id='word_1_283' title='bbox 3159 3105 3429 3167; x_wconf 90' lang='lat' dir='ltr'>centum</span> <span class='ocrx_word' id='word_1_284' title='bbox 3494 3116 3772 3190; x_wconf 71' lang='lat' dir='ltr'>pensas</span> 
     </span>
     <span class='ocr_line' id='line_1_27' title="bbox 422 3195 3776 3294; baseline -0 -24"><span class='ocrx_word' id='word_1_285' title='bbox 422 3202 691 3294; x_wconf 84' lang='lat' dir='ltr'>agnatis</span> <span class='ocrx_word' id='word_1_286' title='bbox 765 3198 1132 3288; x_wconf 86' lang='lat' dir='ltr'>interfecti,</span> <span class='ocrx_word' id='word_1_287' title='bbox 1206 3201 1442 3292; x_wconf 88' lang='lat' dir='ltr'>uiginti</span> <span class='ocrx_word' id='word_1_288' title='bbox 1514 3219 1682 3271; x_wconf 90' lang='lat' dir='ltr'>uero</span> <span class='ocrx_word' id='word_1_289' title='bbox 1752 3218 2009 3293; x_wconf 89' lang='lat' dir='ltr'>pensas</span> <span class='ocrx_word' id='word_1_290' title='bbox 2066 3195 2154 3268; x_wconf 86' lang='lat' dir='ltr'>ad</span> <span class='ocrx_word' id='word_1_291' title='bbox 2209 3218 2610 3271; x_wconf 89' lang='lat' dir='ltr'>communes</span> <span class='ocrx_word' id='word_1_292' title='bbox 2683 3219 2850 3271; x_wconf 89' lang='lat' dir='ltr'>usus</span> <span class='ocrx_word' id='word_1_293' title='bbox 2920 3196 3242 3270; x_wconf 89' lang='lat' dir='ltr'>refundat</span> <span class='ocrx_word' id='word_1_294' title='bbox 3309 3196 3776 3288; x_wconf 74' lang='lat' dir='ltr'>interfector3</span> 
     </span>
     <span class='ocr_line' id='line_1_28' title="bbox 425 3298 3776 3396; baseline -0.001 -22"><span class='ocrx_word' id='word_1_295' title='bbox 425 3307 534 3375; x_wconf 92' lang='lat' dir='ltr'>cui</span> <span class='ocrx_word' id='word_1_296' title='bbox 586 3306 648 3377; x_wconf 88' lang='lat' dir='ltr'>si</span> <span class='ocrx_word' id='word_1_297' title='bbox 702 3301 994 3376; x_wconf 84' lang='lat' dir='ltr'>facultas</span> <span class='ocrx_word' id='word_1_298' title='bbox 1047 3324 1185 3375; x_wconf 93' lang='lat' dir='ltr'>non</span> <span class='ocrx_word' id='word_1_299' title='bbox 1241 3303 1618 3392; x_wconf 79' lang='lat' dir='ltr'>suffecerit,</span> <span class='ocrx_word' id='word_1_300' title='bbox 1673 3304 1921 3373; x_wconf 90' lang='lat' dir='ltr'>ciuium</span> <span class='ocrx_word' id='word_1_301' title='bbox 1976 3298 2255 3373; x_wconf 89' lang='lat' dir='ltr'>arbitrio</span> <span class='ocrx_word' id='word_1_302' title='bbox 2308 3301 2748 3395; x_wconf 89' lang='lat' dir='ltr'>relinquatur.</span> <span class='ocrx_word' id='word_1_303' title='bbox 2818 3300 2988 3373; x_wconf 87' lang='lat' dir='ltr'>Item</span> <span class='ocrx_word' id='word_1_304' title='bbox 3045 3305 3106 3373; x_wconf 89' lang='lat' dir='ltr'>si</span> <span class='ocrx_word' id='word_1_305' title='bbox 3160 3305 3308 3396; x_wconf 89' lang='lat' dir='ltr'>quis</span> <span class='ocrx_word' id='word_1_306' title='bbox 3362 3300 3450 3373; x_wconf 90' lang='lat' dir='ltr'>de</span> <span class='ocrx_word' id='word_1_307' title='bbox 3503 3310 3776 3374; x_wconf 81' lang='lat' dir='ltr'>extra-—</span> 
     </span>
     <span class='ocr_line' id='line_1_29' title="bbox 422 3402 3776 3499; baseline -0.001 -22"><span class='ocrx_word' id='word_1_308' title='bbox 422 3410 573 3479; x_wconf 89' lang='lat' dir='ltr'>neis</span> <span class='ocrx_word' id='word_1_309' title='bbox 626 3410 886 3481; x_wconf 90' lang='lat' dir='ltr'>intrans</span> <span class='ocrx_word' id='word_1_310' title='bbox 943 3409 1286 3479; x_wconf 89' lang='lat' dir='ltr'>ciuitatem</span> <span class='ocrx_word' id='word_1_311' title='bbox 1342 3408 1491 3479; x_wconf 93' lang='lat' dir='ltr'>siue</span> <span class='ocrx_word' id='word_1_312' title='bbox 1544 3408 1614 3476; x_wconf 92' lang='lat' dir='ltr'>in</span> <span class='ocrx_word' id='word_1_313' title='bbox 1667 3407 1854 3495; x_wconf 87' lang='lat' dir='ltr'>uico,</span> <span class='ocrx_word' id='word_1_314' title='bbox 1910 3407 2062 3476; x_wconf 90' lang='lat' dir='ltr'>siue</span> <span class='ocrx_word' id='word_1_315' title='bbox 2113 3407 2185 3475; x_wconf 92' lang='lat' dir='ltr'>in</span> <span class='ocrx_word' id='word_1_316' title='bbox 2238 3403 2471 3493; x_wconf 87' lang='lat' dir='ltr'>domo,</span> <span class='ocrx_word' id='word_1_317' title='bbox 2536 3408 2686 3477; x_wconf 89' lang='lat' dir='ltr'>siue</span> <span class='ocrx_word' id='word_1_318' title='bbox 2738 3408 2811 3476; x_wconf 94' lang='lat' dir='ltr'>in</span> <span class='ocrx_word' id='word_1_319' title='bbox 2862 3402 3021 3476; x_wconf 90' lang='lat' dir='ltr'>foro</span> <span class='ocrx_word' id='word_1_320' title='bbox 3078 3405 3321 3478; x_wconf 87' lang='lat' dir='ltr'>similia</span> <span class='ocrx_word' id='word_1_321' title='bbox 3372 3413 3446 3476; x_wconf 91' lang='lat' dir='ltr'>ut</span> <span class='ocrx_word' id='word_1_322' title='bbox 3498 3425 3776 3499; x_wconf 84' lang='lat' dir='ltr'>supra-</span> 
     </span>
     <span class='ocr_line' id='line_1_30' title="bbox 422 3505 3780 3604; baseline 0 -24"><span class='ocrx_word' id='word_1_323' title='bbox 422 3518 724 3581; x_wconf 86' lang='lat' dir='ltr'>notatum</span> <span class='ocrx_word' id='word_1_324' title='bbox 770 3519 878 3582; x_wconf 88' lang='lat' dir='ltr'>est</span> <span class='ocrx_word' id='word_1_325' title='bbox 911 3513 1433 3604; x_wconf 89' lang='lat' dir='ltr'>perpetrauerit,</span> <span class='ocrx_word' id='word_1_326' title='bbox 1487 3529 1614 3604; x_wconf 90' lang='lat' dir='ltr'>per</span> <span class='ocrx_word' id='word_1_327' title='bbox 1657 3506 1950 3579; x_wconf 90' lang='lat' dir='ltr'>iudicem</span> <span class='ocrx_word' id='word_1_328' title='bbox 2008 3509 2299 3580; x_wconf 91' lang='lat' dir='ltr'>ciuitatis</span> <span class='ocrx_word' id='word_1_329' title='bbox 2353 3506 2714 3597; x_wconf 87' lang='lat' dir='ltr'>iudicetur,</span> <span class='ocrx_word' id='word_1_330' title='bbox 2762 3516 2833 3579; x_wconf 88' lang='lat' dir='ltr'>et</span> <span class='ocrx_word' id='word_1_331' title='bbox 2859 3505 3124 3579; x_wconf 88' lang='lat' dir='ltr'>eisdem</span> <span class='ocrx_word' id='word_1_332' title='bbox 3150 3511 3349 3602; x_wconf 91' lang='lat' dir='ltr'>penis</span> <span class='ocrx_word' id='word_1_333' title='bbox 3402 3505 3780 3581; x_wconf 77' lang='lat' dir='ltr'>subiaceat</span> 
     </span>
     <span class='ocr_line' id='line_1_31' title="bbox 423 3609 3778 3708; baseline 0.001 -26"><span class='ocrx_word' id='word_1_334' title='bbox 423 3611 1064 3708; x_wconf 83' lang='lat' dir='ltr'>condempnat(us).</span> <span class='ocrx_word' id='word_1_335' title='bbox 1127 3610 1203 3684; x_wconf 88' lang='lat' dir='ltr'>Si</span> <span class='ocrx_word' id='word_1_336' title='bbox 1253 3633 1431 3686; x_wconf 83' lang='lat' dir='ltr'>vero</span> <span class='ocrx_word' id='word_1_337' title='bbox 1488 3633 1581 3682; x_wconf 81' lang='lat' dir='ltr'>ex</span> <span class='ocrx_word' id='word_1_338' title='bbox 1635 3610 1879 3683; x_wconf 89' lang='lat' dir='ltr'>incolis</span> <span class='ocrx_word' id='word_1_339' title='bbox 1937 3612 2231 3683; x_wconf 89' lang='lat' dir='ltr'>ciuitatis</span> <span class='ocrx_word' id='word_1_340' title='bbox 2282 3610 2525 3705; x_wconf 89' lang='lat' dir='ltr'>aliquis</span> <span class='ocrx_word' id='word_1_341' title='bbox 2580 3613 2730 3684; x_wconf 92' lang='lat' dir='ltr'>siue</span> <span class='ocrx_word' id='word_1_342' title='bbox 2787 3621 3160 3684; x_wconf 85' lang='lat' dir='ltr'>extraneus</span> <span class='ocrx_word' id='word_1_343' title='bbox 3199 3609 3379 3684; x_wconf 92' lang='lat' dir='ltr'>infra</span> <span class='ocrx_word' id='word_1_344' title='bbox 3421 3613 3778 3684; x_wconf 76' lang='lat' dir='ltr'>terminos</span> 
     </span>
     <span class='ocr_line' id='line_1_32' title="bbox 420 3710 3776 3810; baseline 0.001 -25"><span class='ocrx_word' id='word_1_345' title='bbox 420 3718 710 3787; x_wconf 90' lang='lat' dir='ltr'>ciuitatis</span> <span class='ocrx_word' id='word_1_346' title='bbox 763 3718 834 3786; x_wconf 92' lang='lat' dir='ltr'>in</span> <span class='ocrx_word' id='word_1_347' title='bbox 887 3713 1069 3787; x_wconf 89' lang='lat' dir='ltr'>furto</span> <span class='ocrx_word' id='word_1_348' title='bbox 1122 3714 1239 3786; x_wconf 92' lang='lat' dir='ltr'>uel</span> <span class='ocrx_word' id='word_1_349' title='bbox 1289 3715 1649 3786; x_wconf 88' lang='lat' dir='ltr'>latrocinio</span> <span class='ocrx_word' id='word_1_350' title='bbox 1705 3712 2181 3807; x_wconf 89' lang='lat' dir='ltr'>deprehensus</span> <span class='ocrx_word' id='word_1_351' title='bbox 2245 3710 2476 3802; x_wconf 89' lang='lat' dir='ltr'>fuerit,</span> <span class='ocrx_word' id='word_1_352' title='bbox 2531 3735 2657 3808; x_wconf 89' lang='lat' dir='ltr'>per</span> <span class='ocrx_word' id='word_1_353' title='bbox 2705 3713 3005 3785; x_wconf 87' lang='lat' dir='ltr'>iudicem</span> <span class='ocrx_word' id='word_1_354' title='bbox 3059 3716 3351 3786; x_wconf 85' lang='lat' dir='ltr'>ciuitatis</span> <span class='ocrx_word' id='word_1_355' title='bbox 3419 3716 3776 3810; x_wconf 67' lang='lat' dir='ltr'>puniatur-</span> 
     </span>
     <span class='ocr_line' id='line_1_33' title="bbox 420 3815 3772 3912; baseline 0.001 -24"><span class='ocrx_word' id='word_1_356' title='bbox 420 3817 589 3889; x_wconf 91' lang='lat' dir='ltr'>Item</span> <span class='ocrx_word' id='word_1_357' title='bbox 646 3820 705 3891; x_wconf 87' lang='lat' dir='ltr'>si</span> <span class='ocrx_word' id='word_1_358' title='bbox 759 3821 909 3911; x_wconf 87' lang='lat' dir='ltr'>quis</span> <span class='ocrx_word' id='word_1_359' title='bbox 964 3827 1338 3890; x_wconf 81' lang='lat' dir='ltr'>extraneus</span> <span class='ocrx_word' id='word_1_360' title='bbox 1393 3817 1684 3911; x_wconf 90' lang='lat' dir='ltr'>aliquem</span> <span class='ocrx_word' id='word_1_361' title='bbox 1746 3815 1834 3887; x_wconf 91' lang='lat' dir='ltr'>de</span> <span class='ocrx_word' id='word_1_362' title='bbox 1889 3818 2167 3887; x_wconf 88' lang='lat' dir='ltr'>ciuitate</span> <span class='ocrx_word' id='word_1_363' title='bbox 2219 3818 2289 3887; x_wconf 91' lang='lat' dir='ltr'>in</span> <span class='ocrx_word' id='word_1_364' title='bbox 2344 3838 2555 3889; x_wconf 89' lang='lat' dir='ltr'>causa</span> <span class='ocrx_word' id='word_1_365' title='bbox 2627 3819 3021 3912; x_wconf 90' lang='lat' dir='ltr'>pecuniaria</span> <span class='ocrx_word' id='word_1_366' title='bbox 3093 3817 3205 3890; x_wconf 90' lang='lat' dir='ltr'>uel</span> <span class='ocrx_word' id='word_1_367' title='bbox 3274 3818 3460 3889; x_wconf 87' lang='lat' dir='ltr'>illata</span> <span class='ocrx_word' id='word_1_368' title='bbox 3511 3820 3772 3890; x_wconf 73' lang='lat' dir='ltr'>iniuria</span> 
     </span>
     <span class='ocr_line' id='line_1_34' title="bbox 424 3918 3778 4009; baseline 0.001 -19"><span class='ocrx_word' id='word_1_369' title='bbox 424 3920 718 3993; x_wconf 87' lang='lat' dir='ltr'>uoluerit</span> <span class='ocrx_word' id='word_1_370' title='bbox 772 3923 1174 4003; x_wconf 87' lang='lat' dir='ltr'>conuenire,</span> <span class='ocrx_word' id='word_1_371' title='bbox 1248 3941 1481 3992; x_wconf 92' lang='lat' dir='ltr'>coram</span> <span class='ocrx_word' id='word_1_372' title='bbox 1538 3918 1765 3992; x_wconf 90' lang='lat' dir='ltr'>iudice</span> <span class='ocrx_word' id='word_1_373' title='bbox 1829 3922 2127 3992; x_wconf 88' lang='lat' dir='ltr'>ciuitatis</span> <span class='ocrx_word' id='word_1_374' title='bbox 2199 3922 2591 4009; x_wconf 91' lang='lat' dir='ltr'>conueniat,</span> <span class='ocrx_word' id='word_1_375' title='bbox 2665 3930 2736 3991; x_wconf 90' lang='lat' dir='ltr'>et</span> <span class='ocrx_word' id='word_1_376' title='bbox 2796 3920 2979 3992; x_wconf 88' lang='lat' dir='ltr'>nulla</span> <span class='ocrx_word' id='word_1_377' title='bbox 3052 3921 3262 3994; x_wconf 85' lang='lat' dir='ltr'>causa</span> <span class='ocrx_word' id='word_1_378' title='bbox 3318 3920 3404 3992; x_wconf 88' lang='lat' dir='ltr'>ad</span> <span class='ocrx_word' id='word_1_379' title='bbox 3460 3918 3778 3993; x_wconf 80' lang='lat' dir='ltr'>duellum</span> 
     </span>
     <span class='ocr_line' id='line_1_35' title="bbox 420 4022 3778 4119; baseline 0.001 -25"><span class='ocrx_word' id='word_1_380' title='bbox 420 4022 790 4112; x_wconf 87' lang='lat' dir='ltr'>iudicetur,</span> <span class='ocrx_word' id='word_1_381' title='bbox 864 4022 992 4096; x_wconf 90' lang='lat' dir='ltr'>sed</span> <span class='ocrx_word' id='word_1_382' title='bbox 1059 4045 1189 4119; x_wconf 93' lang='lat' dir='ltr'>per</span> <span class='ocrx_word' id='word_1_383' title='bbox 1258 4033 1472 4097; x_wconf 92' lang='lat' dir='ltr'>testes</span> <span class='ocrx_word' id='word_1_384' title='bbox 1547 4032 1617 4095; x_wconf 92' lang='lat' dir='ltr'>et</span> <span class='ocrx_word' id='word_1_385' title='bbox 1670 4026 2050 4094; x_wconf 86' lang='lat' dir='ltr'>iuramenta</span> <span class='ocrx_word' id='word_1_386' title='bbox 2121 4025 2542 4112; x_wconf 85' lang='lat' dir='ltr'>terminetur,</span> <span class='ocrx_word' id='word_1_387' title='bbox 2617 4026 2766 4096; x_wconf 90' lang='lat' dir='ltr'>siue</span> <span class='ocrx_word' id='word_1_388' title='bbox 2839 4027 2927 4096; x_wconf 91' lang='lat' dir='ltr'>sit</span> <span class='ocrx_word' id='word_1_389' title='bbox 2989 4045 3142 4095; x_wconf 93' lang='lat' dir='ltr'>cum</span> <span class='ocrx_word' id='word_1_390' title='bbox 3198 4026 3549 4096; x_wconf 86' lang='lat' dir='ltr'>extraneis</span> <span class='ocrx_word' id='word_1_391' title='bbox 3603 4027 3778 4097; x_wconf 73' lang='lat' dir='ltr'>siue</span> 
     </span>
     <span class='ocr_line' id='line_1_36' title="bbox 424 4123 3782 4219; baseline 0 -22"><span class='ocrx_word' id='word_1_392' title='bbox 424 4149 576 4198; x_wconf 91' lang='lat' dir='ltr'>cum</span> <span class='ocrx_word' id='word_1_393' title='bbox 628 4126 990 4219; x_wconf 87' lang='lat' dir='ltr'>indigenis.</span> <span class='ocrx_word' id='word_1_394' title='bbox 1101 4126 1349 4199; x_wconf 89' lang='lat' dir='ltr'>Testes</span> <span class='ocrx_word' id='word_1_395' title='bbox 1404 4135 1631 4198; x_wconf 88' lang='lat' dir='ltr'>autem</span> <span class='ocrx_word' id='word_1_396' title='bbox 1685 4125 1995 4198; x_wconf 88' lang='lat' dir='ltr'>eiusdem</span> <span class='ocrx_word' id='word_1_397' title='bbox 2051 4123 2459 4199; x_wconf 89' lang='lat' dir='ltr'>conditionis</span> <span class='ocrx_word' id='word_1_398' title='bbox 2515 4134 2586 4198; x_wconf 87' lang='lat' dir='ltr'>et</span> <span class='ocrx_word' id='word_1_399' title='bbox 2636 4124 2997 4216; x_wconf 88' lang='lat' dir='ltr'>libertatis,</span> <span class='ocrx_word' id='word_1_400' title='bbox 3068 4129 3261 4201; x_wconf 91' lang='lat' dir='ltr'>cuius</span> <span class='ocrx_word' id='word_1_401' title='bbox 3313 4125 3567 4200; x_wconf 89' lang='lat' dir='ltr'>fuerint</span> <span class='ocrx_word' id='word_1_402' title='bbox 3613 4130 3782 4218; x_wconf 79' lang='lat' dir='ltr'>isti,</span> 
     </span>
     <span class='ocr_line' id='line_1_37' title="bbox 419 4227 3778 4325; baseline 0.001 -26"><span class='ocrx_word' id='word_1_403' title='bbox 419 4240 874 4303; x_wconf 88' lang='lat' dir='ltr'>assumantur.</span> <span class='ocrx_word' id='word_1_404' title='bbox 929 4228 1196 4302; x_wconf 89' lang='lat' dir='ltr'>Eodem</span> <span class='ocrx_word' id='word_1_405' title='bbox 1241 4229 1447 4303; x_wconf 89' lang='lat' dir='ltr'>modo</span> <span class='ocrx_word' id='word_1_406' title='bbox 1497 4232 1645 4302; x_wconf 92' lang='lat' dir='ltr'>siue</span> <span class='ocrx_word' id='word_1_407' title='bbox 1697 4229 2071 4303; x_wconf 86' lang='lat' dir='ltr'>extraneus</span> <span class='ocrx_word' id='word_1_408' title='bbox 2126 4231 2495 4301; x_wconf 88' lang='lat' dir='ltr'>conueniat</span> <span class='ocrx_word' id='word_1_409' title='bbox 2546 4228 2724 4324; x_wconf 85' lang='lat' dir='ltr'>apud</span> <span class='ocrx_word' id='word_1_410' title='bbox 2760 4229 3055 4318; x_wconf 88' lang='lat' dir='ltr'>incolas,</span> <span class='ocrx_word' id='word_1_411' title='bbox 3109 4232 3259 4303; x_wconf 90' lang='lat' dir='ltr'>siue</span> <span class='ocrx_word' id='word_1_412' title='bbox 3310 4230 3538 4303; x_wconf 90' lang='lat' dir='ltr'>incola</span> <span class='ocrx_word' id='word_1_413' title='bbox 3577 4227 3778 4325; x_wconf 58' lang='lat' dir='ltr'>apud*</span> 
     </span>
     <span class='ocr_line' id='line_1_38' title="bbox 422 4330 3780 4429; baseline 0 -25"><span class='ocrx_word' id='word_1_414' title='bbox 422 4342 804 4407; x_wconf 81' lang='lat' dir='ltr'>extraneos</span> <span class='ocrx_word' id='word_1_415' title='bbox 860 4355 1108 4429; x_wconf 90' lang='lat' dir='ltr'>equum</span> <span class='ocrx_word' id='word_1_416' title='bbox 1162 4344 1280 4406; x_wconf 89' lang='lat' dir='ltr'>aut</span> <span class='ocrx_word' id='word_1_417' title='bbox 1328 4332 1579 4406; x_wconf 89' lang='lat' dir='ltr'>bouem</span> <span class='ocrx_word' id='word_1_418' title='bbox 1626 4342 1742 4405; x_wconf 88' lang='lat' dir='ltr'>aut</span> <span class='ocrx_word' id='word_1_419' title='bbox 1776 4334 2042 4427; x_wconf 88' lang='lat' dir='ltr'>aliquas</span> <span class='ocrx_word' id='word_1_420' title='bbox 2096 4354 2213 4406; x_wconf 91' lang='lat' dir='ltr'>res</span> <span class='ocrx_word' id='word_1_421' title='bbox 2267 4330 2580 4421; x_wconf 85' lang='lat' dir='ltr'>furtiuas,</span> <span class='ocrx_word' id='word_1_422' title='bbox 2635 4354 2913 4427; x_wconf 92' lang='lat' dir='ltr'>semper</span> <span class='ocrx_word' id='word_1_423' title='bbox 2963 4341 3181 4406; x_wconf 87' lang='lat' dir='ltr'>testes</span> <span class='ocrx_word' id='word_1_424' title='bbox 3234 4342 3309 4405; x_wconf 87' lang='lat' dir='ltr'>ut</span> <span class='ocrx_word' id='word_1_425' title='bbox 3355 4332 3780 4428; x_wconf 84' lang='lat' dir='ltr'>supradixi—</span> 
     </span>
     <span class='ocr_line' id='line_1_39' title="bbox 420 4433 3772 4531; baseline 0.001 -27"><span class='ocrx_word' id='word_1_426' title='bbox 420 4457 568 4509; x_wconf 89' lang='lat' dir='ltr'>mus</span> <span class='ocrx_word' id='word_1_427' title='bbox 624 4436 1102 4531; x_wconf 87' lang='lat' dir='ltr'>producantur.</span> <span class='ocrx_word' id='word_1_428' title='bbox 1211 4436 1383 4509; x_wconf 88' lang='lat' dir='ltr'>Item</span> <span class='ocrx_word' id='word_1_429' title='bbox 1439 4438 1631 4509; x_wconf 90' lang='lat' dir='ltr'>ciues</span> <span class='ocrx_word' id='word_1_430' title='bbox 1686 4433 1772 4506; x_wconf 90' lang='lat' dir='ltr'>de</span> <span class='ocrx_word' id='word_1_431' title='bbox 1842 4434 2151 4529; x_wconf 89' lang='lat' dir='ltr'>predicta</span> <span class='ocrx_word' id='word_1_432' title='bbox 2229 4437 2504 4507; x_wconf 89' lang='lat' dir='ltr'>ciuitate</span> <span class='ocrx_word' id='word_1_433' title='bbox 2575 4435 2690 4506; x_wconf 92' lang='lat' dir='ltr'>uel</span> <span class='ocrx_word' id='word_1_434' title='bbox 2757 4434 3187 4528; x_wconf 87' lang='lat' dir='ltr'>Jobagiones</span> <span class='ocrx_word' id='word_1_435' title='bbox 3259 4436 3346 4508; x_wconf 91' lang='lat' dir='ltr'>de</span> <span class='ocrx_word' id='word_1_436' title='bbox 3415 4436 3594 4508; x_wconf 89' lang='lat' dir='ltr'>uillis</span> <span class='ocrx_word' id='word_1_437' title='bbox 3667 4436 3772 4509; x_wconf 75' lang='lat' dir='ltr'>ad</span> 
     </span>
     <span class='ocr_line' id='line_1_40' title="bbox 418 4538 3782 4635; baseline 0.002 -30"><span class='ocrx_word' id='word_1_438' title='bbox 418 4540 635 4630; x_wconf 87' lang='lat' dir='ltr'>ipsam</span> <span class='ocrx_word' id='word_1_439' title='bbox 688 4538 1209 4635; x_wconf 89' lang='lat' dir='ltr'>pertinentibus,</span> <span class='ocrx_word' id='word_1_440' title='bbox 1265 4561 1397 4633; x_wconf 91' lang='lat' dir='ltr'>que</span> <span class='ocrx_word' id='word_1_441' title='bbox 1434 4560 1649 4634; x_wconf 90' lang='lat' dir='ltr'>prope</span> <span class='ocrx_word' id='word_1_442' title='bbox 1686 4541 2100 4610; x_wconf 88' lang='lat' dir='ltr'>territorium</span> <span class='ocrx_word' id='word_1_443' title='bbox 2155 4540 2370 4632; x_wconf 90' lang='lat' dir='ltr'>ipsius</span> <span class='ocrx_word' id='word_1_444' title='bbox 2426 4541 2718 4611; x_wconf 89' lang='lat' dir='ltr'>ciuitatis</span> <span class='ocrx_word' id='word_1_445' title='bbox 2771 4538 3026 4611; x_wconf 86' lang='lat' dir='ltr'>fuerint</span> <span class='ocrx_word' id='word_1_446' title='bbox 3061 4542 3218 4629; x_wconf 90' lang='lat' dir='ltr'>site,</span> <span class='ocrx_word' id='word_1_447' title='bbox 3263 4539 3511 4613; x_wconf 87' lang='lat' dir='ltr'>nullius</span> <span class='ocrx_word' id='word_1_448' title='bbox 3565 4538 3782 4612; x_wconf 82' lang='lat' dir='ltr'>iudi-</span> 
     </span>
     <span class='ocr_line' id='line_1_41' title="bbox 420 4639 3788 4738; baseline 0.002 -30"><span class='ocrx_word' id='word_1_449' title='bbox 420 4641 746 4732; x_wconf 85' lang='lat' dir='ltr'>cion(isi)</span> <span class='ocrx_word' id='word_1_450' title='bbox 801 4641 1046 4716; x_wconf 87' lang='lat' dir='ltr'>iudicis</span> <span class='ocrx_word' id='word_1_451' title='bbox 1100 4645 1395 4716; x_wconf 89' lang='lat' dir='ltr'>ciuitatis</span> <span class='ocrx_word' id='word_1_452' title='bbox 1449 4651 1677 4713; x_wconf 87' lang='lat' dir='ltr'>astare</span> <span class='ocrx_word' id='word_1_453' title='bbox 1731 4649 2117 4711; x_wconf 87' lang='lat' dir='ltr'>teneantur.</span> <span class='ocrx_word' id='word_1_454' title='bbox 2204 4639 2402 4728; x_wconf 84' lang='lat' dir='ltr'>Quod</span> <span class='ocrx_word' id='word_1_455' title='bbox 2457 4645 2521 4715; x_wconf 88' lang='lat' dir='ltr'>si</span> <span class='ocrx_word' id='word_1_456' title='bbox 2569 4640 2780 4714; x_wconf 83' lang='lat' dir='ltr'>iudex</span> <span class='ocrx_word' id='word_1_457' title='bbox 2833 4653 3195 4738; x_wconf 89' lang='lat' dir='ltr'>suspectus</span> <span class='ocrx_word' id='word_1_458' title='bbox 3246 4641 3629 4731; x_wconf 85' lang='lat' dir='ltr'>habebitur,</span> <span class='ocrx_word' id='word_1_459' title='bbox 3687 4652 3788 4716; x_wconf 76' lang='lat' dir='ltr'>et</span> 
     </span>
     <span class='ocr_line' id='line_1_42' title="bbox 420 4743 3782 4836; baseline 0.002 -24"><span class='ocrx_word' id='word_1_460' title='bbox 420 4750 615 4812; x_wconf 86' lang='lat' dir='ltr'>actor</span> <span class='ocrx_word' id='word_1_461' title='bbox 685 4743 1056 4836; x_wconf 82' lang='lat' dir='ltr'>legitimam</span> <span class='ocrx_word' id='word_1_462' title='bbox 1131 4767 1411 4819; x_wconf 91' lang='lat' dir='ltr'>causam</span> <span class='ocrx_word' id='word_1_463' title='bbox 1476 4747 1932 4816; x_wconf 88' lang='lat' dir='ltr'>recusationis</span> <span class='ocrx_word' id='word_1_464' title='bbox 2008 4743 2453 4835; x_wconf 86' lang='lat' dir='ltr'>allegauerit,</span> <span class='ocrx_word' id='word_1_465' title='bbox 2528 4748 2933 4818; x_wconf 90' lang='lat' dir='ltr'>conuocatis</span> <span class='ocrx_word' id='word_1_466' title='bbox 2997 4744 3309 4819; x_wconf 89' lang='lat' dir='ltr'>omnibus</span> <span class='ocrx_word' id='word_1_467' title='bbox 3379 4744 3782 4820; x_wconf 74' lang='lat' dir='ltr'>maioribus</span> 
     </span>
     <span class='ocr_line' id='line_1_43' title="bbox 419 4845 3776 4944; baseline 0.001 -28"><span class='ocrx_word' id='word_1_468' title='bbox 419 4848 710 4917; x_wconf 88' lang='lat' dir='ltr'>ciuitatis</span> <span class='ocrx_word' id='word_1_469' title='bbox 763 4848 918 4941; x_wconf 90' lang='lat' dir='ltr'>ipso</span> <span class='ocrx_word' id='word_1_470' title='bbox 973 4846 1199 4920; x_wconf 90' lang='lat' dir='ltr'>iudice</span> <span class='ocrx_word' id='word_1_471' title='bbox 1251 4856 1574 4944; x_wconf 80' lang='lat' dir='ltr'>presente</span> <span class='ocrx_word' id='word_1_472' title='bbox 1629 4850 1996 4939; x_wconf 89' lang='lat' dir='ltr'>negocium</span> <span class='ocrx_word' id='word_1_473' title='bbox 2052 4845 2432 4937; x_wconf 86' lang='lat' dir='ltr'>decidatur,</span> <span class='ocrx_word' id='word_1_474' title='bbox 2505 4847 2592 4920; x_wconf 89' lang='lat' dir='ltr'>de</span> <span class='ocrx_word' id='word_1_475' title='bbox 2663 4871 2948 4944; x_wconf 87' lang='lat' dir='ltr'>quorum</span> <span class='ocrx_word' id='word_1_476' title='bbox 3005 4853 3345 4924; x_wconf 87' lang='lat' dir='ltr'>sententia</span> <span class='ocrx_word' id='word_1_477' title='bbox 3419 4852 3480 4924; x_wconf 88' lang='lat' dir='ltr'>si</span> <span class='ocrx_word' id='word_1_478' title='bbox 3534 4846 3776 4922; x_wconf 76' lang='lat' dir='ltr'>adhue</span> 
     </span>
     <span class='ocr_line' id='line_1_44' title="bbox 420 4948 3780 5048; baseline 0.002 -28"><span class='ocrx_word' id='word_1_479' title='bbox 420 4951 853 5042; x_wconf 88' lang='lat' dir='ltr'>contingeret</span> <span class='ocrx_word' id='word_1_480' title='bbox 907 4948 1193 5022; x_wconf 89' lang='lat' dir='ltr'>dubitari</span> <span class='ocrx_word' id='word_1_481' title='bbox 1247 4960 1317 5022; x_wconf 88' lang='lat' dir='ltr'>et</span> <span class='ocrx_word' id='word_1_482' title='bbox 1368 4959 1565 5023; x_wconf 88' lang='lat' dir='ltr'>actor</span> <span class='ocrx_word' id='word_1_483' title='bbox 1615 4953 2015 5046; x_wconf 89' lang='lat' dir='ltr'>inportunus</span> <span class='ocrx_word' id='word_1_484' title='bbox 2069 4971 2196 5023; x_wconf 90' lang='lat' dir='ltr'>eos</span> <span class='ocrx_word' id='word_1_485' title='bbox 2251 4948 2339 5022; x_wconf 89' lang='lat' dir='ltr'>ad</span> <span class='ocrx_word' id='word_1_486' title='bbox 2392 4953 2582 5045; x_wconf 90' lang='lat' dir='ltr'>regis</span> <span class='ocrx_word' id='word_1_487' title='bbox 2652 4954 2966 5025; x_wconf 88' lang='lat' dir='ltr'>citauerit</span> <span class='ocrx_word' id='word_1_488' title='bbox 3031 4955 3494 5048; x_wconf 90' lang='lat' dir='ltr'>presentiam,</span> <span class='ocrx_word' id='word_1_489' title='bbox 3559 4953 3780 5028; x_wconf 69' lang='lat' dir='ltr'>solua</span> 
     </span>
     <span class='ocr_line' id='line_1_45' title="bbox 421 5050 3786 5152; baseline 0.002 -29"><span class='ocrx_word' id='word_1_490' title='bbox 421 5050 630 5124; x_wconf 86' lang='lat' dir='ltr'>iudex</span> <span class='ocrx_word' id='word_1_491' title='bbox 681 5073 807 5148; x_wconf 88' lang='lat' dir='ltr'>pro</span> <span class='ocrx_word' id='word_1_492' title='bbox 863 5052 1015 5126; x_wconf 90' lang='lat' dir='ltr'>aliis</span> <span class='ocrx_word' id='word_1_493' title='bbox 1089 5051 1401 5127; x_wconf 88' lang='lat' dir='ltr'>omnibus</span> <span class='ocrx_word' id='word_1_494' title='bbox 1457 5051 1544 5126; x_wconf 89' lang='lat' dir='ltr'>ad</span> <span class='ocrx_word' id='word_1_495' title='bbox 1612 5075 1855 5148; x_wconf 90' lang='lat' dir='ltr'>regem</span> <span class='ocrx_word' id='word_1_496' title='bbox 1924 5056 2029 5125; x_wconf 90' lang='lat' dir='ltr'>ire</span> <span class='ocrx_word' id='word_1_497' title='bbox 2095 5061 2430 5126; x_wconf 90' lang='lat' dir='ltr'>teneatur.</span> <span class='ocrx_word' id='word_1_498' title='bbox 2533 5053 2801 5127; x_wconf 90' lang='lat' dir='ltr'>Eodem</span> <span class='ocrx_word' id='word_1_499' title='bbox 2856 5054 3062 5127; x_wconf 89' lang='lat' dir='ltr'>modo</span> <span class='ocrx_word' id='word_1_500' title='bbox 3134 5078 3261 5152; x_wconf 91' lang='lat' dir='ltr'>pro</span> <span class='ocrx_word' id='word_1_501' title='bbox 3328 5077 3786 5151; x_wconf 61' lang='lat' dir='ltr'>quacumque</span> 
     </span>
     <span class='ocr_line' id='line_1_46' title="bbox 421 5155 3786 5254; baseline 0.002 -29"><span class='ocrx_word' id='word_1_502' title='bbox 421 5177 632 5227; x_wconf 92' lang='lat' dir='ltr'>causa</span> <span class='ocrx_word' id='word_1_503' title='bbox 684 5155 983 5229; x_wconf 92' lang='lat' dir='ltr'>iudicem</span> <span class='ocrx_word' id='word_1_504' title='bbox 1039 5157 1333 5231; x_wconf 88' lang='lat' dir='ltr'>ciuitatis</span> <span class='ocrx_word' id='word_1_505' title='bbox 1388 5166 1459 5230; x_wconf 89' lang='lat' dir='ltr'>et</span> <span class='ocrx_word' id='word_1_506' title='bbox 1496 5159 1716 5245; x_wconf 91' lang='lat' dir='ltr'>ciues,</span> <span class='ocrx_word' id='word_1_507' title='bbox 1770 5157 1884 5230; x_wconf 93' lang='lat' dir='ltr'>uel</span> <span class='ocrx_word' id='word_1_508' title='bbox 1930 5160 2124 5231; x_wconf 91' lang='lat' dir='ltr'>ciues</span> <span class='ocrx_word' id='word_1_509' title='bbox 2177 5157 2371 5230; x_wconf 87' lang='lat' dir='ltr'>solos</span> <span class='ocrx_word' id='word_1_510' title='bbox 2427 5155 2514 5229; x_wconf 89' lang='lat' dir='ltr'>ad</span> <span class='ocrx_word' id='word_1_511' title='bbox 2565 5161 2757 5251; x_wconf 88' lang='lat' dir='ltr'>regis</span> <span class='ocrx_word' id='word_1_512' title='bbox 2808 5161 3224 5254; x_wconf 87' lang='lat' dir='ltr'>presentiam</span> <span class='ocrx_word' id='word_1_513' title='bbox 3280 5162 3430 5253; x_wconf 87' lang='lat' dir='ltr'>quis</span> <span class='ocrx_word' id='word_1_514' title='bbox 3486 5162 3786 5253; x_wconf 58' lang='lat' dir='ltr'>citaret,</span> 
     </span>
     <span class='ocr_line' id='line_1_47' title="bbox 417 5258 3782 5357; baseline 0.003 -29"><span class='ocrx_word' id='word_1_515' title='bbox 417 5278 556 5329; x_wconf 89' lang='lat' dir='ltr'>non</span> <span class='ocrx_word' id='word_1_516' title='bbox 610 5267 880 5332; x_wconf 90' lang='lat' dir='ltr'>tenetur</span> <span class='ocrx_word' id='word_1_517' title='bbox 941 5262 1047 5333; x_wconf 93' lang='lat' dir='ltr'>ire</span> <span class='ocrx_word' id='word_1_518' title='bbox 1099 5263 1233 5333; x_wconf 89' lang='lat' dir='ltr'>nisi</span> <span class='ocrx_word' id='word_1_519' title='bbox 1284 5260 1477 5334; x_wconf 90' lang='lat' dir='ltr'>solus</span> <span class='ocrx_word' id='word_1_520' title='bbox 1547 5259 1758 5333; x_wconf 87' lang='lat' dir='ltr'>iudex</span> <span class='ocrx_word' id='word_1_521' title='bbox 1829 5262 2143 5334; x_wconf 87' lang='lat' dir='ltr'>ciuitatis.</span> <span class='ocrx_word' id='word_1_522' title='bbox 2250 5258 2340 5332; x_wconf 89' lang='lat' dir='ltr'>Et</span> <span class='ocrx_word' id='word_1_523' title='bbox 2392 5263 2453 5334; x_wconf 90' lang='lat' dir='ltr'>si</span> <span class='ocrx_word' id='word_1_524' title='bbox 2515 5264 2665 5356; x_wconf 87' lang='lat' dir='ltr'>quis</span> <span class='ocrx_word' id='word_1_525' title='bbox 2720 5262 3017 5357; x_wconf 89' lang='lat' dir='ltr'>aliquem</span> <span class='ocrx_word' id='word_1_526' title='bbox 3089 5264 3313 5335; x_wconf 90' lang='lat' dir='ltr'>ciuem</span> <span class='ocrx_word' id='word_1_527' title='bbox 3364 5263 3481 5334; x_wconf 89' lang='lat' dir='ltr'>uel</span> <span class='ocrx_word' id='word_1_528' title='bbox 3533 5265 3782 5355; x_wconf 55' lang='lat' dir='ltr'>ciues,</span> 
     </span>
     <span class='ocr_line' id='line_1_48' title="bbox 414 5361 3778 5464; baseline 0.002 -32"><span class='ocrx_word' id='word_1_529' title='bbox 414 5381 554 5432; x_wconf 93' lang='lat' dir='ltr'>non</span> <span class='ocrx_word' id='word_1_530' title='bbox 603 5366 961 5457; x_wconf 89' lang='lat' dir='ltr'>requirens</span> <span class='ocrx_word' id='word_1_531' title='bbox 1016 5373 1220 5437; x_wconf 85' lang='lat' dir='ltr'>antea</span> <span class='ocrx_word' id='word_1_532' title='bbox 1271 5366 1611 5438; x_wconf 87' lang='lat' dir='ltr'>iusticiam</span> <span class='ocrx_word' id='word_1_533' title='bbox 1666 5361 1794 5437; x_wconf 88' lang='lat' dir='ltr'>sibi</span> <span class='ocrx_word' id='word_1_534' title='bbox 1846 5361 1999 5437; x_wconf 83' lang='lat' dir='ltr'>fieri</span> <span class='ocrx_word' id='word_1_535' title='bbox 2052 5385 2092 5436; x_wconf 90' lang='lat' dir='ltr'>a</span> <span class='ocrx_word' id='word_1_536' title='bbox 2141 5361 2369 5438; x_wconf 87' lang='lat' dir='ltr'>iudice</span> <span class='ocrx_word' id='word_1_537' title='bbox 2421 5367 2741 5457; x_wconf 76' lang='lat' dir='ltr'>ciuitatiS,</span> <span class='ocrx_word' id='word_1_538' title='bbox 2798 5364 2884 5437; x_wconf 88' lang='lat' dir='ltr'>ad</span> <span class='ocrx_word' id='word_1_539' title='bbox 2922 5387 3163 5460; x_wconf 88' lang='lat' dir='ltr'>regem</span> <span class='ocrx_word' id='word_1_540' title='bbox 3218 5368 3572 5457; x_wconf 82' lang='lat' dir='ltr'>citauerit3</span> <span class='ocrx_word' id='word_1_541' title='bbox 3622 5385 3778 5464; x_wconf 70' lang='lat' dir='ltr'>pr«)</span> 
     </span>
    </p>
   </div>
  </div>
 </body>
</html>
