3950 5917
462 356 576 434 58

1903 869 2371 974 nvn.

1427 1131 1635 1202 Anno
1690 1129 1927 1203 1233.
2026 1132 2142 1202 die
2205 1131 2330 1202 22.
2391 1130 2841 1224 Septembris.

468 1395 1113 1496 ColomanuS,
1178 1397 1492 1473 totius
1555 1392 2103 1473 Slavoniae
2149 1393 2397 1498 Dux,
2464 1393 3102 1473 conditiones
3166 1397 3469 1474 initae
3533 1398 3816 1473 inter

462 1533 836 1639 Regem
898 1530 1481 1635 Hungariae
1565 1542 1660 1610 et
1722 1530 2264 1611 Pontificis
2327 1532 2800 1636 Legatum
2883 1534 3625 1634 conventionis»,
3689 1555 3806 1610 se

673 1694 1069 1775 quoque
1131 1679 1767 1747 servaturum
1830 1672 2324 1773 promittit
2387 1679 2482 1747 et
2531 1671 3098 1773 Juramento
3162 1668 3595 1749 roborat.

787 1938 934 2012 Nos
991 1936 1408 2012 Golomanns
1462 1939 1595 2011 Dei
1650 1942 1884 2033 gracia
1941 1937 2101 2011 Rex
2151 1948 2224 2011 et
2302 1938 2444 2011 dux
2495 1942 2720 2011 tocius
2770 1937 3171 2031 Sclavonie‚
3243 1938 3556 2012 omnibus
3624 1960 3810 2035 pre-

468 2052 713 2120 sentes
766 2044 1028 2115 litteras
1081 2046 1492 2138 inspecturis
1538 2041 1829 2114 facimus
1884 2042 2350 2130 manifestum,
2403 2064 2534 2115 nos
2588 2041 2853 2116 vidisse
2899 2054 2969 2115 et
3002 2041 3329 2118 habuisse
3381 2043 3641 2115 litteras
3688 2047 3808 2114 si-

468 2148 639 2241 gillo
694 2145 947 2219 domini
1000 2144 1089 2217 A.
1142 2145 1429 2218 Illustris
1481 2145 1698 2238 Regis
1751 2145 2056 2238 Ungarie
2104 2149 2315 2241 patris
2368 2149 2612 2235 nostri,
2686 2155 2756 2217 et
2806 2155 3093 2220 notasse
3162 2146 3456 2240 capitula
3528 2146 3804 2239 singula

474 2251 842 2343 diligenter
911 2271 1121 2343 super
1172 2252 1671 2344 compositione
1726 2247 1951 2320 habita
2005 2252 2184 2320 inter
2235 2247 2706 2321 venerabilem
2779 2260 3040 2343 patrem
3092 2247 3431 2322 Jacobum
3484 2248 3800 2322 Prenes-

472 2357 720 2427 trinum
774 2352 1112 2439 Electum,
1168 2350 1548 2447 apostolice
1601 2351 1787 2425 sedis
1840 2352 2168 2445 legatum„
2243 2374 2337 2422 ex
2389 2374 2523 2424 una
2579 2361 2797 2447 parte„
2870 2362 2941 2424 et
3006 2354 3384 2447 predictum
3455 2352 3809 2424 dominum

472 2456 829 2529 Andream
884 2455 1154 2546 Regem
1209 2477 1302 2527 ex
1355 2455 1596 2544 altera5
1655 2477 1863 2550 super
1915 2458 2233 2548 negociis
2305 2451 2757 2528 ecclesiarum
2812 2455 3114 2548 Ungarie
3188 2466 3261 2529 et
3311 2456 3491 2546 aliis,
3555 2464 3626 2526 et
3678 2466 3814 2527 te·-

474 2582 649 2650 uore
700 2564 1134 2655 presencium
1187 2562 1637 2656 promittimus
1693 2567 1764 2630 et
1817 2562 2148 2647 iuramus»,
2203 2558 2384 2656 quod
2456 2562 2684 2633 omnia
2755 2568 2827 2631 et
2879 2559 3150 2654 singula
3218 2562 3288 2634 in
3343 2562 3817 2656 compositio-

468 2686 638 2736 nem
690 2663 1064 2758 predictam
1117 2660 1444 2753 deducta,
1499 2684 1631 2756 que
1683 2683 1814 2735 nos
1872 2671 2182 2756 tangunt,
2257 2672 2327 2735 et
2379 2661 2468 2735 de
2541 2671 2778 2734 cetero
2858 2672 3166 2758 tangent,
3250 2660 3812 2751 observabimuS,

470 2788 665 2840 nunc
718 2776 789 2837 et
840 2770 909 2837 in
961 2764 1297 2837 futurum:
1355 2777 1424 2837 et
1470 2766 1555 2836 ad
1594 2788 1705 2854 ea,
1761 2788 1892 2860 que
1944 2774 2230 2859 tangunt
2280 2768 2394 2838 vel
2451 2774 2735 2858 tangent
2784 2764 3053 2858 Regem
3105 2765 3436 2857 Ungarie,
3491 2764 3814 2838 dabimus

472 2868 797 2964 rogando
855 2877 925 2940 et
977 2868 1406 2942 consulendo
1464 2890 1771 2963 operam,
1845 2869 2025 2963 quod
2077 2869 2262 2960 Rex,
2333 2873 2448 2964 qui
2525 2879 2633 2942 est
2686 2878 2757 2941 et
2827 2872 3232 2964 quicumque
3313 2891 3437 2964 pro
3491 2879 3814 2964 tempore

486 2973 693 3044 fuerit
762 2981 832 3042 et
894 2975 1120 3043 omnia
1176 2973 1467 3067 capitula
1524 2982 1594 3044 et
1647 2972 1913 3066 singula
1971 2970 2224 3044 debeat
2275 2970 2677 3044 observare.
2786 2973 2860 3045 In
2917 2976 3110 3045 cuius
3184 2975 3286 3043 rei
3337 2975 3818 3046 testimonium

474 3084 845 3172 presentes
900 3076 1189 3167 litteras,
1236 3075 1322 3147 ad
1375 3078 1770 3172 petitionem
1827 3075 1986 3148 dicti
2038 3076 2273 3169 legati,
2330 3075 2571 3170 Sigillo
2626 3086 2867 3150 nostro
2922 3075 3218 3150 fecimus
3270 3079 3695 3149 communiri.

464 3277 711 3348 Theiner.
747 3279 885 3333 Mon.
922 3279 1034 3333 Vet.
1070 3279 1242 3349 Huug.
1280 3279 1334 3331 P.
1370 3278 1409 3332 1.
1445 3295 1497 3347 p.
1537 3280 1654 3332 119.

1886 3839 2409 3942 valn.

1884 4123 2094 4208 Afmo
2164 4120 2400 4192 1234.

472 4382 1074 4463 Colomanus
1147 4383 1347 4462 Dux
1430 4383 1741 4461 villae
1820 4381 2287 4461 Verevce
2364 4379 3038 4484 (Verovitica)
3123 4380 3437 4487 Regia
3523 4394 3862 4486 pote-

1206 4532 1477 4599 state
1558 4519 2092 4598 libertates
2156 4530 2252 4598 et
2301 4520 2522 4624 jura
2587 4519 3075 4598 concedit.

795 4785 1243 4876 Colomanus,
1309 4789 1440 4861 Dei
1495 4793 1729 4880 gracia
1784 4788 1940 4861 Rex
1997 4798 2065 4859 et
2117 4789 2278 4860 Dux
2337 4792 2558 4860 tocius
2629 4788 3025 4879 Sclauonie‚
3096 4791 3441 4861 vniuersis
3512 4812 3862 4885 presens

472 4895 805 4986 scriptum
877 4895 1281 4987 inspecturis
1355 4892 1656 4964 Salutem
1733 4901 1802 4964 et
1856 4915 2059 4964 omne
2130 4890 2403 4964 bonum.
2512 4893 2662 4979 Que
2719 4903 3009 4984 aguntur
3061 4895 3128 4964 in
3184 4902 3495 4988 tempore
3550 4916 3642 4964 ne
3711 4895 3864 4966 ln—

479 4993 725 5067 bantur
779 5018 932 5066 cum
989 4995 1261 5084 eodem,
1317 4995 1755 5090 prudencium
1812 4993 2154 5068 stabiliunt
2204 5019 2286 5067 ea
2342 4997 2714 5067 litterarum
2768 4998 3158 5068 testimonio
3212 4994 3565 5068 roborare.
3657 4995 3871 5070 No·-

478 5108 635 5172 scat
686 5102 891 5192 igitur
945 5109 1076 5171 tam
1134 5120 1423 5192 presens
1495 5103 1908 5172 vniuersitas
1985 5122 2182 5193 quam
2240 5098 2502 5171 futura:
2578 5099 2760 5194 quod
2811 5122 2942 5172 nos
2996 5097 3372 5194 hospitibus
3427 5104 3698 5172 nostris
3749 5102 3876 5175 de

484 5223 732 5295 magna
788 5203 949 5277 villa
1003 5202 1428 5294 Weoeuobe,
1482 5213 1617 5275 tam
1675 5209 1760 5276 ad
1796 5225 2089 5299 presens
2146 5201 2597 5276 existentibus
2653 5226 2852 5298 quam
2911 5203 3548 5299 superuenientibus
3608 5205 3886 5286 talem

479 5310 955 5380 constituimus
1027 5305 1446 5380 libertatem:
1517 5318 1595 5381 vt
1648 5318 1715 5379 et
1767 5307 1985 5379 libere
2058 5310 2295 5378 uenire
2357 5310 2622 5403 possint
2678 5329 2832 5378 cum
2883 5306 3196 5378 omnibus
3268 5309 3580 5404 pecunijs
3649 5313 3886 5401 suia,
