3950 5917
464 415 638 493 *lm

470 632 670 713 netu,
723 618 1181 715 dig-naremmn
1290 616 1441 691 Nos
1490 619 1724 715 itaque
1784 619 1981 692 iustis
2038 627 2110 692 et
2159 614 2386 713 dignis
2455 616 2908 714 peticionibus
2971 617 3265 715 predicti
3331 621 3644 715 magistri
3689 618 3846 693 Ni-

476 727 669 799 colai
720 744 926 796 aures
981 731 1220 796 nostre
1267 720 1748 815 magnitudinis
1801 721 2275 812 advertentes,
2330 723 2824 816 cognoscendo
2879 722 3191 798 eiusdem
3235 725 3619 819 peticiones
3670 722 3838 797 foro

474 831 737 918 iustas,
792 837 864 899 et
915 849 957 898 a
1009 828 1407 922 prescriptis
1476 822 1816 900 nobilibus
1868 828 2072 918 regui
2120 823 2497 897 Sclavonie
2547 824 2858 899 veridica
2907 825 3263 899 relacione
3330 836 3841 918 agnoscentes,

474 940 623 1006 tm
673 950 802 1027 pro
854 950 972 1019 eo,
1028 931 1185 1025 quia
1238 928 1422 1002 idem
1474 930 1805 1022 magister
1854 927 2182 1001 Nicolaus
2237 950 2281 999 a
2313 924 2486 1001 flore
2540 950 2667 1002 sue
2718 931 3091 1003 iuventutis
3139 948 3424 1024 semper
3473 932 3546 1002 ἰιι
3589 932 3838 1000 omni-

472 1032 615 1109 bus
649 1031 1218 1129 expedicionibus
1270 1032 1471 1126 regni
1514 1029 1917 1122 sclavanie,
1967 1052 2110 1104 vna
2164 1028 2549 1120 nobiscum,
2604 1042 3053 1105 sacrosancte
3101 1052 3368 1104 corone
3421 1030 3650 1104 debite
3697 1034 3837 1103 vi-

476 1139 700 1212 riliter
748 1134 1163 1226 dimicando,
1228 1138 1304 1208 in
1355 1134 1542 1207 nullo
1595 1131 1804 1208 rebus
1864 1155 2189 1256 parcens,
2258 1133 2380 1207 vel
2430 1137 2776 1228 personis,
2830 1143 2901 1207 et
2953 1135 3346 1230 specialiter
3411 1144 3599 1224 tunc,
3669 1157 3838 1207 cum

482 1263 644 1331 nos,
706 1262 845 1313 vua
901 1260 1055 1310 cum
1107 1237 1271 1331 filijs
1325 1238 1631 1330 Henrici,
1709 1236 1963 1310 bellum
2019 1240 2169 1311 siue
2244 1236 2532 1332 prelium
2610 1235 3088 1311 habuissemus
3165 1237 3564 1333 personale,
3641 1236 3837 1309 idem

472 1345 816 1453 magister
857 1341 1186 1416 Nicolaus
1239 1342 1600 1413 multorum
1654 1361 1934 1414 suorum
1987 1342 2455 1436 proximorum
2509 1339 2684 1413 cede
2735 1350 2807 1413 et
2858 1342 2965 1414 sui
3036 1343 3388 1434 sanguinis
3460 1340 3835 1429 effusione,

472 1430 696 1520 multa
743 1467 870 1543 pro
922 1443 1122 1519 nobis
1178 1446 1527 1519 sustulerit
1577 1445 1891 1535 uulnera,
1973 1466 2173 1538 quam
2229 1445 2458 1533 etiam,
2515 1446 2670 1536 quia
2720 1454 2931 1518 strata
2984 1445 3132 1540 ipsa
3186 1454 3258 1515 et
3307 1446 3632 1517 transitus
3685 1441 3837 1515 flu-

479 1552 753 1624 uiorum
796 1551 865 1621 in
900 1550 1198 1644 proprijs
1250 1546 1810 1642 possessionibus
1865 1546 2177 1620 eiusdem
2227 1544 2496 1619 Nicolai
2548 1545 3028 1637 existentibus,
3081 1545 3408 1619 videlicet
3450 1544 3836 1637 Delebzsk,

372 1694 381 1707 ι
482 1652 705 1728 tha
731 1650 1111 1742 Delebzsk,
1163 1649 1428 1723 Zalnuk
1465 1660 1535 1723 et
1567 1649 2071 1747 Radowysthe,
2125 1672 2213 1721 ac
2264 1652 2486 1721 eciam
2538 1670 2667 1744 per
2701 1647 2989 1741 Lonam,
3041 1653 3274 1742 grauis
3330 1658 3481 1722 erat
3523 1659 3594 1722 et
3627 1652 3834 1744 peri-

486 1755 798 1845 culosus,
844 1777 937 1827 ex
973 1764 1163 1827 certa
1209 1756 1512 1828 sciencia
1567 1776 1651 1824 ac
1696 1753 1785 1826 de
1827 1752 2260 1849 beneplacita
2312 1752 2665 1825 voluntate
2719 1754 3199 1825 vniuersorum
3252 1749 3578 1825 nobilium
3629 1756 3842 1846 regni

482 1859 866 1933 Sclavenie
934 1861 1468 1953 prescriptorum
1521 1866 1593 1928 et
1645 1857 1930 1930 aliorum
1985 1853 2437 1953 quorumlibet
2486 1853 2844 1928 nobiscum
2898 1858 3378 1945 existencium,
3449 1854 3837 1949 predictum

485 1961 806 2035 tributum
858 1959 1168 2058 predicto
1242 1964 1571 2054 magistro
1627 1958 1916 2033 Nicolao
1990 1958 2306 2032 duximus
2381 1956 2903 2049 conferendum,
2974 1957 3306 2031 heredum
3356 1980 3485 2054 per
3533 1957 3841 2032 heredes

486 2069 562 2139 in
614 2064 795 2137 hunc
846 2064 1166 2137 modum:
1221 2074 1301 2137 vt
1351 2073 1599 2160 pontes
1651 2064 2111 2159 predictorum
2161 2061 2464 2134 foncium
2528 2084 2655 2158 per
2705 2060 3083 2158 predictum
3153 2063 3554 2155 magistrum
3605 2060 3840 2134 Nico·-

487 2169 675 2243 laum
726 2170 1020 2265 prompti
1070 2165 1452 2240 habeantur
1502 2188 1685 2238 nunc
1718 2175 1790 2237 et
1825 2188 2127 2261 semper,
2182 2187 2311 2237 seu
2361 2168 2604 2259 parati,
2659 2175 2729 2238 et
2781 2167 3005 2259 ipsum
3054 2162 3373 2237 tributum
3428 2166 3842 2237 auctoritate

488 2273 687 2365 regia
738 2291 866 2366 per
916 2292 1047 2343 nos
1100 2291 1242 2343 vna
1297 2292 1452 2341 cum
1503 2267 1840 2342 nobilibus
1911 2272 2111 2363 regni
2165 2268 2536 2340 Sclavonie
2607 2267 2926 2340 collatum
2980 2277 3051 2340 et
3101 2276 3446 2359 statutum,
3515 2289 3842 2340 consen-

490 2371 825 2447 cientibus
878 2376 1223 2446 vniucrsis
1279 2374 1701 2445 cometaneis
1739 2382 1810 2443 et
1838 2374 2115 2462 vicinis,
2167 2380 2498 2467 perpetuo
2553 2391 2747 2443 more
2802 2370 3004 2444 solito
3059 2367 3145 2443 ab
3193 2367 3533 2462 omnibus,
3585 2369 3841 2466 quibus

488 2476 731 2566 decet,
803 2480 1122 2570 exigatur
1172 2478 1241 2548 in
1293 2474 1475 2548 hunc
1541 2474 1844 2564 modum,
1913 2485 1994 2546 vt
2048 2474 2135 2547 de
2190 2496 2393 2546 curru
2444 2473 2580 2546 duo
2635 2473 2895 2565 denarij
2954 2483 3025 2546 et
3075 2473 3164 2547 de
3219 2472 3446 2568 pedite
3515 2472 3842 2547 dimidius

493 2580 818 2654 denarius
874 2591 945 2650 et
996 2602 1136 2652 non
1188 2578 1367 2675 pluS,
1423 2578 1740 2650 tributum
1794 2588 2021 2649 autem
2073 2587 2502 2674 prenotatum
2557 2575 2645 2648 de
2699 2576 3013 2651 omnibus
3083 2575 3400 2673 pontibus
3469 2575 3846 2649 fluuiorum

491 2684 721 2756 eidem
773 2681 838 2753 N
840 2685 1063 2756 icolao
1114 2691 1186 2754 et
1237 2684 1379 2756 suis
1432 2683 1734 2779 posteris
1802 2685 1872 2753 in
1926 2683 2659 2776 recompensacionem
2729 2703 3011 2756 suorum
3080 2682 3531 2755 semiciorum
3599 2680 3847 2753 datum

492 2796 567 2861 et
621 2786 941 2859 collatum
991 2789 1063 2857 iu
1113 2784 1612 2882 Radovysche,
1680 2781 1801 2858 vbi
1851 2783 2036 2857 idem
2085 2784 2401 2858 residere
2472 2784 2869 2876 dinoscitur,
2942 2787 3093 2857 sine
3156 2783 3715 2857 contradiccione
3767 2793 3845 2860 et

489 2911 693 2962 more
766 2896 1102 2962 consueto
1163 2885 1248 2960 ab
1304 2892 1605 2984 antiquo,
1679 2887 1904 2959 eidem
1957 2897 2029 2960 et
2081 2889 2223 2962 suis
2279 2885 2800 2961 successoribus
2872 2896 3206 2983 perpetuo
3280 2888 3840 2979 amministretur,

492 3014 622 3089 per
674 3013 832 3081 noS,
910 3015 1037 3087 per
1088 3013 1218 3065 uos
1273 2994 1458 3085 (sic)
1512 3001 1586 3063 et
1636 2989 1905 3064 nobiles
1958 2993 2158 3085 regni
2212 2989 2587 3064 Sclavenie
2667 2993 2928 3064 exstitit
3006 2989 3378 3064 definitum.
3457 2990 3840 3065 Presentes

494 3104 727 3167 autem
783 3117 935 3166 cum
993 3093 1194 3167 nobis
1262 3094 1514 3167 fuerint
1563 3104 1938 3191 reportate,
1992 3099 2064 3166 in
2115 3093 2336 3166 forma
2390 3095 2725 3190 priuilegij
2783 3096 3027 3184 nostri,
3096 3105 3374 3217 propter
3440 3092 3844 3168 uberiorem

496 3197 901 3315 cautelam,
916 3222 1002 3271 ac
1051 3199 1218 3272 iuris
1272 3208 1343 3270 et
1391 3200 1662 3272 iusticie
1716 3197 2174 3288 evidenciam,
2226 3196 2448 3293 redigi
2500 3196 2856 3272 faciemus.
2924 3197 3170 3271 Datum
3224 3202 3293 3270 in
3345 3195 3575 3269 Vrbaz
3630 3208 3846 3270 sexta

495 3292 674 3374 feria
729 3284 901 3374 ante
940 3299 1193 3375 festum
1243 3300 1428 3373 beati
1477 3300 1833 3375 Michaelis
1886 3300 2309 3394 Archangeli
2379 3322 2559 3373 anno
2612 3301 2885 3373 Domini
2945 3299 3308 3375 Millesimo
3364 3298 3563 3374 CCC·
3613 3304 3848 3395 vige-

498 3407 698 3477 simo.
805 3400 953 3478 Nos
1005 3410 1234 3501 itaque
1285 3404 1627 3500 predictas
1679 3414 1956 3478 nostras
2027 3406 2285 3479 litteras
2336 3414 2650 3501 patentes
2718 3414 3085 3479 cernentes
3164 3403 3317 3478 fore
3373 3426 3534 3479 esse
3586 3406 3853 3497 iusim,

496 3530 640 3580 non
695 3506 1007 3600 abrasas,
1076 3530 1218 3581 non
1271 3509 1691 3597 cancelatas,
1744 3530 1881 3580 nec
1932 3511 2002 3579 in
2057 3509 2278 3604 aliqua
2331 3517 2524 3605 parte
2579 3510 2686 3581 sui
2739 3511 3051 3604 corporis
3104 3511 3420 3600 viciatas,
3492 3529 3587 3580 ex
3642 3519 3854 3581 certa

380 3646 387 3655 ·
496 3613 801 3685 sciencia
839 3610 1322 3708 approbamus,
1374 3610 1793 3684 ratificamus
1832 3620 1901 3682 et
1932 3614 2276 3707 presentis
2322 3614 2681 3708 patrocinii
2716 3614 3116 3684 auctoritate
3154 3613 3592 3708 presencium
3648 3633 3848 3685 con-

496 3710 873 3787 firmamus.
947 3715 1194 3787 Datum
1249 3713 1375 3788 sub
1430 3724 1659 3788 castro
1709 3712 1947 3786 Oclich
2003 3717 2073 3786 in
2126 3717 2394 3788 octavis
2448 3713 2764 3788 Omnium
2816 3714 3246 3789 Sanctorum.
3299 3715 3507 3789 Anno
3559 3713 3856 3789 Domini

494 3813 862 3890 millesimo
918 3814 1118 3889 000⁰
1164 3820 1513 3913 vigesimo
1566 3820 1806 3914 primo.

493 4043 577 4099 Ex
628 4045 990 4115 Transsumpto
1040 4048 1095 4099 in
1148 4045 1364 4100 membr.
1412 4046 1632 4101 Ladislai
1683 4047 1751 4100 dc
1801 4045 2089 4117 Egon-vara,
2135 4045 2437 4112 Dalmatiae,
2485 4045 2721 4101 Croniae
2769 4056 2822 4100 et
2856 4047 3130 4101 Slavoniae
3184 4047 3331 4113 Beni,
3384 4064 3432 4101 ι.
3475 4047 3632 4102 1481.
3668 4048 3846 4116 facto,

806 4134 861 4185 in
894 4132 1140 4186 Archivio
1192 4132 1363 4204 Regni
1418 4131 1656 4187 Cro-tiae
1708 4135 1844 4188 inter
1894 4135 2026 4189 Acta
2082 4132 2381 4189 conventus
2416 4133 2514 4187 FF.
2549 4133 2888 4188 Eremitarum
2943 4134 2998 4187 8.
3033 4133 3178 4187 Pauli
3214 4132 3502 4188 Grisicndu.
3561 4132 3712 4188 Fue.
3749 4133 3854 4190 m.

811 4218 871 4272 N.
909 4219 963 4272 5.
996 4227 1278 4274 enervato.
