3950 5917
559 415 713 491 372

1881 931 2550 1042 ccxxvn.

1412 1223 1618 1293 Anno
1678 1221 1716 1293 1
1733 1221 1914 1295 704.
1967 1224 2084 1294 die
2133 1221 2210 1295 8.
2256 1221 2637 1294 Februarii
2698 1220 3025 1294 Viennae.

558 1482 1121 1587 Leopoldus
1182 1481 1385 1565 Rex
1446 1483 1582 1563 SS
1646 1494 1730 1563 et
1789 1482 1957 1564 00.
2019 1482 2340 1589 Regni
2405 1481 2855 1563 Croatiae
2919 1482 3030 1561 ad
3095 1482 3393 1562 fidem
3451 1505 3896 1600 servan-¹

561 1620 766 1700 dam
849 1631 941 1700 et
1019 1621 1132 1700 ad
1209 1646 1456 1701 arma
1553 1633 1887 1703 contra
1985 1622 2434 1702 rebelles
2528 1626 2620 1702 in
2712 1621 3217 1728 Hungaria
3310 1620 3836 1700 summenda

2053 1759 2398 1841 hortat

560 2031 1083 2106 LEOPOLDVS
1162 2031 1316 2105 DEI
1396 2036 1612 2127 gratia
1687 2033 1950 2105 electus
2030 2031 2492 2104 Romanorum
2571 2031 2949 2127 Imperator
3001 2053 3276 2128 semper
3325 2030 3698 2125 Augustus,
3767 2051 3834 2099 ae

1283 2134 1718 2227 Germaniae,
1772 2136 2163 2230 Hungariae
2218 2136 2730 2229 Bobemiaeque
2783 2140 2911 2209 dcc.
2965 2135 3146 2208 Rex.

871 2368 1287 2457 Reuerendi,
1341 2366 1821 2457 Honorabiles,
1877 2368 2304 2465 spectabiles
2358 2392 2441 2441 ac
2476 2369 2846 2464 Magnifici,
2899 2367 3182 2463 Egregij
3220 2372 3286 2440 ἀ
3321 2365 3632 2452 Nobiles,
3680 2363 3834 2435 Pru-

563 2473 807 2546 dentes
859 2476 1019 2545 item
1067 2483 1135 2543 et
1173 2471 1687 2566 Circumspecti,
1743 2472 2017 2545 Fideles
2069 2472 2268 2544 nobis
2322 2473 2570 2545 dilecti.
2678 2472 2939 2559 Quanta
2996 2475 3200 2543 animi
3253 2493 3416 2543 eura
3472 2480 3546 2543 et
3597 2467 3830 2541 solliei-

566 2577 796 2649 tudine
840 2575 1169 2648 haetenus
1224 2576 1396 2648 in·id
1445 2574 1972 2659 incubuerimus,
2029 2586 2101 2648 ut
2137 2586 2234 2648 tot
2272 2576 2862 2648 Vicissitudinibus
2913 2578 3302 2648 lacessitum
3354 2584 3426 2646 et
3475 2573 3831 2646 nouissimis

556 2683 902 2773 intestinis
956 2679 1248 2751 motibus
1313 2683 1726 2773 exagitatum
1797 2679 2176 2776 praefatum
2247 2679 2561 2774 Regnum
2632 2692 2936 2753 nostrum
3010 2680 3399 2773 Hungariae
3449 2680 3520 2749 in
3575 2678 3834 2773 priorem

574 2784 1003 2876 redigeretur
1053 2783 1641 2876 tranquillitatem,
1719 2781 1987 2857 abunde
2067 2795 2336 2856 constat
2374 2794 2511 2855 tum
2566 2806 2659 2857 ex
2714 2784 3216 2876 benignissimis
3295 2782 3542 2854 Literis
3619 2780 3872 2852 nostris>

561 2886 1128 2982 Amnystialibus,
1196 2885 1468 2958 Tenore
1539 2910 1818 2982 quarum
1873 2910 1912 2958 a
1969 2887 2198 2959 debito
2270 2886 2601 2982 obsequio
2682 2898 2752 2960 et
2800 2887 3120 2960 fidelitate
3189 2895 3422 2957 nostra
3500 2884 3729 2956 deuios
3774 2883 3831 2951 in

564 2994 787 3065 sinum
843 2990 1116 3062 Gratiae
1166 3001 1445 3063 nostrae
1497 2994 1809 3084 recipere
1859 2994 2389 3080 institueramuS,
2442 3000 2577 3062 tum
2631 3013 2806 3063 vero
2860 2992 3010 3082 alijs
3065 2989 3377 3082 benignis
3430 2988 3672 3060 Literis
3714 3005 3831 3056 no-

564 3097 755 3181 striS,
811 3092 1050 3187 quibus
1104 3092 1550 3166 mediantibus
1604 3094 1689 3166 ab
1742 3098 1925 3167 omni
1982 3098 2256 3167 omnino
2311 3094 2822 3168 Contributione
2892 3116 3106 3189 usque
3160 3094 3246 3164 ad
3301 3091 3593 3164 futuram
3642 3090 3834 3161 Diae-

566 3208 702 3269 tam
759 3195 1176 3290 Regnieolas
1231 3198 1727 3293 supportandos
1780 3209 1846 3270 et
1895 3199 2301 3271 eximendos
2356 3199 2974 3271 deelaraueramuS.
3049 3197 3303 3269 Verum
3358 3194 3490 3267 bac
3545 3193 3834 3286 benigni-

564 3306 724 3374 tatis
777 3309 1055 3373 nostrae
1108 3300 1570 3373 Exuberantia
1625 3306 2010 3374 concitatae
2062 3301 2366 3400 perfidae
2425 3303 2765 3375 Factionis
2821 3301 3166 3373 Authores
3221 3303 3438 3372 minus
3493 3308 3735 3371 attenta
3780 3298 3834 3366 in

568 3405 927 3479 sceleratis
1000 3407 1143 3478 suis
1210 3404 1510 3478 Ausibus
1585 3409 2021 3501 pertinaciter
2072 3410 2443 3503 persistere
2498 3430 2580 3478 ae
2617 3404 3018 3479 detestabile
3071 3403 3570 3476 Perduellionis
3624 3400 3839 3472 malum

574 3513 642 3580 iu
700 3512 1068 3604 perniciem
1147 3513 1353 3582 totius
1432 3508 1657 3602 Regni
1713 3520 1782 3581 et
1833 3508 2127 3581 fidelium
2209 3521 2591 3582 nostrorum
2671 3513 2932 3581 ruinam
3014 3507 3415 3595 diffundere,
3495 3509 3844 3603 spretisque

565 3612 831 3686 Diuinis
886 3623 953 3686 et
1007 3612 1314 3685 humanis
1361 3612 1658 3706 Legibus
1703 3616 1995 3708 jureque
2051 3623 2331 3685 naturae
2384 3614 2721 3706 vilipenso
2777 3617 2842 3685 in
2899 3615 3165 3707 propria
3239 3614 3513 3682 viscera
3588 3612 3739 3703 igne
3786 3613 3840 3676 et

566 3716 757 3789 ferro
796 3716 1156 3789 desaeuire
1192 3740 1277 3788 ae
1313 3721 1671 3788 uniuersas
1716 3717 1768 3788 F
1774 3717 2040 3787 idetmm
2097 3727 2481 3789 nostrorum
2534 3718 2920 3788 Facultates
2961 3720 3025 3787 in
3067 3714 3387 3810 praedam
3439 3736 3679 3808 agere,
3729 3713 3840 3781 mi-

572 3842 798 3893 seram
853 3820 1130 3892 Plebem
1180 3818 1305 3892 sub
1359 3820 1809 3892 vindicandae
1865 3819 2218 3892 Libertatis
2275 3821 2462 3892 titulo
2518 3821 2937 3906 dementare
2994 3820 3167 3891 alios
3223 3842 3346 3890 seu
3403 3821 3648 3889 timore
3699 3835 3842 3911 per-

571 3924 806 3997 culsos
860 3946 984 3996 seu
1040 3926 1237 3996 vanis
1312 3923 1905 4019 pollicitationibus
1974 3925 2245 3996 illectos
2317 3924 2755 4012 infascinare,
2828 3925 3001 3994 alios
3072 3923 3366 4016 denique
3418 3926 3491 3992 vi
3546 3930 3618 3994 et
3670 3919 3843 3991 armis

570 4031 639 4100 in
699 4049 862 4100 suas
913 4037 1294 4122 pertractos
1346 4038 1572 4122 partes
1626 4026 1925 4099 nefando
1983 4051 2110 4100 suo
2163 4028 2476 4116 Agmiui
2495 4028 2579 4099 ad
2619 4027 3094 4100 associandum
3152 4048 3232 4098 se
3283 4047 3571 4120 cogere,
3625 4047 3707 4096 ac
3752 4032 3844 4090 ta-

570 4132 726 4204 liter
777 4134 967 4203 vires
1022 4153 1184 4201 suas
1238 4153 1523 4225 augere,
1590 4133 1871 4225 jamque
1941 4130 2092 4203 fere
2147 4143 2356 4203 totum
2410 4135 2657 4203 dictum
2729 4131 3040 4225 Regnum
3113 4140 3416 4202 nostrum
3487 4128 3847 4222 Hungariae

575 4233 906 4307 inundare
958 4257 1096 4306 non
1150 4235 1672 4323 exhorruerunt,
1726 4240 1842 4315 ita,
1895 4244 1968 4306 ut
2021 4236 2475 4331 compluribus
2513 4233 2831 4324 Arcibus,
2884 4233 3235 4306 Praesidio
3287 4243 3526 4306 nostro
3582 4232 3844 4304 munitis,

573 4338 947 4434 proditorio
1024 4360 1163 4410 non
1243 4341 1462 4410 minus
1516 4361 1600 4409 ac
1654 4337 1918 4411 nefario
1974 4361 2141 4410 ausu
2199 4342 2574 4434 occupatis.
2645 4339 2730 4410 ad
2785 4339 3060 4410 Limites
3125 4360 3345 4431 usque
3398 4347 3468 4409 et
3520 4336 3841 4408 Termiuos

572 4443 801 4536 Regni
858 4441 1053 4516 buius
1105 4445 1321 4514 nostri
1368 4441 1685 4514 Croatiae
1725 4442 1926 4513 Virus
1981 4465 2177 4515 snum
2229 4447 2650 4529 exeruerint,
2706 4441 2908 4514 dubio
2961 4442 3200 4538 procul
3247 4440 3644 4513 Fidelitates
3693 4457 3842 4533 quo-

574 4567 712 4642 que
765 4556 1068 4630 vestraS,
1120 4556 1319 4642 prout
1372 4546 1528 4618 alibi
1580 4545 1858 4635 factum,
1913 4569 2036 4640 per
2071 4548 2382 4618 diuersas
2417 4545 2766 4635 Patentes,
2821 4568 2944 4618 seu
2987 4548 3440 4634 invitatorias,
3494 4568 3622 4618 seu
3658 4541 3840 4614 Com-

574 4652 970 4723 minatorias
1027 4649 1109 4721 ad
1166 4651 1385 4722 simile
1438 4649 1773 4721 Perfidiae
1853 4650 2125 4722 Crimen
2194 4655 2405 4721 variis
2459 4649 2584 4723 sub
2641 4649 3113 4722 Praetextibus
3166 4659 3237 4721 et
3289 4652 3472 4722 omni
3524 4659 3672 4720 arte
3718 4642 3840 4717 sol-

573 4755 910 4827 licitaturi.
988 4752 1076 4825 Et
1123 4753 1287 4825 licet
1338 4756 1406 4825 in
1451 4757 1628 4825 auita
1685 4753 2038 4826 Fidelitate
2089 4763 2351 4840 vestra,
2404 4754 2734 4826 hactenus
2786 4758 2969 4826 omni
3022 4764 3329 4849 tempore
3383 4752 3634 4825 illibate
3687 4767 3833 4820 con-

570 4860 829 4930 tinuata
886 4868 953 4930 et
1008 4867 1413 4944 contestata,
1493 4856 1828 4929 indubiam
1912 4856 2110 4938 nobis
2188 4880 2377 4953 spem
2462 4857 2754 4952 benigne
2809 4858 3274 4952 polliceamur,
3350 4856 3838 4944 Fidelitatesque

578 4971 855 5035 vestras
934 4984 1068 5034 non
1124 4960 1513 5056 degeneres
1567 4960 1900 5050 Majorum
1955 4961 2246 5033 Suorum
2304 4972 2374 5033 et
2426 4959 2691 5034 Cbarae
2773 4961 3038 5033 Patriae
3091 4960 3301 5032 Filios
3356 4971 3428 5033 et
3479 4954 3838 5048 homagialis

578 5065 801 5138 Sacro
855 5065 1233 5138 Diademati
1287 5075 1523 5152 nostro
1576 5063 1844 5137 debitae
1897 5064 2345 5156 obligationis
2395 5087 2737 5137 memores
2791 5087 2954 5137 esse
3007 5064 3474 5137 confidamus:
3528 5066 3836 5136 Attamen-

574 5191 668 5243 ne
721 5173 788 5243 in
845 5178 979 5242 tam
1034 5166 1407 5242 Subitanea
1476 5191 1700 5241 rerum
1757 5168 2239 5241 vicissitudine
2312 5172 2636 5264 quispiam
2717 5166 3036 5241 Vestrum
3111 5190 3236 5242 seu
3306 5177 3487 5240 metu
3563 5189 3680 5240 seu
3729 5161 3839 5233 alio

583 5294 990 5367 quocunque
1072 5271 1277 5345 modo
1348 5296 1428 5346 se
1498 5295 1623 5368 per
1673 5283 2090 5345 memoratos
2170 5272 2538 5346 seditiosos
2614 5275 3093 5346 circumveniri
3170 5275 3479 5368 patiatur,
3581 5265 3841 5342 Easdem

580 5372 979 5448 Fidelitates
1029 5373 1318 5449 Vestras
1386 5374 1581 5448 hisee
1652 5374 1949 5471 benigne
2018 5375 2392 5466 hortamur,
2460 5387 2533 5449 et
2573 5378 2844 5468 juratae
2896 5375 3096 5450 nobis
3147 5398 3234 5448 ae
3282 5374 3549 5450 debitae
3600 5372 3742 5446 lidei
3784 5373 3844 5436 et
