3950 5917
1714 829 1761 864 ⁴
1873 855 2414 1014 cxcsvn.

1227 1193 1438 1262 Anne
1498 1185 1738 1261 1618.
1820 1186 1943 1258 15.
1985 1175 2353 1257 ¹Catendas
2403 1183 2653 1256 Julius.
2719 1167 3042 1255 Ῥοοοπίἰ.

3783 1269 3798 1286 Ἴ
3913 1257 3914 1260 ,

3793 1307 3800 1314 .
3913 1301 3914 1310 ,

457 1455 911 1561 Diploma
988 1453 1799 1531 assecurationis
1860 1473 1903 1526 a
1964 1445 2604 1527 Ferdinaudo
2665 1443 2757 1524 n.
2842 1442 3120 1547 Rege
3177 1440 3652 1523 statibus
3705 1405 3804 1538 et

586 1589 1125 1671 Ordinibus
1188 1587 1509 1693 Regni
1562 1585 2038 1667 vCroatiae
2101 1585 2175 1663 dt
2236 1584 2777 1666 slavoniae
2840 1583 3269 1664 seorsim
3332 1578 3682 1657 datum.

764 1834 924 1912 Nos
980 1832 1236 1909 Comes
1291 1831 1770 1927 sigismundus
1823 1827 2143 1925 Forgacb
2197 1829 2285 1902 de
2340 1827 2672 1925 Gbymes,
2725 1826 2952 1920 Regni
2995 1823 3399 1916 Hungariae
3447 1822 3799 1898 ‘Palatinus

470 1949 543 2028 et
578 1937 811 2013 Judex
840 1935 1305 2012 >Cumanorum
1340 1958 1476 2008 nec
1510 1957 1650 2010 non
1689 1933 2140 2008 comitatuum
2180 1931 2751 2026 Neogmdiensis.
2799 1930 3230 2004 Sarosiensis
3268 1937 3340 1999 et
3377 1925 3462 1999 de
3497 1923 3805 2004 Zabolch

470 2041 753 2131 Comes,
825 2064 914 2115 ac
966 2040 1432 2115 sacratissimi
1496 2038 1828 2134 Pn’ncipis
1910 2047 1982 2112 et
2043 2035 2322 2109 Domini
2385 2032 2664 2110 Domini
2734 2031 3060 2122 Mathiae,
3110 2029 3244 2106 Dei
3299 2029 3530 2110 Gratia
3582 2027 3806 2128 Electi

464 2139 932 2220 Romanorum
978 2143 1433 2240 Imperatoris
1480 2164 1757 2239 semper
1789 2140 2113 2235 Augusti.
2169 2162 2252 2211 ac
2292 2138 2729 2227 Germaniae,
2784 2137 3206 2232 Hungariae,
3254 2133 3630 2208 Bohemiae
3679 2136 3802 2238 dcc,

462 2243 711 2343 Regis,
789 2247 1203 2324 Arcbiducis
1252 2246 1609 2336 Austriae,
1688 2243 1901 2317 Ducis
1953 2243 2389 2338 Burgundiae
2445 2245 2601 2331 dcc,
2667 2240 2958 2314 ,Intimus
3039 2234 3486 2312 Consiliarius
3559 2247 3633 2309 et
3684 2257 3807 2332 per

463 2351 885 2446 Hungariam
926 2347 1449 2425 Locumtenens.
1504 2348 1883 2422 Memoriae
1921 2347 2478 2420 commendamus
2513 2354 2759 2418 tenore
2795 2347 3254 2439 praesentium
3307 2339 3801 2436 significantes,

463 2452 714 2551 quibus
758 2454 1053 2554 expedit
1104 2456 1450 2528 vniuersis
1504 2462 1573 2525 et
1627 2451 1934 2547 singulis.
2009 2449 2207 2537 Quod
2259 2448 2907 2523 Reuerendissimus
2958 2444 3293 2522 Dominus
3345 2444 3593 2518 Petrus
3646 2444 3800 2517 Do-

466 2557 888 2650 mittrouicb,
967 2555 1354 2653 Episcopus
1407 2553 1919 2648 zagrahiensis,
1999 2553 2259 2626 Beatae
2335 2552 2597 2625 Mariae
2677 2551 2983 2644 Virginis
3033 2550 3126 2623 de
3178 2547 3550 2644 Thopuzks
3609 2557 3679 2619 et
3729 2546 3798 2619 S.

464 2659 749 2756 Georgii
780 2661 876 2739 de
904 2660 1133 2757 Diaky
1161 2660 1653 2735 Ecclesiarium
1688 2656 1955 2748 Abbas,
2011 2680 2097 2730 ac
2132 2657 2396 2730 Sacrae
2451 2653 2846 2729 Caesaraee
2897 2653 3276 2729 Maiestatis
3332 2650 3802 2739 consiliarius,

468 2763 777 2840 exhibuit
805 2774 876 2837 et
887 2768 1364 2860 .praesentauit
1396 2762 1596 2835 nobis
1616 2762 2059 2837 Serenissimi
2075 2760 2406 2855 Principis
2436 2782 2520 2831 ac
2545 2758 2820 2832 Domini
2845 2757 3119 2832 Domini
3135 2755 3576 2840 Ferdinandi,
3603 2753 3802 2827 Hun—

465 2871 708 2963 gariae
741 2865 1255 2963 Bohemiaeque
1297 2864 1543 2961 Regis,
1586 2864 1999 2939 Archiducis
2032 2864 2386 2952 Austriae,
2430 2862 2644 2937 Ducis
2678 2860 3140 2956 Burgundiae,
3193 2859 3496 2956 styriae,
3551 2856 3804 2938 Carin-

461 2970 675 3059 thiae,
714 2968 1104 3058 Carnioliae
1125 2974 1251 3043 dcc.
1279 2968 1553 3043 Domini
1589 2968 1898 3044 similiter
1921 2972 2140 3043 nostri
2178 2966 2731 3046 clementissimi,
2777 2966 3037 3037 litteras
3071 2962 3401 3059 quasdam
3436 2966 3504 3035 in
3539 2983 3802 3058 papyro¹

467 3071 739 3166 Regali>
784 3082 1102 3170 patenter
1167 3070 1525 3150 confectas
1580 3072 1944 3168 sigilloque
2000 3081 2071 3144 et
2120 3092 2362 3145 manus
2418 3068 2917 3166 subscriptione
2981 3066 3290 3141 eiusdem
3363 3061 3807 3162 serenissimi

465 3173 802 3271 Principis
868 3173 956 3250 ,ac
1007 3176 1225 3270 Regis
1281 3179 1757 3266 communitas,
1830 3185 2081 3272 petens
2136 3198 2266 3250 nos
2341 3172 2564 3247 debita
2640 3196 2792 3247 eum
2847 3171 3200 3262 instanlia,
3284 3179 3622 3266 quatenus
3679 3190 3805 3252 nos

465 3278 685 3351 dictas
739 3278 1183 3353 serenissimi
1226 3279 1557 3375 Principis
1611 3302 1697 3352 ac
1748 3278 1967 3374 Regis
2020 3277 2296 3354 Domini
2341 3276 2635 3351 -Domini
2688 3279 2905 3350 nostri
2959 3273 3490 3350 Clementissimi
3539 3273 3809 3374 litteras

464 3387 798 3456 transumi
854 3393 925 3455 et
976 3384 1128 3455 aliis
1181 3383 1453 3457 Litteris
1507 3386 1762 3457 nostris
1818 3384 2129 3457 similiter
2180 3379 2563 3476 patentibus
2617 3382 2829 3454 inseri
2882 3389 2953 3451 et
3004 3377 3308 3468 inscribi,
3370 3380 3810 3470 insertasque

466 3496 543 3560 et
592 3488 961 3581 inscriptas
1034 3485 1259 3560 eidem
1329 3485 1606 3559 tradere
1661 3486 2120 3581 dignaremur.
2227 3484 2479 3572 Earum
2533 3505 2707 3556 uero
2759 3484 3131 3556 litterarum
3185 3491 3387 3554 tenor
3437 3481 3596 3554 talis
3652 3489 3809 3551 est:

468 3585 619 3663 Nos
654 3588 1129 3664 Ferdinandus
1165 3589 1554 3681 secundus,
1606 3588 1740 3662 Dei
1783 3588 2014 3662 Gratia
2047 3586 2442 3683 Hungariae
2487 3596 2557 3661 et
2589 3586 2965 3661 Bohemiae
3001 3583 3183 3674 Rex,
3236 3583 3601 3657 Archidux
3633 3585 3807 3655 Au·-

468 3695 707 3783 striae,
742 3692 905 3767 Dux
929 3692 1394 3787 Burgundiae.
1424 3693 1726 3789 styriae,
1758 3691 2172 3776 Carintbiae,
2206 3690 2618 3781 Carnioliae,
2643 3687 3252 3783 thrtembergae,
3308 3690 3693 3785 superioris
3744 3699 3816 3762 et

461 3793 812 3871 inferioris
849 3796 1172 3889 silesiae,
1208 3796 1518 3869 Marchio
1534 3794 1920 3888 meraniae,
1959 3799 2334 3891 superioris
2374 3805 2444 3867 et
2476 3795 2823 3869 inferioris
2856 3792 3203 3882 Lusatiae,
3243 3789 3498 3866 Comes
3524 3791 3810 3891 Tyrolis

464 3908 538 3970 et
589 3896 915 3973 Goritiae.
970 3899 1349 3998 Memoriae
1406 3899 1965 3974 commendamus
2020 3910 2090 3973 et
2139 3909 2372 3972 notum
2421 3897 2739 3987 facimus,
2811 3895 3052 3993 quibus
3106 3895 3388 3990 expedit
3437 3898 3811 3970 vninersis.

465 3999 692 4088 Quod,
717 4023 901 4075 >‚cuni
937 4024 1066 4075 nos
1094 4002 1429 4076 'Generali
1464 3993 2008 4098 Congregationi
2059 4001 2476 4098 Inclytorum
2525 4002 2831 4075 statuum
2871 4011 2940 4073 et
2974 3999 3300 4074 Ordinum
3336 3997 3569 4093 Regni
3605 4000 3811 4073 Hun-

462 4108 703 4198 gariae
738 4116 812 4178 et
849 4104 1146 4178 Partium
1202 4110 1267 4178 ei
1316 4128 1768 4196 annexarum,
1824 4105 2181 4180 exedicto
2236 4106 2497 4179 Sacrae
2537 4104 2930 4179 Caesareae
2964 4101 3371 4199 Regiaeque
3424 4102 3809 4178 Maiestatis

462 4206 799 4282 Patruelis
851 4218 923 4282 et
958 4208 1179 4282 Patris
1232 4213 1450 4284 nostri
1505 4207 2096 4284 obseruantissimi
2148 4208 2236 4281 ad
2266 4219 2598 4304 xquartum
2653 4209 2833 4282 diem
2886 4210 3201 4302 proxime
3253 4210 3564 4303 preteriti
3601 4230 3809 4282 men-

463 4313 562 4383 sis
614 4310 838 4383 Martii
884 4316 952 4386 in
995 4311 1284 4386 Ciuitate
1336 4312 1748 4387 Posoniensi
1799 4313 2156 4387 vltimatim
2208 4313 2708 4408 promulgatae,
2763 4333 2859 4384 ex
2892 4310 3190 4405 benigna
3244 4310 3557 4384 eiusdem
3618 4311 3808 4384 Cae-

464 4435 715 4487 sareae
740 4414 1119 4490 Maiestatis
1153 4416 1511 4490 voluntate
1555 4438 2066 4511 praeessemus.
2121 4414 2471 4511 Iidemqne
2507 4415 2739 4492 status
2776 4425 2847 4488 et
2881 4413 3175 4489 Ordines
3214 4414 3545 4510 praedicti
3583 4414 3806 4509 Regni

462 4516 860 4612 Hungariae
899 4542 985 4592 ac
1019 4519 1318 4593 Pal-tium
1372 4522 1441 4593 ei
1478 4542 1908 4593 annexarum
1964 4543 2060 4592 ex
2096 4520 2422 4613 singulari
2478 4530 2547 4592 et
2597 4529 2879 4616 paterna
2918 4516 3106 4591 suae
3143 4516 3540 4592 Caesareae
3577 4517 3806 4591 Maie-

463 4626 660 4695 statis
714 4644 884 4717 ergs
938 4644 1069 4696 nos
1104 4620 1587 4696 beneuolentia
1647 4633 1719 4695 et
1769 4645 2007 4696 amore
2053 4622 2202 4698 Nos
2254 4626 2323 4697 in
2361 4621 2655 4696 futurum
2710 4626 3011 4719 ipsorum
3052 4621 3396 4695 dominum
3431 4632 3503 4694 et
3538 4622 3801 4716 Regem

462 4727 770 4798 vuanimi
840 4748 1186 4801 consensu
1259 4730 1386 4800 rite
1458 4726 1869 4820 elegissent,
1951 4737 2208 4799 extunc
2281 4726 2486 4800 iidem
2559 4725 2792 4802 status
2866 4736 2935 4800 et
2988 4725 3280 4800 Ordines
3331 4724 3564 4820 Regni
3623 4735 3800 4798 certa

462 4828 802 4922 quaedam
856 4833 1255 4923 grauamina
1316 4834 1621 4927 ipsorum
1678 4828 2035 4926 praefatae
2073 4829 2467 4904 Caesareae
2501 4828 2905 4926 Regiaeque
2943 4828 3280 4905 Maiestati
3333 4840 3492 4903 ante
3531 4828 3799 4901 felicem

462 4929 995 5005 Coi-ouationem
1034 4943 1339 5007 nostram
1380 4932 1508 5008 sub
1550 4938 1897 5029 praesenti
1924 4933 2169 5007 Diaeta
2211 4937 2399 5007 iuxta
2439 4934 2752 5031 Diploma
2790 4931 3100 5007 eiusdem
3139 4931 3534 5007 Caesareae
3573 4932 3803 5005 Maie-

463 5039 660 5110 statis
713 5035 1080 5133 praedictis
1133 5034 1436 5113 statibus
1498 5036 1724 5110 datum
1780 5037 2101 5111 effectiue
2164 5037 2465 5111 tollenda
2519 5038 2864 5111 humilime
2915 5042 3420 5133 porrexissent,
3495 5059 3590 5108 ex
3649 5039 3803 5130 qui-

462 5136 591 5211 bus
674 5139 1007 5234 quaedam
1079 5139 1385 5214 statuum
1440 5151 1512 5214 et
1564 5139 1887 5214 Ordinum
1941 5140 2339 5238 Regnorum
2397 5141 2719 5216 Croatiae
2790 5151 2859 5215 et
2911 5139 3325 5215 Sclauoniae
3379 5143 3803 5233 grauamina,

462 5251 701 5337 vtpete
738 5240 1308 5319 Conclusionibus
1348 5243 1859 5320 Viennensibus
1915 5255 1988 5318 et
2021 5246 2172 5320 aliis
2208 5245 2538 5321 Articulis
2574 5245 2929 5319 Annorum
2987 5242 3544 5340 subsequentium
3601 5264 3800 5315 com-

464 5343 840 5437 prehensa,
895 5345 983 5418 ad
1029 5345 1325 5420 debitum
1378 5347 1693 5421 effectum
1748 5369 1976 5443 neque
2027 5371 2156 5446 per
2188 5347 2566 5445 praefatam
2619 5346 3035 5425 Caesaream
3068 5347 3524 5440 Maiestatem,
3581 5370 3801 5445 neque
