3950 5917
138 659 281 715 suo·
324 644 390 713 in
458 637 828 714 eorundem
852 655 863 664 ·
884 633 972 713 ac
1039 638 1501 737 praefatorum
1553 636 2048 713 Universorum
2101 635 2446 711 Nobilium
2496 634 2718 712 Gastri
2783 641 3064 711 maioris
3133 635 3427 711 Kemlek

144 747 515 842 pmaccnpti
565 743 838 833 oblatis,
890 743 1230 818 exauditis
1282 753 1355 818 et
1395 742 1737 833 admissis,
1756 771 1769 784 ’
1790 745 2282 839 possessiones
2335 751 2408 815 et
2457 750 2680 815 terras
2732 743 3032 837 ipsorum
3085 739 3428 818 Nobilium

144 847 639 945 sobbagyonum
690 847 852 922 dicti
904 846 1126 922 Castri
1178 871 1219 920 a
1254 869 1441 922 nexu
1491 853 1564 920 et
1604 848 1779 941 jngo
1832 849 2154 942 omnique
2206 844 2699 919 conditionaria
2753 848 3083 919 servitute
3137 842 3430 939 praefati

150 952 345 1027 Castri
394 962 464 1025 et
514 950 601 1024 ab
652 950 898 1026 eodem
954 949 1199 1026 Castro
1271 950 1664 1040 eximendo,
1736 951 2152 1045 separando,
2223 949 2746 1046 sequestrando,
2816 946 3430 1045 distinquendoque

150 1066 208 1128 et
232 1055 672 1147 removendo,
708 1056 995 1129 eosdem
1029 1055 1315 1130 Nobiles
1338 1053 1732 1130 Universos
1764 1052 2263 1149 Jobbagyones
2319 1051 2728 1128 Casti-enses
2785 1075 3001 1125 verae
3041 1050 3428 1125 Nobilitatis

146 1160 312 1233 titulo
352 1160 808 1254 insigniendo,
878 1163 1298 1255 praemissas
1349 1158 1730 1233 Universas
1782 1167 1854 1230 et
1905 1158 2155 1232 totales
2213 1160 2702 1254 possessiones
2755 1166 2827 1229 et
2891 1165 3117 1230 terras
3186 1165 3428 1231 eorum
3541 1231 3546 1238 ,

148 1261 391 1337 cuilibet
458 1266 761 1359 ipsorum
817 1266 1016 1338 sicuti
1066 1285 1195 1360 pro
1248 1271 1409 1336 tunc
1459 1261 1938 1358 possedissent
1990 1272 2062 1336 et
2111 1265 2177 1335 in
2233 1282 2471 1335 eorum
2523 1260 2843 1334 Dominio
2896 1258 3183 1357 pacifice
3232 1263 3428 1336 extit

146 1370 383 1458 iissent,
434 1388 629 1440 more
682 1389 852 1442 suae
905 1367 1333 1456 Donationis,
1397 1365 1522 1440 sub
1575 1369 1892 1440 sincerae
1944 1364 2327 1441 Nobilitatis
2394 1366 2615 1455 titulo,
2666 1387 2820 1437 cum
2875 1367 3138 1438 cunctis
3190 1371 3426 1440 aarum

144 1469 499 1545 utilitatibus
553 1482 625 1544 et
673 1474 1094 1567 pertiuentiis
1150 1474 1219 1544 in
1275 1471 1648 1544 eorundem
1703 1480 1774 1542 et
1825 1491 2272 1543 succesorum
2326 1491 2600 1543 suorum
2654 1478 3051 1565 perpetuam
3097 1466 3430 1542 baeredi-

144 1585 325 1648 tatem
376 1574 857 1671 adscripsisse,
936 1574 1219 1648 eosdem
1276 1577 1481 1646 etiam
1531 1584 1604 1646 et
1650 1595 1888 1647 eorum
1944 1576 2381 1670 posteritates
2434 1571 2752 1646 omnibus
2791 1573 3199 1668 privilegiis,
3252 1593 3431 1667 gra-

144 1682 259 1766 tiis,
307 1677 853 1766 immunitatibus,
907 1678 1449 1774 exemptionibus
1504 1685 1573 1749 et
1622 1675 2041 1750 libertatibus
2095 1680 2311 1750 instar
2362 1687 2791 1751 caeterorum
2843 1676 3067 1771 Regni
3117 1676 3428 1751 Sclavo·

144 1785 235 1852 nia
281 1803 599 1855 verorum
638 1780 979 1855 Nobilium
1033 1784 1375 1878 perpetuis
1431 1780 1673 1854 futuris
1729 1780 2146 1878 temporibus
2185 1781 2613 1855 Authoritate
2658 1803 2780 1853 sua
2819 1779 3038 1873 Regia
3094 1789 3166 1853 et
3214 1789 3428 1876 pote-—

142 1889 311 1958 statis
358 1886 770 1981 plenitudine
821 1890 944 1972 uti,
996 1885 1130 1958 frui
1173 1897 1243 1959 et
1278 1884 1584 1981 gaudere
1638 1883 1895 1958 debere
1946 1885 2252 1981 plenarie
2306 1886 2712 1959 decrevisse
2765 1893 2837 1958 et
2889 1886 3241 1972 annuisse,
3297 1906 3427 1957 se·-

144 2010 257 2082 que
287 1988 480 2062 iidem
521 1988 807 2063 Nobiles
852 1991 1091 2062 ordine
1126 1999 1679 2086 praenaratarum
1735 1992 2186 2062 communium
2226 1989 2595 2063 earundem
2631 1991 3112 2085 possesionum
3148 1997 3218 2061 et
3252 2010 3429 2084 por-

140 2095 363 2165 tionum
430 2097 1133 2188 possessionariarum
1194 2094 1380 2166 nullo
1444 2087 1961 2166 Contradictore
2018 2102 2455 2189 comparente
2510 2095 2713 2166 statui
2762 2090 3051 2180 fecisse„
3125 2100 3425 2188 expost-

128 2216 257 2290 ·que
301 2196 600 2270 antefato
680 2197 1017 2292 quondam
1070 2197 1365 2270 Domino
1418 2206 1656 2271 nostro
1727 2195 1974 2268 Mathia
2030 2196 2230 2289 Rege
2280 2199 2725 2291 praemissam
2781 2196 3234 2269 Donationem
3307 2195 3426 2268 di·-

144 2303 218 2370 cti
249 2299 583 2394 quondam
617 2298 889 2374 Domini
924 2301 1342 2394 sigismundi
1385 2300 1601 2393 Regis
1650 2299 1912 2373 eisdem
1950 2299 2304 2373 Nobilibus
2357 2299 2635 2374 factam.
2691 2298 2895 2373 modo
2933 2301 3132 2373 simili
3177 2309 3422 2395 patro-

144 2407 317 2475 cinio-
361 2406 702 2500 privilegii
773 2409 879 2478 sui
943 2405 1284 2478 mediante
1360 2402 1734 2478 roborasse
1805 2413 1876 2476 et
1937 2403 2385 2478 confirmasse
2456 2402 2970 2501 reperiebantur
3038 2401 3423 2480 manifeste.

142 2504 394 2602 Propter
468 2509 651 2604 quod
716 2512 1115 2605 praescripti
1167 2507 1449 2581 Nobiles
1518 2507 1823 2582 eiusdem
1880 2509 2240 2582 Districtus
2294 2510 2573 2581 maioris
2626 2506 2914 2580 Kemlek
2984 2509 3234 2602 vigore
3284 2525 3422 2582 ani-

56 2687 57 2698 *
140 2610 366 2684 tefatae
416 2615 873 2709 exemptionis
928 2614 1515 2708 separationisque
1569 2622 1640 2685 et
1709 2615 2274 2706 sequestrationis
2327 2635 2366 2684 a
2422 2614 2846 2708 praescripto
2902 2609 3147 2685 Castro
3199 2610 3424 2685 Ken-

56 2751 57 2800 ;
142 2714 257 2798 leli„
322 2739 451 2789 nec
514 2738 660 2789 non
710 2715 1207 2790 Nobilitationis
1262 2715 1639 2800 eorundem
1685 2714 2053 2804 Nobilium,
2124 2738 2250 2810 per
2307 2717 2452 2808 jam
2515 2714 2728 2789 fatum
2780 2715 3117 2811 quondam
3169 2714 3424 2789 Domi-

141 2839 272 2891 num
300 2819 826 2915 -Sigismundum
880 2819 1147 2914 Regem
1221 2820 1459 2893 ordine
1511 2828 1863 2915 praetacto
1916 2819 2148 2907 factis,
2217 2818 2421 2893 iidem
2474 2818 2758 2893 Nobiles
2813 2824 2879 2891 in
2936 2828 3242 2908 caetum*
3281 2842 3425 2893 nu-

142 2943 365 2995 merum
418 2935 489 2997 et
542 2934 894 2998 catervam
946 2946 1269 2997 verorum
1305 2922 1521 3018 Regis
1559 2933 1629 2996 et
1660 2922 1883 3018 Regni
1935 2922 2276 2997 Nobilium
2330 2926 2838 2998 connumerari
2860 2921 3302 3019 deputarique
3354 2932 3426 2997 et

140 3025 425 3118 adscribi,
504 3028 849 3123 iidemque
922 3026 1207 3102 Nobiles
1278 3050 1493 3101 verae
1563 3026 1943 3100 Nobilitatis
2016 3028 2207 3101 titulo
2277 3031 2397 3118 uti
2476 3026 2610 3100 frui
2661 3036 2733 3100 et
2783 3025 3088 3121 gaudere
3143 3026 3424 3117 debere,

139 3131 415 3223 praefato
470 3132 770 3205 Domino
822 3141 1061 3205 nostro
1114 3131 1466 3205 Vladislao
1519 3131 1697 3225 Regi
1749 3134 1819 3204 in
1871 3129 2115 3203 eadem
2171 3128 2344 3204 sede
2397 3152 2522 3228 pro
2575 3130 2891 3203 tribunali
2940 3129 3290 3206 assidente
3342 3155 3428 3203 ac

136 3229 734 3309 Reverendissimis
802 3238 871 3307 in
922 3233 1196 3308 Christo
1247 3234 1560 3307 Patribus
1612 3235 1921 3307 Dominis
1975 3234 2281 3307 Thomae
2335 3235 2662 3328 Agriensi
2711 3256 2977 3308 summo
3031 3244 3102 3307 et
3153 3235 3423 3316 Secre-

134 3341 281 3411 tario
330 3339 764 3416 Cancellurio
818 3338 1070 3433 Regio,
1123 3338 1428 3412 Osvaldo
1480 3337 1953 3429 Zagrabiensi.,
2006 3336 2369 3411 Valentino
2426 3340 2649 3412 electo
2704 3348 2775 3410 et
2827 3337 3228 3411 confirmato
3263 3336 3423 3408 Va·.-

134 3441 425 3532 radiensi,
477 3442 803 3517 Ladislao
859 3442 1087 3516 Gereb
1139 3442 1644 3539 Transylvano,
1693 3440 1942 3514 Joanni
1979 3440 2500 3536 Vesprimiensi
2557 3443 2906 3539 Stephano
2944 3441 3304 3515 Sirmiensi
3355 3450 3429 3515 et

134 3542 499 3620 Pet-sonatis
577 3550 1012 3641 praesentiae
1091 3547 1397 3620 eiusdem
1476 3546 1750 3618 Domini
1823 3543 2058 3618 Nostri
2126 3544 2342 3639 Regis
2402 3545 2961 3635 Locumteuenti‚
3043 3554 3115 3619 et
3192 3541 3425 3617 Lucae

132 3650 331 3723 electo
378 3652 750 3740 Bosnensi‚
820 3650 1278 3723 Thesaurario
1349 3650 1599 3744 Regio,
1668 3648 2134 3722 Ecclesiamm
2188 3647 2600 3745 Episcopis;
2670 3670 2805 3721 nec
2867 3668 3008 3721 non
3061 3647 3423 3721 Dominico

131 3749 515 3850 Praeposito·
550 3754 866 3844 Albensi,
918 3758 1082 3827 item
1126 3750 1632 3850 spectabilibus
1669 3764 1739 3826 et
1770 3751 2155 3848 Magnificls
2207 3753 2519 3827 Dominis
2573 3751 2923 3847 Stephano
2975 3752 3066 3824 de
3118 3751 3425 3848 Zapolya

133 3852 352 3930 comiti
402 3858 852 3956 Seepusiensi
903 3868 1232 3956 perpetuo
1287 3868 1358 3929 et
1407 3856 1632 3951 Regni
1692 3857 2087 3949 Hungariae
2132 3857 2467 3947 Palatino,
2522 3878 2605 3929 ac
2638 3855 2856 3930 Nobis
2907 3878 3043 3929 nec
3093 3877 3231 3928 nou
3269 3852 3424 3928 Go—

128 3963 246 4032 miti
296 3961 507 4036 Petro
559 3963 648 4036 de
699 3961 915 4036 Bozin
967 3972 1039 4036 et
1095 3963 1187 4035 de
1240 3959 1312 4033 S.
1369 3959 1702 4053 Georgio,
1752 3959 2074 4033 Ladislao
2127 3961 2215 4034 de
2266 3961 2582 4036 Losoncz
2635 3960 3201 4049 Tavernicorum‚
3271 3959 3423 4033 Pe-

122 4071 217 4135 tro
242 4064 465 4140 Gereb
505 4063 594 4139 de
622 4064 954 4160 Vingartb
977 4066 1381 4153 Janitorum,
1416 4063 1943 4137 Bartholomaeo
1985 4063 2278 4161 Dragffy
2309 4065 2397 4138 de
2439 4064 2802 4140 Beltbewk
2838 4063 3422 4138 Cubiculariorun

124 4164 460 4260 Regalium
514 4169 897 4264 magistris,
968 4180 1040 4241 et
1090 4168 1377 4242 Nicolao
1432 4168 1522 4241 de
1574 4167 2003 4258 Hedervuru,
2055 4172 2487 4266 caeterisque
2537 4166 2921 4243 Batonibus
2988 4179 3061 4242 et
3109 4166 3423 4242 eiusdem

126 4267 329 4366 Regni
362 4273 760 4368 Rungariae
793 4271 1147 4346 Nobilibus
1182 4273 1664 4367 magistrisque
1716 4270 2256 4347 Prothonotariis
2308 4282 2381 4345 et
2410 4273 2666 4347 Juratis
2699 4270 3228 4363 Assessoribus,
3260 4270 3421 4346 No-

126 4371 363 4451 biscum
412 4382 485 4452 in
542 4381 861 4451 examine
913 4375 1115 4449 buius
1168 4398 1424 4450 causae
1494 4373 1946 4450 existentibus
1998 4386 2070 4449 et
2116 4378 2186 4449 in
2237 4379 2636 4472 praemissis
2709 4375 2956 4451 diutius
3019 4374 3421 4452 deliberan-

126 4476 284 4554 tibus
351 4485 715 4577 perspicue
784 4478 1212 4554 cernebatur.
1317 4479 1709 4554 Eorundem
1776 4483 1983 4575 igitur
2030 4480 2478 4554 Dominorum
2547 4480 3011 4555 Praelatorum
3065 4491 3139 4555 et
3185 4480 3422 4553 Baro-

124 4602 264 4655 num
315 4583 676 4681 Regnique
726 4583 1092 4674 Nobilium,
1143 4583 1652 4679 Magistrorum,
1713 4583 2414 4674 Prothonotariorum‚
2475 4584 3003 4681 Juratorumque
3054 4584 3421 4660 Assesso-

124 4706 252 4758 rum
330 4700 717 4764 nostrorum
790 4692 1100 4785 quaesito
1171 4699 1242 4761 et
1313 4698 1665 4784 assumpto
1735 4687 2102 4785 superinde
2156 4685 2462 4765 Consilio
2531 4700 2990 4785 praematuro,
3064 4687 3419 4786 praefatos

124 4786 489 4868 Universos
542 4803 612 4865 et
664 4792 973 4888 singulos
1024 4790 1309 4866 Nobiles
1361 4794 1431 4865 in
1483 4796 1904 4888 pertinentiis
1958 4802 2030 4866 et
2061 4792 2386 4867 Districtu
2422 4792 2582 4867 dicti
2619 4791 2843 4867 Castri
2877 4796 3159 4867 maioris
3192 4791 3420 4866 Ken-

124 4891 226 4965 tek
289 4906 792 4970 commorantes
855 4895 1362 4993 eorundemque
1415 4894 1755 4970 haeredes
1810 4906 1881 4969 et
1930 4900 2366 4993 posteritates
2418 4896 2837 4990 Universos‚
2914 4897 3049 4972 illis
3100 4893 3417 4972 omnibus

124 5000 675 5096 exemptionibus
727 4997 1315 5075 Nobilitationibus
1368 5008 1441 5073 et
1501 5000 1654 5074 aliis
1705 4997 2112 5096 quibuslibet
2161 5003 2485 5095 gratiosis
2520 5001 3050 5095 Praerogativis
3082 5023 3211 5098 per
3255 4999 3415 5076 dic·-

125 5108 247 5174 tum
295 5103 633 5200 quondam
685 5102 1047 5177 Dominum
1100 5102 1418 5177 Mathiam
1468 5111 1541 5176 et
1588 5101 2097 5197 sigismundum
2148 5102 2416 5199 Regem
2470 5103 2733 5180 eisdem
2783 5104 3058 5180 indultis
3111 5114 3183 5179 et
3228 5111 3414 5178 con·-

127 5211 356 5298 cessis,
424 5218 739 5306 tanquam
791 5229 1039 5283 veros
1056 5207 1282 5304 Regni
1332 5204 1726 5300 Hu'ngariae
1778 5216 1848 5280 et
1900 5206 2319 5281 sclavoniae
2387 5206 2674 5283 Nobiles
2748 5210 3133 5305 praemisso
3184 5204 3413 5282 Nobi*-

126 5303 311 5386 litatis
386 5312 577 5387 titulo
626 5311 786 5402 frui
854 5311 1160 5408 gaudere
1230 5320 1433 5406 atque
1483 5313 1580 5383 uti
1632 5332 1911 5408 semper
1944 5320 2016 5386 et
2067 5309 2309 5387 futuis
2345 5315 2772 5389 successivis
2823 5311 3242 5409 temporibus
3291 5314 3410 5408 ip·'·⁵

308 5444 530 5513 (ru-1.
562 5445 740 5502 mvn.
771 5453 825 5500 et
855 5445 1076 5515 mm)
2890 5415 2992 5490 42
