3950 5917
3331 444 3498 526 ³1⁰1

1562 962 2098 1049 LXXIX.

1414 1254 1623 1343 A'mw
1684 1268 1923 1341 1324.
2006 1270 2244 1342 Cce'n‘e‘.

134 1524 677 1632 Timolaus,
740 1532 1060 1608 totius
1123 1524 1679 1609 Slavoniae
1738 1528 2102 1634 Banna,
2178 1530 2698 1634 generalis
2765 1530 3497 1637 congregatio-

146 1668 303 1746 nis
398 1665 888 1746 nobilium
998 1664 1318 1772 Regni
1431 1666 1971 1747 Slavoniae
2086 1672 2177 1748 et
2273 1666 2900 1747 denariorum
3003 1668 3494 1747 hanalium

1359 1807 1956 1886 mentionem
2029 1805 2303 1884 facit.

466 2072 801 2147 Nicolaus
880 2071 1101 2147 banus
1180 2076 1405 2149 tocius
1482 2072 1883 2163 Sclauonie‚
1965 2096 2205 2149 comes
2286 2071 2776 2170 Sopruniensis
2849 2083 2919 2146 et
2990 2072 3079 2145 de
3149 2064 3491 2163 Kaminim

144 2176 428 2250 dilectis
510 2175 643 2249 sibi
720 2176 1036 2252 omnihus
1114 2199 1406 2273 presens
1486 2179 1812 2273 scriptum
1888 2178 2300 2274 inspecturis
2382 2178 2669 2252 salutem
2722 2179 2793 2249 in
2847 2175 3085 2250 salutis
3166 2186 3495 2249 amatore.

146 2276 321 2353 Cum
392 2279 697 2353 humane
770 2284 1015 2354 mentis
1087 2280 1521 2355 discrecione
1590 2291 1934 2377 repertum
2010 2291 2143 2371 est,
2225 2290 2302 2353 vt
2355 2302 2439 2351 ea
2512 2303 2646 2376 que
2718 2288 3011 2373 aguntur
3060 2282 3131 2351 in
3184 2282 3255 2351 in
3309 2281 3495 2372 (sic)

146 2392 501 2478 tempore,
574 2406 665 2456 ne
719 2405 927 2457 cursu
978 2393 1360 2479 temporum
1415 2383 1775 2474 elidantur,
1851 2385 2228 2456 litterarum
2306 2386 2698 2457 testimonio
2780 2383 3007 2456 solent
3086 2381 3499 2455 confirmari.

149 2482 454 2559 Proinde
509 2485 598 2557 ad
652 2490 1138 2560 vniuersorum
1190 2497 1329 2559 tam
1380 2490 1817 2584 presencium
1871 2509 2073 2582 quam
2126 2485 2505 2560 futurorum
2569 2488 2892 2561 noticiam
2961 2485 3252 2558 thenore
3322 2508 3496 2582 pre-

148 2591 467 2663 sencium
523 2588 765 2661 harum
810 2593 995 2664 serie
1048 2590 1362 2664 uolumus
1414 2594 1808 2687 peruenire,
1862 2590 2045 2685 quod
2081 2587 2330 2663 nobilis
2366 2594 2477 2663 vir
2530 2593 2858 2682 magister
2889 2586 3220 2679 Jacobns‚
3278 2589 3499 2661 dictus

150 2714 435 2788 paruus,
498 2695 573 2765 in
627 2690 1188 2787 Congregatione
1236 2702 1471 2768 nostra
1522 2694 1861 2787 generali,
1928 2715 2127 2789 quam
2181 2716 2320 2766 vna
2375 2715 2531 2766 cum
2602 2690 2940 2766 nobilibus
3011 2694 3211 2786 regni
3283 2690 3498 2764 Scla-

22 2836 23 2841 =
152 2800 379 2885 maie,
470 2795 783 2869 secunda
837 2794 1039 2887 feria,
1095 2818 1189 2869 ex
1239 2806 1569 2893 precepto
1624 2806 1694 2869 et
1747 2796 2066 2870 mandato
2148 2795 2403 2869 domini
2482 2799 2700 2870 nostri
2773 2795 3008 2868 Karoli
3089 2795 3202 2868 dei
3256 2796 3494 2889 gracia

152 2898 431 2973 innuis
486 2898 712 2993 Regis
765 2898 1151 2994 Hungarie‚
1223 2900 1541 2973 duximus
1615 2899 2139 2989 celebrandam3
2208 2903 2278 2971 in
2329 2898 2576 2972 eadem
2631 2896 3205 2994 congregacione
3259 2909 3496 2973 nostra

22 2998 23 3055 ἶ
155 3001 500 3098 predIctns
542 3005 876 3095 magister
919 3002 1224 3078 Jacobus
1271 3001 1725 3099 suprodictus‚
1779 3001 2088 3076 exhibuit
2138 3002 2340 3078 nobis
2392 3004 2654 3074 litteras
2710 3003 3175 3099 priuilegiales
3213 3000 3499 3075 Andree

22 3156 23 3159 π
158 3105 496 3201 quondam
553 3104 772 3200 Regis
826 3106 1203 3200 Hungarie‚
1283 3114 1356 3178 et
1407 3103 1693 3203 Capituli
1764 3104 2258 3180 Chazemensis
2331 3106 2661 3196 ecclesie,
2730 3108 2800 3179 in
2857 3104 3096 3201 quibus
3169 3108 3502 3202 conperi-

162 3229 319 3297 mus„
378 3208 575 3305 quod
629 3213 993 3304 possessio
1042 3207 1356 3283 Chanow
1407 3220 1687 3298 vocata,
1741 3211 1810 3280 in
1847 3212 2171 3282 comitatu
2226 3205 2582 3305 Grysiensi
2635 3212 2974 3297 existens,
3028 3231 3154 3304 per
3206 3207 3499 3281 eundem

158 3316 523 3410 emptionis
586 3313 780 3385 titulo
835 3336 961 3408 per
1009 3312 1355 3386 Matheum
1408 3313 1617 3386 filium
1652 3311 1923 3385 Nicolai
1975 3312 2091 3405 filij
2146 3312 2323 3385 Juan
2375 3311 2682 3408 predicto
2738 3334 2996 3408 paruuo
3046 3308 3312 3384 Jacobo
3366 3334 3490 3407 pro

154 3419 647 3513 quinquaginta
691 3419 945 3488 marcis
998 3417 1434 3490 denariorum
1485 3415 1827 3489 banalium
1853 3416 1939 3509 *)
1996 3416 2337 3489 uenditam
2389 3415 2608 3490 fuisse
2663 3413 3204 3489 irreuocabiliter
3249 3424 3319 3487 et
3352 3417 3501 3486 iure

150 3530 485 3617 perpetuo
547 3517 1056 3614 possidendam.
1128 3518 1330 3592 Vnde
1384 3542 1539 3592 cum
1591 3541 1723 3593 nos
1775 3521 2039 3591 litteras
2091 3522 2508 3616 proscriptas
2561 3541 2700 3592 non
2755 3516 3069 3609 abrasas,
3121 3540 3262 3591 non
3319 3539 3500 3591 can-

154 3624 467 3712 collatas,
524 3644 662 3695 nec
712 3624 782 3696 in
839 3622 1063 3719 aliqua
1115 3633 1348 3720 partes
1403 3625 1587 3715 (sic)
1644 3626 1750 3696 sui
1786 3626 2098 3719 corporis
2151 3625 2442 3698 viciatas
2496 3627 2982 3720 comperimus,
3035 3646 3171 3697 nec
3206 3622 3502 3719 aliquem
3540 3636 3546 3641 ·

156 3725 739 3800 contradictorem
820 3735 1061 3799 contra
1133 3727 1397 3800 litteras
1451 3727 1913 3822 priuilegiales
1992 3729 2209 3824 ipsius
2289 3730 2599 3823 magistri
2675 3724 2921 3801 Jacobi
3001 3726 3501 3801 adinvenimus.

152 3828 482 3904 Preterea
566 3829 947 3924 predictam
1023 3832 1548 3926 possessionem
1630 3826 1942 3905 Chanow
2019 3841 2368 3922 vocatam,
2452 3854 2606 3905 cum
2662 3834 2846 3905 omni
2920 3830 3339 3930 plenitudine
3395 3829 3503 3904 sui

153 3934 341 4025 iuris,
427 3937 614 4005 sicut
663 3935 880 4028 prius,
950 3935 1055 4005 sic
1107 3943 1179 4007 et
1228 3955 1436 4024 nunc,
1487 3933 1797 4030 predicto
1851 3937 2181 4027 magistro
2235 3932 2503 4006 Jacobo
2581 3938 2988 4010 auctoritate
3066 3937 3505 4032 presencium

154 4034 478 4111 duximus
533 4034 1022 4127 roborandam,
1077 4045 1148 4110 et
1199 4039 1422 4111 eciam
1475 4035 2038 4128 confirmandam,
2088 4046 2290 4134 prout
2340 4039 2410 4108 iu
2457 4033 3016 4133 Congregatione
3068 4046 3307 4113 nostra
3360 4059 3503 4130 ge-

152 4140 403 4230 nerali,
474 4161 617 4214 vna
673 4162 831 4212 cum
879 4136 1219 4213 nobilibus
1271 4138 1499 4233 Regni
1550 4138 1923 4213 Sclauonie
1975 4143 2048 4213 in
2103 4136 2328 4214 Crisio
2381 4143 2595 4213 tercia
2649 4140 2824 4213 feria
2892 4150 3051 4214 ante
3119 4140 3501 4236 quindenas

156 4240 540 4339 Epiphanio
594 4241 851 4317 domini
904 4240 1279 4333 celebrata,
1332 4244 1716 4319 discursum
1770 4245 2032 4317 exstitit
2080 4241 2245 4316 illud
2296 4240 2500 4315 idem.
2582 4243 2829 4317 Datum
2883 4247 2956 4318 in
3005 4239 3229 4317 Crisio
3280 4245 3502 4317 tercia

158 4343 331 4419 [αἱ.
383 4356 550 4421 ante
604 4344 988 4442 quindenas
1039 4345 1417 4445 Epiphanio
1472 4346 1747 4421 domini.
1801 4347 2011 4421 Anno
2065 4346 2322 4421 domini
2371 4345 2465 4421 Μ.
2520 4341 2603 4419 0⁰
2633 4341 2716 4419 G·
2747 4342 2846 4420 0⁶·
2901 4346 3038 4420 XX
3088 4356 3354 4444 quarto.

1678 4527 1791 4622 (ι.
1867 4527 1984 4621 S.)

160 4754 427 4826 w
456 4757 686 4814 nan-br.
717 4757 777 4810 in
812 4754 1058 4812 Archino
1092 4757 1337 4811 Familiae
1369 4756 1536 4812 Ferie.
1571 4756 1875 4826 Zagnbiae.

269 5422 3352 5499 ’ju-nunbmnmnnmbfflnhptmnufflouffiunuoefflmuaefflom
