3950 5917
5 2545 13 2844 l

6 3023 8 3154 l

3295 429 3441 502 461

127 631 424 699 ctionem
480 627 918 722 applicentur.
1029 625 1393 701 Caeterum
1467 639 1719 719 autem,
1793 629 2127 723 siquidem
2183 634 2437 724 pariter
2507 635 2576 703 in
2631 631 2941 705 Partibus
2994 633 3450 706 Transcolla-

124 733 370 826 pinnis,
428 728 511 801 ad
544 728 1067 802 Constitutivum
1126 729 1499 803 Comitatus
1555 733 2088 805 Szeverinensis
2146 732 2550 825 designatis,
2603 757 2687 806 ac
2744 736 2941 807 linem
2998 741 3065 808 in
3121 759 3277 812 eum
3323 759 3453 831 per

130 831 535 905 Comitatum
589 832 1128 925 Zagrabiensem
1182 835 1642 926 resignandisq⁸
1696 836 2193 908 inclavationes
2242 835 2569 908 Militares
2621 843 3113 931 praeexistant,
3169 839 3253 910 ad
3321 839 3448 913 bas

128 939 372 1023 etiam,
453 939 518 1006 in
603 946 932 1030 quantum*
988 936 1257 1007 Partem
1329 937 1831 1009 Jurisdictionis
1884 938 2333 1012 Provincialis
2408 942 2855 1033 respicerenn
2938 965 3023 1012 ac
3103 939 3190 1013 ob
3272 941 3451 1013 banc

125 1041 368 1133 ipsam,
403 1037 698 1110 Causam
770 1038 1083 1110 recidere
1140 1038 1494 1128 deberent.J
1577 1064 1672 1112 ex
1723 1045 1991 1131 integro
2048 1041 2410 1128 tollendas,
2475 1064 2590 1113 res
2643 1047 2924 1136 praevie
2978 1066 3102 1138 per
3154 1045 3447 1116 localem

128 1139 728 1226 commissionem,
787 1141 1245 1213 emittendos
1302 1147 1548 1236 quippe
1605 1143 2156 1229 Commissarios,
2217 1143 2488 1215 uberius
2543 1148 2995 1238 investigetur
3048 1157 3117 1217 et
3176 1145 3449 1239 Cogni-

126 1247 316 1316 tione
373 1267 605 1315 earum
663 1244 966 1333 obtenta,
1022 1245 1263 1316 modus
1319 1246 1901 1331 accommodatus„
1957 1268 2190 1316 earum
2231 1250 2492 1333 intuitu,
2547 1252 2920 1322 occasione
2976 1249 3217 1320 eadem
3274 1271 3450 1342 pro-

125 1355 438 1442 ponatur.
547 1345 745 1432 Quod
800 1369 971 1418 vero
1030 1347 1488 1418 modalitatem
1545 1348 2021 1419 effectuandae
2075 1352 2297 1419 omnis
2370 1348 2569 1440 hujus
2625 1351 2977 1445 Benignae
3031 1350 3445 1423 Resolutio-

127 1452 233 1521 nis
293 1452 566 1520 attinet:
642 1449 1081 1543 praeiudicati
1137 1461 1369 1544 portus
1425 1451 1740 1538 Buccari,
1794 1452 2209 1523 Buccaricza
2266 1462 2335 1522 et
2386 1452 2821 1540 Porto-Rae,
2873 1477 3007 1525 nec
3059 1476 3196 1526 non
3252 1454 3444 1526 Bona

130 1552 532 1624 Buccaranu
592 1551 1110 1624 Commercialiu
1161 1579 1291 1643 per
1344 1554 1617 1623 Statum
1672 1556 2075 1641 Melum-em,
2132 1564 2204 1623 iu
2258 1564 2587 1646 qnantum
2650 1562 2721 1625 in
2776 1558 3019 1628 horum
3067 1579 3450 1647 possesso-

126 1663 238 1726 rio
312 1663 479 1725 actu
552 1664 1167 1736 constituerentur„
1242 1678 1407 1728 mox
1461 1667 1530 1727 et
1600 1660 1764 1728 citra
1825 1656 2240 1742 dilationem,
2322 1668 2523 1750 atque
2578 1658 2753 1730 adeo
2827 1662 3110 1753 primum
3168 1669 3238 1730 et
3291 1669 3450 1731 ante

128 1759 357 1829 omnia
412 1757 877 1829 Jurisdictioni
931 1758 1369 1842 Provincialiq
1447 1782 1530 1829 ac
1583 1762 1653 1830 in
1708 1759 1957 1851 Specie
2016 1757 2466 1831 Gubernatori
2521 1770 2757 1833 nostro
2810 1761 3256 1847 Fluminensi‚
3314 1784 3448 1854 qua

128 1860 332 1933 simul
389 1861 876 1932 Commissario
959 1870 1195 1932 nostro
1268 1861 1554 1932 Politico
1628 1871 1696 1932 et
1753 1861 2116 1945 Camerali„
2200 1865 2658 1953 resignentur‚
2740 1865 3142 1935 intermedio
3225 1873 3451 1935 autem

128 1973 469 2057 tempore,
546 1964 767 2057 quoad
824 1966 1133 2035 nimirum
1192 1964 1495 2035 Militat-is
1551 1965 1781 2034 Status
1836 1963 2281 2057 aequivalens
2354 1987 2547 2035 suum
2605 1964 2930 2052 obtineat,
3012 1966 3166 2038 huic
3219 1966 3447 2038 dece-

129 2065 378 2138 dentes
450 2069 654 2137 annui
724 2075 1098 2159 proventus
1157 2089 1250 2135 ex
1303 2069 1571 2137 aerario
1630 2065 1969 2137 Camerali
2039 2064 2516 2154 bonificentur‚
2591 2071 2843 2162 pariter
2896 2068 3054 2139 dein
3109 2068 3193 2139 ad
3257 2071 3452 2141 resi-

129 2171 527 2260 gnationem
588 2179 658 2239 et
707 2172 1171 2261 receptionem
1229 2167 1536 2241 Civitatis
1591 2180 1661 2240 et
1713 2168 1946 2239 Pontis
2004 2168 2603 2257 Carlostadiensis‚
2677 2173 3243 2265 excisionemque
3295 2169 3449 2241 Po-

130 2273 326 2362 merij
385 2270 634 2341 ibidem
680 2271 765 2342 ad
807 2269 1193 2342 fortalitium
1250 2294 1372 2365 pro
1430 2271 1661 2342 usibus
1707 2270 2103 2342 Militaribus
2159 2276 2563 2359 necessarii,
2620 2295 2786 2344 mox
2840 2274 3272 2367 procedatur..
3330 2284 3449 2344 at-

128 2396 265 2468 que
337 2376 442 2445 sic
496 2374 791 2456 demum,
871 2384 1229 2468 postquam
1285 2375 1513 2445 Status
1569 2374 1875 2445 Militaris
1947 2374 2515 2467 praedesignatos
2567 2374 2813 2447 Portus
2878 2387 2948 2447 et
2999 2376 3188 2447 Bona
3245 2374 3449 2447 Civi-

130 2485 478 2570 tatemque
534 2474 1157 2549 Carlostadiensem
1229 2487 1296 2549 et
1347 2477 1629 2549 Pontem
1701 2480 2184 2569 resignaverit,
2258 2486 2485 2548 attunc
2539 2500 2580 2549 e
2633 2477 2974 2570 Vestigio,
3048 2482 3448 2574 quorumvis

130 2578 574 2652 Districtuum
614 2590 684 2650 et
721 2578 1095 2672 Corporum
1150 2583 1269 2650 in-
1324 2589 1393 2650 et
1432 2583 1878 2675 excorporari
1930 2584 2337 2650 intentorum
2393 2583 2461 2652 in
2516 2602 2856 2654 concursu
2909 2585 3454 2675 respectivarum

126 2681 717 2765 Jnrisdictionum,
803 2682 1282 2776 Deputatorutn
1367 2686 1528 2754 itcm
1600 2706 1695 2754 ex
1749 2682 2307 2775 Congregatione
2355 2682 2485 2754 bac
2554 2681 2779 2774 Regni
2850 2684 3451 2772 emittendorum,

132 2784 620 2878 suscipiendae
677 2783 1177 2879 Conscriptioni
1257 2795 1327 2856 et
1379 2788 1857 2872 aestimationi,
1931 2787 2130 2877 juxta
2212 2784 2516 2857 rubricas
2592 2796 2878 2860 eatenus
2946 2790 3058 2858 via
3116 2784 3453 2859 Gamerae

132 2897 418 2960 nostrae
472 2887 738 2979 Regiae
792 2888 1527 2980 Hungarico-Aulicae
1582 2889 2006 2976 indicandas,
2084 2912 2167 2959 ac
2219 2891 2610 2983 respective
2665 2889 2822 2976 illis.,
2896 2912 3072 2982 quae
3141 2900 3454 2984 tempore

133 3000 529 3086 postremae
585 2994 1176 3084 excorporationis
1232 2989 1801 3076 observabantur,
1857 2990 2505 3080 accommodandas,
2541 3013 2781 3064 manus
2832 3014 2920 3064 eo
2957 2993 3163 3065 modo
3200 2993 3455 3064 admo-

134 3101 407 3182 veatur,
479 3102 553 3164 ut
621 3096 811 3165 initio
895 3092 1382 3166 Commissario
1436 3105 1674 3166 nostro
1747 3092 2424 3166 Politico-Camerali
2494 3116 2666 3189 opus
2738 3095 2898 3166 illud
2979 3096 3448 3169 manuducere

134 3194 460 3283 debente,
514 3196 697 3267 idem
734 3195 1272 3291 Conscriptionis
1312 3208 1382 3268 et
1418 3197 1909 3269 aestimationis
1963 3193 2185 3283 labor,
2239 3207 2489 3291 expost
2525 3218 2650 3292 per
2686 3197 3191 3290 subdelegatos
3231 3195 3456 3269 Com-

136 3301 526 3385 missarios,
599 3301 669 3370 in
722 3297 927 3370 finem
979 3300 1529 3371 accellerationis
1583 3298 1668 3369 ad
1725 3297 1894 3369 duas
1948 3298 2302 3370 distinctas
2353 3298 2595 3373 Partes
2645 3303 3097 3386 continuetur,
3153 3320 3288 3391 quo
3345 3302 3455 3370 sic

135 3411 384 3497 postea
440 3400 660 3472 finalis
706 3411 1057 3489 tractatus,
1115 3401 1201 3473 de
1258 3401 1546 3494 qualiter
1599 3400 1966 3472 obtinendo
2030 3403 2543 3495 proportionato
2595 3400 3205 3496 Proprietariorum
3257 3399 3453 3472 Bona
3527 3424 3538 3435 ·

134 3503 281 3578 Sua
337 3504 860 3598 excorporanda
917 3505 1383 3576 dimittentium
1438 3503 1923 3599 aequivalenti,
1996 3525 2129 3575 nec
2180 3524 2317 3574 non
2399 3505 2466 3574 in
2522 3503 2865 3597 Specilico
2947 3508 3151 3575 etiam
3223 3501 3450 3596 quoad

136 3607 539 3680 reluitiones
593 3629 678 3678 ac
740 3606 1244 3701 redemptiones
1300 3607 1850 3679 determinandas
1906 3609 1972 3678 in
2010 3616 2233 3678 mutua
2289 3609 2832 3700 respectivorum
2893 3616 3279 3678 nostrorum
3317 3605 3456 3677 Di·-

133 3712 588 3783 casteriorum
642 3710 1042 3782 Aulicorum
1097 3715 1609 3783 concertatione
1665 3713 1947 3799 assumi,
2022 3709 2266 3782 discuti
2318 3717 2389 3781 et
2440 3709 2749 3802 Benigno
2821 3719 3060 3781 nostro
3116 3709 3456 3781 determi-

138 3815 259 3886 nio
323 3810 663 3886 substerni
715 3814 1013 3886 valeant.

454 3915 530 3987 In
597 3915 1035 3988 cohaerentia
1110 3926 1331 3987 autem
1403 3915 1643 3987 borum
1697 3913 2076 3988 Urbarialia
2129 3913 2413 3987 Telonia
2485 3918 2555 3986 in
2608 3914 2682 3988 S.
2754 3913 3009 3987 Cosmo
3083 3926 3152 3986 et
3201 3914 3459 3986 Fusiue

132 4022 209 4092 in
263 4022 473 4113 priori
515 4018 906 4113 Systemate
959 4020 1492 4113 praeexistentia
1550 4039 1714 4090 mox
1769 4027 2073 4104 cessent,
2129 4021 2194 4088 in
2252 4018 2542 4090 Buccari
2594 4028 2820 4091 autem
2875 4041 2968 4091 ex
3014 4017 3244 4090 officio
3281 4016 3461 4089 Tel-

132 4123 305 4195 lonii
340 4120 714 4194 Urbarialis
769 4121 885 4193 fiat
936 4119 1211 4193 finitima
1251 4122 1468 4194 Statio
1506 4120 1998 4207 Tricesimalis,
2050 4120 2358 4193 Flumine
2408 4144 2614 4216 porro
2671 4121 2966 4196 officium
3007 4121 3186 4217 quod
3240 4143 3458 4215 prae-

135 4226 376 4299 existit
426 4224 727 4296 Bancale
800 4226 1368 4319 (manipulatione
1439 4226 1591 4316 ejus
1664 4234 1981 4319 respectu
2039 4228 2366 4296 mercium
2419 4234 2490 4296 et
2559 4225 3042 4318 productorum
3117 4228 3186 4297 in
3241 4234 3310 4296 et
3363 4246 3462 4296 ex

141 4327 496 4419 Hungaria
553 4330 968 4399 venientium
1025 4329 1420 4419 cessatura)
1476 4327 2066 4422 manipulationem
2124 4330 2324 4398 etiam
2378 4325 2800 4400 Tricesimae
2838 4328 3274 4422 Hungaricae
3318 4326 3459 4399 ba·-

142 4429 335 4517 beat,
388 4440 461 4503 et
511 4431 783 4526 quidem
838 4452 1054 4525 usque
1107 4429 1263 4502 dum
1319 4451 1502 4504 nova
1556 4430 1805 4502 Tarlffa
1877 4430 2241 4521 vectigalis
2294 4429 2667 4522 Hungarici
2736 4430 3151 4520 elaboretur,
3231 4432 3458 4503 veteri

139 4534 470 4626 vectigali
524 4533 1199 4620 accommodandam„
1258 4533 1666 4606 Carlostadii
1717 4534 1987 4606 demum
2042 4532 2416 4605 Tricesima
2473 4532 2794 4629 Capitalis
2868 4538 2936 4606 in
2996 4533 3218 4607 forma
3271 4533 3460 4605 dun-

136 4646 334 4709 taxat
386 4635 850 4730 depositoriali
901 4658 1027 4708 seu
1075 4635 1405 4729 Legstadt
1459 4647 1873 4732 permaneat.
1968 4635 2122 4709 Non
2177 4633 2574 4710 absimiliter
2625 4635 2927 4729 benigne
2979 4636 3178 4710 nobis
3234 4639 3462 4708 visum

138 4749 279 4832 est,
359 4749 677 4834 respectu
751 4743 951 4810 etiam
1003 4737 1459 4825 Constitutivi,
1544 4740 1776 4814 Status
1854 4744 2017 4813 item
2074 4738 2463 4812 Personalis
2537 4748 2608 4811 et
2677 4740 3028 4813 Salarialis
3084 4737 3462 4813 Comitatus

141 4843 681 4916 Szeverinensis
734 4842 801 4913 id
859 4843 1249 4914 Clementi·
1314 4844 1715 4915 resolvere:
1800 4854 1872 4914 ut
1925 4843 2156 4915 Status
2208 4842 2476 4936 quidem
2532 4842 2882 4915 Salarialis
2938 4866 3022 4915 ac
3077 4848 3277 4915 etiam
3333 4865 3460 4936 pro

140 4949 358 5043 prima
413 4946 545 5016 bac
599 4949 756 5017 vice
811 4945 1205 5017 Personalis
1262 4946 1649 5017 officialium
1704 4949 1771 5018 in
1827 4948 1960 5018 hoc
2016 4944 2347 5017 Comitatu
2405 4947 2547 5034 ille,
2617 4948 2730 5039 qui
2781 4945 3124 5037 Majestati
3179 4957 3463 5018 nostrae

142 5071 274 5146 per
327 5047 1477 5135 Gubernatorem>Fluminensems
1509 5072 1639 5141 qua
1694 5072 1825 5120 una
1882 5071 2060 5120 nunc
2115 5049 2273 5119 dicti
2328 5045 2702 5121 Comitatus
2756 5049 3159 5143 Supremum
3216 5046 3463 5119 Comi-

148 5162 290 5226 tem
365 5162 434 5224 et
508 5151 803 5246 alioquin
876 5151 962 5223 ad
1017 5161 1237 5223 actum
1310 5153 1512 5223 etiam
1584 5150 1765 5223 bunc
1835 5150 2327 5224 efformationis
2381 5161 2447 5223 et
2529 5155 3034 5224 instaurationis
3089 5150 3465 5224 Comitatus

143 5258 345 5330 istius
400 5255 832 5328 Provinciam
881 5252 1284 5344 habentem,
1337 5253 1642 5327 demisse
1694 5257 2085 5349 propositus
2140 5265 2270 5342 est-⁴
2342 5252 2739 5343 stabiliatur,
2801 5277 2939 5348 pro
3008 5263 3161 5348 ipso
3231 5262 3470 5326 autem

150 5359 549 5432 Comitatus
602 5365 1049 5431 constitutito
1101 5357 1495 5430 habeantur
1566 5364 1633 5428 et
1685 5366 1852 5447 sim,
1913 5357 2092 5431 Urbs
2146 5367 2214 5429 et
2269 5359 2525 5429 Portus
2565 5359 3021 5432 Flumineam
3075 5382 3223 5429 cum
3265 5358 3469 5430 Poll-¹
