3950 5917
516 416 690 491 ⁴:412

2028 612 2085 675 A
2137 621 2312 693 teryo
2330 634 2354 674 .-

846 808 1307 895 Reverendis.,
1376 804 1932 895 Honorabilibus,
2005 801 2502 901 spectabilibus
2573 823 2662 875 ac
2728 798 3138 894 magnificis,
3207 795 3595 890 Mag-nificis
3667 798 3840 885 item,

534 917 862 1012 Egregijs
943 924 1014 988 et
1090 911 1440 987 Nobilibus
1510 933 1644 985 uec
1721 932 1861 984 non
1910 906 2359 984 Prudentibus
2426 930 2513 980 ac
2564 903 3092 1001 Circumspectis
3144 901 3229 976 N.
3300 901 3385 976 N.
3458 900 3844 994 Regnoru-

534 1031 951 1100 nostrorum..
1002 1019 1407 1104 Dalmatiae,
1465 1013 1783 1089 Croatiae
1835 1025 1908 1088 et
1952 1013 2371 1087 Sclavouiae
2423 1010 2784 1085 Universis
2837 1007 3137 1082 Statibus
3191 1017 3263 1080 et
3313 1003 3681 1078 Ordinibus
3728 1007 3843 1076 ατο.

535 1123 882 1200 Fidelibus
934 1122 1151 1197 Nobis
1203 1121 1512 1194 Dilectis.

640 1273 647 1278 Ι
1056 1328 1440 1427 Zagrabiae
1494 1326 1605 1400 Ex
1659 1324 1926 1400 Officio.

2044 1529 2153 1620 (L.
2227 1524 2344 1620 S.)

535 1766 685 1837 orig.
719 1768 774 1820 in
810 1765 1036 1819 Archiv«)
1073 1764 1241 1834 Regni
1278 1761 1536 1818 Οτοιῆιο.
1570 1761 1702 1817 Acta
1734 1761 1903 1831 Regni
1938 1756 2413 1828 Congregationun
2447 1771 2497 1808 ι.
2539 1752 2693 1819 1745,
2729 1749 2816 1804 Ur.
2852 1750 2940 1805 30.

1947 2279 2458 2363 CCXLV.

1479 2571 1687 2641 Anno
1746 2567 1986 2640 1745.
2041 2569 2155 2640 die
2218 2566 2282 2639 1.
2345 2567 2539 2640 Juluz
2604 2565 2931 2639 Voennae.

545 2838 1114 2919 Instructio
1195 2859 1237 2911 a
1315 2831 1699 2939 Regina
1762 2832 2063 2912 Maria
2146 2829 2630 2911 Theresia
2691 2827 3018 2910 Marco
3078 2826 3657 2909 Alexandro
3745 2826 3853 2905 ti-

555 2975 798 3054 bero
878 2973 1230 3053 baroni
1313 2969 1900 3077 Pejaoevic,
1998 2968 2542 3050 Comitatus
2605 2966 3222 3071 Syrmiensis
3284 2964 3647 3046 Officii
3706 2989 3854 3044 su-

548 3116 849 3218 premi
913 3110 1332 3192 Comitis
1392 3109 2253 3214 Administratori‚
2341 3119 2745 3211 totoque
2820 3105 3261 3211 eJusdem
3326 3102 3852 3185 Comitatus

1707 3248 2349 3354 Magistratui
2412 3245 2652 3325 data.

860 3494 1075 3569 Maria
1114 3495 1443 3569 Theresia
1488 3495 1619 3569 Dei
1659 3493 1890 3568 Gratia
1942 3494 2210 3588 Regina
2262 3493 2681 3585 Hungariae‚
2733 3490 3137 3579 Bobemiae,
3189 3489 3605 3579 Dalmatiae,
3641 3485 3854 3562 Croa-

547 3604 687 3674 tiae
741 3605 806 3673 dc
878 3600 1322 3688 Sclaveniae,
1391 3600 1607 3673 Archi
1658 3599 1820 3672 Dux
1870 3599 2224 3685 Austriae,
2302 3596 2463 3669 Dux
2535 3595 2993 3690 Burgundiae,
3058 3590 3495 3682 Brabantiae,
3573 3593 3855 3688 styriae,

548 3704 940 3779 Carintbiae
995 3709 1060 3776 dc
1117 3703 1529 3793 Carnioliae.,
1585 3702 1841 3775 Comes
1891 3702 2278 3789 Flandriae,
2330 3701 2605 3798 Tyrolis
2660 3705 2725 3773 dc
2779 3697 3109 3788 Goritiae,
3163 3708 3363 3793 nupta
3413 3698 3579 3769 Dux
3611 3694 3853 3770 Lotba-

552 3811 821 3902 ringiae
876 3812 941 3880 dc
992 3807 1210 3898 Burri,
1263 3807 1515 3902 Magna
1571 3807 1729 3878 Dux
1783 3806 2144 3878 Hetruriae
2198 3810 2325 3877 dcc.
2404 3805 2622 3878 Fideli
2674 3813 2914 3878 nostro
2967 3801 3336 3896 Magnifice
3389 3800 3635 3875 Marco
3689 3799 3855 3873 Ale-

553 3912 825 3986 xandro
902 3911 1150 3985 Libero
1231 3911 1485 3984 Baroni
1564 3910 2018 4002 Pejacsevicb
2100 3932 2230 4003 qua
2304 3905 2678 3982 Comitatus
2750 3909 3171 4005 syrmiensis
3261 3897 3485 3978 Officii
3561 3902 3856 4000 Supremi

552 4015 839 4090 Comitis
889 4014 1467 4097 Administratori,
1524 4016 1812 4089 salutem
1867 4012 2260 4087 &Gratiam
2366 4012 2715 4110 Siquidem
2768 4012 2856 4085 ad
2908 4022 3203 4085 mentem
3256 4009 3721 4084 Articulorum
3772 4003 3855 4079 18

552 4125 621 4194 dc
673 4120 776 4192 50
827 4118 1268 4193 Novissimae
1320 4119 1612 4192 Diaetae
1670 4117 1863 4190 1741
1939 4118 2299 4190 Districtus
2355 4116 2609 4213 Syrmii
2663 4121 2728 4189 dc
2799 4114 3145 4189 inferioris
3197 4114 3653 4204 sclavoniae,
3731 4131 3854 4184 ex-

553 4228 777 4320 ceptis
833 4222 1184 4307 Confiniis,
1255 4222 1494 4295 Banali
1548 4227 1613 4294 dc
1663 4222 2076 4294 Provinciali
2144 4221 2539 4314 Regnorum
2593 4219 3001 4309 Dalmatiae,
3072 4218 3392 4292 Croatiae
3445 4222 3513 4290 dc
3569 4217 3853 4291 Sclave-

552 4332 714 4402 niae
764 4327 1228 4422 Jurisdictioui
1283 4330 1730 4422 incorporari,
1784 4326 2076 4421 illosque
2127 4325 2392 4400 incluso
2431 4324 2859 4412 Valkoiensi,
2913 4327 2982 4396 in
3036 4334 3176 4398 tres
3232 4320 3642 4412 ComitatuS,
3691 4318 3851 4416 Syr-

554 4436 892 4506 miensem
947 4440 1206 4529 utpote,
1275 4431 1708 4525 Poseganum
1763 4435 1828 4503 dc
1874 4430 2348 4504 Verticeusem
2406 4428 2745 4502 subdividi
2795 4429 3316 4517 resolvet-mua,
3388 4450 3483 4500 ex
3537 4424 3647 4499 bis
3696 4440 3846 4500 vero

554 4536 1102 4611 Moderationem
1156 4534 1530 4608 Comitatus
1585 4534 2005 4632 syrmiensis
2059 4532 2233 4623 Tibi,
2319 4556 2449 4630 qua
2502 4532 2727 4605 Officii
2797 4536 2933 4626 (uti
3001 4535 3450 4630 praemissum
3493 4531 3656 4622 est)
3724 4526 3848 4600 Su-

556 4644 774 4738 premi
826 4638 1106 4714 Comitis
1178 4662 1302 4736 pro
1374 4642 1641 4712 interim
1695 4638 2247 4712 Administratori
2319 4636 2995 4711 concrediderimus:
3099 4635 3337 4731 Igitur,
3414 4645 3489 4707 ut
3561 4644 3696 4706 tam
3741 4628 3845 4714 Tu,

552 4766 760 4841 quam
833 4747 1073 4840 reliqui
1144 4766 1415 4840 quoque
1487 4741 1799 4836 ejusdem
1854 4740 2228 4815 Comitatus
2283 4739 2660 4831 officiales,
2731 4740 2864 4814 bac
2916 4744 3073 4813 vice
3126 4762 3251 4836 per
3304 4737 3845 4812 Commissiouen

561 4859 867 4924 nostram
942 4848 1260 4942 Regiam,
1340 4847 1428 4921 ad
1505 4850 2123 4942 incorporationem
2201 4845 2664 4942 praefatorum
2735 4844 3175 4918 Districtuum
3242 4843 3844 4930 Limitatiouemque

555 4958 628 5028 dc
679 4953 1178 5048 regulationem
1232 4952 1678 5025 antelaturum
1717 4954 1914 5022 trium
1971 4948 2422 5023 Comitatuum
2476 4972 2630 5022 cum
2684 4949 3037 5046 Deputatis
3092 4948 3424 5020 dictorum
3476 4946 3842 5039 Regnorum

558 5057 652 5132 ad
705 5057 954 5131 faciem
1007 5057 1173 5130 Loci
1227 5059 1543 5153 proxime
1597 5055 2117 5130 descensuram.
2185 5056 2616 5150 provisor-iae
2669 5052 2757 5126 ad
2810 5051 3326 5125 ratificationem
3379 5060 3680 5125 nostram
3729 5044 3843 5115 eli·

556 5161 773 5258 gendi
826 5168 891 5236 dc
962 5160 1442 5250 constituendi,
1519 5156 1914 5232 Muneribus
1971 5163 2037 5231 dc
2088 5156 2350 5232 Officiis
2401 5156 2673 5232 Vestris
2749 5166 2936 5230 tanto
3019 5160 3331 5230 exactius
3410 5150 3843 5233 satisfaciatis,

558 5265 783 5341 Vobis
853 5276 989 5339 tam
1060 5269 1130 5338 in
1185 5263 1544 5339 Communi
1614 5286 1812 5360 quam
1863 5263 2253 5360 particulari
2325 5271 2728 5360 sequentem
2795 5260 3317 5336 Instructionem
3370 5258 3656 5333 dandam
3705 5268 3845 5327 esse

561 5367 911 5456 duximus,
963 5368 1053 5438 Et
1099 5369 1417 5463 quidem:
