3950 5917
17 385 25 634 r
3309 422 3468 498 aar

132 627 229 702 lis
287 626 601 723 profluus
663 634 904 699 nostro
968 628 1253 700 nomine
1323 629 1396 700 in
1461 625 1675 700 fldem
1716 625 2326 723 obedientiamque
2403 627 2618 703 nobis
2653 626 2950 703 debitam
3002 632 3312 726 recipiat,
3393 641 3468 702 et

132 730 297 804 hic
346 732 530 802 actui
577 729 927 824 personali
1001 752 1156 801 cum
1209 734 1599 825 praesentia
1676 734 1969 820 intersit,
2041 732 2377 827 simulque
2429 736 2762 806 universo
2810 732 3063 828 populo
3126 732 3464 806 valachi-

132 833 271 907 «ho
326 842 399 906 et
446 832 701 906 Incolis
753 836 927 905 intra
983 832 1371 929 praedictos
1424 832 1788 907 fluviorum
1844 834 2044 907 Unae
2064 886 2090 924 .,
2163 832 2442 930 Colapis
2496 843 2699 931 atque
2754 835 2926 908 Savi
2974 836 3228 911 limitas
3279 857 3467 909 con-

132 938 415 1022 stitutis,
481 945 722 1009 nostro
799 935 1033 1008 itidem
1082 939 1360 1010 nomine
1431 937 1760 1032 publicari
1829 934 2063 1025 faciat,
2144 938 2392 1011 dictam
2465 960 2631 1012 mox
2682 937 3140 1012 Valachorum
3187 949 3463 1032 gemam

130 1049 489 1135 totamque
552 1039 738 1111 illam
799 1037 1313 1134 praedefinitam
1363 1039 1625 1113 Terrae
1670 1040 1970 1136 plagam,
2038 1063 2134 1111 ex
2184 1061 2365 1113 nunc
2419 1040 2773 1137 deinceps„
2840 1041 3080 1137 quoad
3158 1042 3465 1117 Jurisdi-

135 1143 459 1216 dionalia
514 1151 588 1215 et
638 1139 883 1215 Civilia
937 1146 1224 1238 quaevis
1279 1165 1364 1215 ac
1399 1140 1787 1239 spiritualia
1837 1143 2230 1216 immediate
2281 1143 2531 1237 Regno
2583 1153 2822 1219 nostro
2878 1144 3223 1236 croatiae,
3277 1165 3464 1241 quo-

132 1244 231 1318 d
274 1246 591 1318 militaria
643 1267 819 1318 vero
875 1242 1180 1318 Consilio
1232 1256 1473 1319 nostro
1509 1246 1735 1319 Aulae
1777 1246 2039 1340 Bellico
2093 1257 2165 1319 et
2212 1247 2339 1321 sub
2394 1248 2703 1340 ejusdem
2739 1247 3209 1344 Dispositione
3245 1271 3463 1345 prm-

18 1341 19 1348 '
132 1347 281 1421 fato
352 1341 549 1421 Bano
600 1358 839 1421 nostro
909 1351 1201 1443 ejusque
1253 1348 1661 1423 subalternis
1732 1348 2140 1424 officialibus
2209 1361 2538 1446 perpetuo
2592 1361 2665 1424 et
2716 1361 3122 1427 constanter
3169 1351 3464 1427 subesse

134 1449 426 1541 debere,
487 1456 585 1523 uti
638 1461 709 1523 et
757 1456 828 1524 in
881 1451 1151 1547 reliquo
1203 1452 1522 1549 quidquid
1548 1453 1808 1526 Terrae
1863 1463 2060 1526 extra
2115 1475 2242 1526 seu
2294 1463 2479 1527 retro
2532 1455 2840 1545 Linum,
2912 1455 3160 1528 actuali
3213 1453 3459 1529 Confi-

137 1558 410 1628 n’orum
464 1553 834 1628 Custodiae
888 1555 1322 1644 destinatam,
1393 1578 1602 1651 super
1656 1566 1789 1642 est,
1843 1556 2069 1652 quoad
2121 1559 2605 1654 proprietatem
2675 1568 2747 1630 et
2807 1556 3148 1633 Vtilitates
3198 1557 3462 1632 camo-

138 1659 335 1730 roles
405 1680 445 1730 a
510 1658 800 1731 Camers
874 1668 1111 1732 nostru
1180 1658 1425 1732 Aulica
1498 1658 1935 1755 dependere,
2019 1682 2240 1755 eaque
2321 1682 2528 1757 porro
2601 1660 2690 1734 de
2745 1659 2967 1735 Causa
3051 1661 3456 1757 Supremam

139 1759 658 1857 an'usneatum
708 1761 1207 1849 Petrinensem,
1280 1766 1394 1859 pui
1449 1760 1890 1835 Generalatui
1940 1761 2435 1838 Varasdinensi
2488 1763 2840 1859 bucusque
2892 1763 3240 1839 subiecws
3291 1765 3462 1838 fue-

137 1873 275 1952 ru,
328 1867 575 1960 quippe
629 1887 785 1936 cum
836 1864 1065 1939 Locus
1142 1866 1284 1954 ille,
1337 1869 1668 1961 promotis
1732 1866 1905 1938 ultra
1976 1888 2103 1961 per
2169 1866 2328 1939 DEI
2378 1870 2666 1960 gratiam
2737 1879 2809 1939 et
2858 1867 3185 1941 Victricia
3240 1869 3455 1940 Arma

136 1975 383 2040 mtra
446 1966 824 2053 Limitibus,
910 1991 1034 2064 pro
1105 1969 1458 2042 Fortalitio
1522 1967 1935 2041 Confiniario
2008 1969 2291 2065 amplius
2365 1970 2600 2043 baberi
2669 1982 3011 2065 nequeat,
3087 1993 3218 2044 una
3302 1994 3458 2044 cum

134 2069 373 2143 uilius
443 2068 699 2144 ibidem
750 2075 1120 2158 existente,
1193 2076 1459 2169 penitus
1513 2071 1774 2144 aboleri
1840 2081 1911 2144 et
1963 2070 2312 2167 abrogari,
2381 2073 2586 2168 idque
2657 2078 2876 2170 ipsum
2927 2073 3157 2146 vbivis
3235 2075 3462 2170 quoad

138 2191 511 2247 naussum
564 2173 794 2262 fuerit..
857 2174 1194 2248 declarati
1246 2186 1449 2272 atque
1500 2175 1828 2270 publicari
1879 2175 2145 2265 facere‚
2200 2174 2672 2249 Cancellariae
2745 2176 3034 2250 Aulicae
3105 2178 3464 2251 interioris

140 2279 469 2350 Ausa-iae
520 2287 801 2350 nostrae
851 2276 1155 2372 benigne
1202 2301 1287 2351 ae
1340 2283 1525 2352 serio
1584 2282 2006 2369 comisimuS‚
2077 2282 2414 2374 gravique
2482 2279 2608 2352 sub
2677 2280 3152 2374 Indignatione
3218 2291 3466 2354 nasu-u

18 2395 19 2408 ³
136 2384 522 2476 poenisque
572 2383 1103 2476 rigorosissimis
1164 2381 1652 2478 prohibuimus,
1733 2404 1823 2453 ne
1877 2386 2231 2477 quisquam
2296 2383 2778 2456 modernorum
2852 2383 3456 2464 Commendat-m

136 2493 255 2556 aut
305 2482 709 2557 officialium
765 2485 1398 2574 Varasdinensium‚
1472 2484 2083 2582 Coprinicensium,
2156 2486 2230 2557 S.
2287 2486 2597 2579 Georgij,
2675 2485 3144 2574 Crisiensium,
3217 2487 3459 2560 lvani-

136 2591 477 2672 censium,
556 2588 1079 2678 Petrinensium,
1152 2599 1266 2662 aut
1316 2588 1544 2662 vbivis
1610 2588 1768 2662 alibi
1824 2592 2377 2682 constitutorumffi
2436 2601 3060 2686 supramemoratus
3112 2594 3246 2662 iam
3299 2591 3459 2661 Va·-

138 2688 382 2763 lacbos
446 2700 563 2763 aut
612 2691 885 2764 Incolas
938 2692 1093 2765 illos
1147 2692 1407 2766 directe
1460 2693 1577 2766 vel
1628 2692 1961 2764 indirecte
2031 2715 2276 2766 versus
2330 2693 2555 2786 Regni
2608 2704 2679 2766 et
2727 2693 2899 2765 Bani
2952 2693 3454 2789 Dispositiones

138 2797 523 2876 concitare,
574 2795 691 2867 vel
743 2795 829 2866 ab
884 2794 1271 2867 obedientia
1322 2795 1455 2867 illis
1512 2794 1732 2866 debita
1792 2806 2138 2881 avertere„
2209 2805 2324 2867 aut
2375 2797 2548 2868 alios
2604 2797 3111 2892 qualescunque
3185 2798 3454 2876 mod0S.⁸

139 2896 320 2970 hanc
375 2909 649 2991 gentem
707 2899 1030 2971 aliorsum
1085 2897 1446 2989 inducendj
1508 2921 1915 2989 suggerereq
1974 2899 2108 2969 ullo
2146 2922 2427 2993 prorsus
2469 2898 2591 2972 sub
2632 2910 2991 2994 praetextu
3048 2899 3292 2973 audeat
3347 2902 3462 2971 vel

139 3011 578 3096 praesumat3
633 3004 791 3096 quin
831 3005 1051 3098 potius
1092 3001 1203 3074 ubi
1238 3024 1411 3074 unus
1467 3013 1582 3073 aut
1631 3003 1803 3073 alter
1856 3024 1948 3073 ex
1983 3002 2288 3097 praefata
2347 3003 2564 3073 Gente
2630 3003 2715 3073 ad
2760 3001 3211 3076 Confiniarios
3264 3003 3459 3076 Into-

142 3105 349 3176 rioris
386 3104 707 3176 Austriae
749 3115 1024 3177 nostrae
1078 3104 1654 3177 commendantes
1715 3103 2217 3198 quaeribundus
2270 3103 2649 3197 refugeret„
2703 3108 2791 3196 ijs
2829 3116 2944 3178 aut
2979 3111 3023 3178 ii
3076 3105 3160 3178 ab
3216 3105 3457 3178 iisdem

143 3206 233 3279 ad
288 3207 537 3280 dictum
596 3220 899 3280 nostrum
931 3208 1156 3302 Regni
1183 3208 1440 3280 Bauum
1498 3207 1809 3301 illiusque
1864 3207 2253 3278 instantiam
2312 3212 2460 3280 sine
2517 3230 2704 3279 mora
2762 3213 3176 3280 remitantur.
3268 3208 3458 3277 Vltrn

18 3329 19 3416 ᾗ
138 3332 320 3406 quae
376 3311 660 3406 amplius
717 3313 917 3384 etiam
975 3311 1311 3407 Supremo
1369 3308 1743 3404 Capitaneo
1799 3309 2183 3381 Petrinensi
2236 3311 2678 3401 injunximus,
2752 3314 2812 3382 si
2858 3312 3154 3381 militiam
3212 3331 3462 3403 quam-

18 3423 19 3504 }
138 3416 318 3510 piam
378 3436 469 3486 ex
521 3418 666 3512 suis
713 3414 1170 3487 Kosztanicae
1226 3413 1698 3509 stipendiatam
1754 3410 1975 3483 adbuc
2028 3410 2335 3496 babcret„
2418 3423 2533 3483 aut
2584 3412 2966 3508 ubicunque
3046 3413 3179 3483 alia
3263 3416 3462 3485 eius·-

139 3516 329 3590 modi
385 3521 450 3589 in
502 3528 853 3614 praetacto
928 3511 1232 3591 districtu
1305 3526 1712 3605 moraretur,
1786 3514 1876 3586 Vt
1925 3514 2109 3587 illam
2166 3514 2525 3589 confestim
2601 3515 2846 3588 abinde
2901 3525 3178 3603 avocet,
3257 3524 3463 3611 post-

133 3643 278 3715 que
358 3620 790 3695 eductionem
868 3621 1034 3694 nihil
1115 3642 1398 3719 prorsus
1479 3618 1607 3693 sibi
1686 3641 1895 3692 curae
1974 3628 2092 3690 aut
2157 3621 2419 3712 negotii
2488 3617 2620 3690 illis
2700 3620 2768 3690 in
2837 3619 3011 3690 locis
3083 3619 3260 3690 vltra
3333 3640 3465 3692 su-

18 3817 19 3820 ¹
138 3733 323 3814 mat3
429 3746 673 3799 verum
751 3727 882 3820 ipsi
962 3725 1413 3798 Petrinenses
1483 3723 1815 3798 hactenus
1893 3722 2210 3795 Petrinae
2249 3758 2256 3764 ·
2289 3731 2366 3795 et
2439 3721 2590 3794 bac.
2645 3724 2718 3793 in
2765 3719 3222 3812 adjacentis:
3256 3721 3470 3795 locati

140 3831 297 3924 (qui
371 3827 622 3901 ibidem
703 3827 1079 3902 subsistere
1151 3837 1221 3902 et
1291 3849 1483 3901 suam
1546 3825 2032 3899 habitationem
2109 3829 2506 3899 continuare
2586 3825 2888 3917 velent),
2969 3824 3160 3897 Bano
3216 3834 3287 3898 et
3337 3847 3467 3900 re-

138 3953 284 4026 gno
363 3952 612 4026 parere
692 3955 777 4004 ac
855 3930 1147 4006 subesse
1228 3929 1564 4018 debeant3
1644 3933 1881 4024 sicque
1936 3932 1998 4002 si
2066 3939 2384 4024 respectu
2464 3927 2815 4020 Territorij
2899 3931 3004 4000 sui
3075 3949 3155 4001 se
3236 3930 3470 4001 maio-

140 4058 289 4109 rem
371 4036 630 4108 titulum
729 4058 930 4130 quam
1021 4036 1347 4131 Episcopi
1441 4032 1928 4127 Zagrabiensis
2008 4032 2377 4127 productas
2471 4032 2968 4106 Donationales
3047 4031 3305 4105 babere
3383 4056 3471 4105 ac

138 4139 533 4212 authentice
623 4138 1096 4212 demonstrare
1168 4137 1717 4235 praetenderent,
1788 4146 1877 4208 et-
1929 4146 2437 4229 consequenter
2505 4133 2900 4209 Venerabili
2972 4134 3280 4231 Capitulo
3350 4135 3469 4208 di-

140 4253 393 4338 ctoque
473 4242 822 4339 Episcopo
900 4243 1084 4316 litem
1163 4242 1463 4338 desuper
1530 4262 1821 4313 movere
1893 4239 2344 4328 intenderent,
2418 4249 2581 4311 tunc
2650 4237 2946 4312 Causam
3017 4238 3195 4313 banc
3273 4260 3468 4313 suam

140 4349 259 4421 via
309 4344 496 4419 Juris
577 4346 919 4419 ordinaria
1002 4368 1235 4419 coram
1314 4354 1737 4442 praeattacto
1818 4353 2057 4417 nostro
2134 4342 2355 4434 Bano‚
2430 4352 2771 4437 tamquam
2841 4345 2910 4416 in
2973 4341 3166 4416 bisce
3244 4343 3468 4417 reali—

141 4446 277 4523 bus
330 4448 711 4524 actionibus
766 4459 1201 4546 competente
1253 4449 1526 4538 Judice‚
1577 4449 1905 4543 prosequi
1955 4450 2319 4536 noverint3
2370 4448 2634 4520 interea
2687 4468 2862 4519 vero
2918 4445 3003 4519 ab
3061 4448 3244 4520 omni
3296 4450 3467 4520 vio-

143 4552 336 4627 lento
376 4575 549 4626 ausu
602 4576 688 4626 ac
723 4554 1194 4650 possessionis
1248 4553 1448 4626 ullius
1503 4553 1942 4647 arrogatione
1998 4548 2386 4640 abstineret,
2439 4571 2577 4623 non
2613 4552 2835 4624 minus
2887 4553 3051 4627 item
3094 4550 3466 4624 Petriuen-

146 4678 300 4745 ses,
354 4655 579 4731 dictae
629 4656 940 4731 Nationis
1005 4655 1426 4729 Valachicae
1478 4659 1921 4750 instigatores
1976 4663 2182 4750 atque
2229 4651 2733 4745 Concitatoros‚
2788 4653 2874 4726 ad
2929 4653 3059 4725 alia
3113 4653 3466 4727 luterioris

142 4759 475 4834 Austriae
532 4758 842 4834 Confinia
893 4761 1136 4856 procul
1184 4758 1346 4834 inde
1399 4761 1738 4848 amoveri,
1793 4780 2176 4853 omnesque
2227 4757 2405 4832 alios
2456 4757 2725 4830 illarum
2778 4760 3067 4853 partium
3118 4756 3468 4832 officiales

144 4864 618 4961 cujuscunque
672 4864 1018 4959 dignitatis
1072 4872 1187 4937 aut
1236 4861 1459 4955 Officij
1517 4865 1901 4936 existentes
1970 4861 2346 4956 (siquidem
2398 4859 2664 4934 isthaec
2717 4859 2944 4933 officia
2994 4862 3067 4933 in
3116 4870 3469 4958 posterum
3549 4929 3558 4936 .

144 4989 186 5037 a
241 4971 518 5042 nemine
572 4968 737 5057 alio,
806 4978 1282 5065 praeterquam
1347 4964 1749 5063 praelibato·
1795 4975 2037 5039 nostro
2108 4964 2333 5059 Regni
2407 4963 2726 5039 croatiae
2777 4964 2972 5038 Bano
3045 4964 3468 5039 conferenda

146 5074 470 5165 veniant)
526 5074 798 5169 penitus
861 5071 1301 5145 exautborari
1364 5092 1449 5142 ac
1502 5068 1732 5143 debito
1789 5090 1942 5142 cum
1996 5077 2320 5165 respectu
2374 5067 2603 5142 eidem
2672 5065 2918 5159 subjici
2988 5078 3060 5142 et
3102 5069 3472 5163 assignari,

146 5176 279 5269 ipsi
330 5196 510 5247 vero
565 5175 789 5271 quoad
842 5174 1377 5249 Juridictionalia
1432 5173 1589 5246 buic
1641 5193 1804 5247 sese
1860 5168 2288 5261 submittere,
2357 5169 2472 5244 ubi
2526 5180 2597 5245 et
2647 5170 2958 5244 militaria
3011 5171 3355 5260 mandata,
3426 5194 3470 5244 a

148 5274 461 5353 Consilio
512 5277 649 5351 boc
703 5278 927 5354 Aulae
959 5279 1224 5354 Bellico
1275 5277 1362 5351 ad
1410 5274 1703 5351 eundem
1757 5274 2138 5368 dirigenda,
2208 5283 2519 5371 prompte
2574 5277 2855 5370 exequi,
2928 5274 3157 5371 quoad
3208 5271 3474 5350 Came-

148 5380 317 5455 ralia
372 5403 549 5456 vero
603 5404 643 5455 a
698 5380 991 5458 camera
1044 5392 1282 5458 nostra
1334 5380 1583 5455 Aulica
1632 5377 2029 5478 dependere
2082 5378 2474 5453 omnimode
2548 5377 2844 5454 debeant
2913 5399 3000 5452 ac
3065 5388 3473 5468 teneantur;
