3950 5917
144 630 617 705 Praei-torum
670 642 742 706 et
790 633 1130 708 Bai-onum
1199 643 1490 709 wei-m
1547 634 1649 708 ad·
1700 634 1772 708 id
1823 635 2200 710 secedente
2269 634 2573 710 Consilio
2640 644 3072 730 praematuro
3124 656 3208 706 ac
3259 650 3451 710 mera

31 746 32 753 ‘
147 735 584 809 Anthoritate
632 759 756 811 sua
809 737 1027 831 Regia
1074 748 1145 810 et
1176 742 1543 834 potestatis·
1584 738 2000 835 plenitudine
2051 761 2145 812 ex
2198 749 2524 834 certaque
2577 760 2746 814 suae
2788 737 3174 830 Majestatis
3207 742 3451 814 scion-

144 843 239 912 tia
312 840 622 935 plenarie
690 841 1139 916 decrevisset.
1247 842 1571 916 Secunda
1635 863 1810 938 vero
1879 845 2203 938 ipsarum,
2277 852 2436 938 puta
2514 841 2673 915 dicti
2736 840 3021 937 Capituli
3088 840 3455 917 Ecclesiae

152 941 624 1034 ehamensis,
701 944 951 1018 Littera
1016 949 1397 1037 statutoria‚
1466 968 1642 1041 quae
1703 950 1935 1043 quinto
2006 947 2273 1020 decimo
2327 946 2439 1019 die
2491 943 2710 1018 feriae
2780 956 3025 1020 sextae
3095 949 3454 1041 proximae

146 1056 311 1142 post
362 1046 663 1122 Octavus
715 1047 1026 1122 Paschae
1077 1048 1353 1122 Domini
1425 1048 1632 1123 Anno
1702 1050 2014 1142 ejusdem
2068 1048 2264 1123 1431
2333 1048 2845 1145 privilegialiter
2913 1048 3260 1139 confecta,
3310 1049 3454 1122 Al-

31 1185 32 1210 1
147 1149 448 1244 phabeto
500 1154 823 1226 intercisa
891 1151 1411 1227 manifestabat:
1520 1153 1716 1240 Quod
1768 1152 2146 1250 praefatum
2186 1152 2559 1250 Capitulum
2616 1151 3040 1228 Chasmense
3104 1152 3193 1226 ad
3245 1151 3457 1226 Ami-

148 1253 445 1327 cabilem
519 1254 1123 1351 Literatoriamque
1217 1260 1611 1352 petitionem
1716 1257 2006 1331 condam
2112 1256 2518 1352 Spectabilis
2603 1267 2674 1331 et
2757 1255 3105 1351 Magnifici
3180 1256 3456 1332 Domini

153 1357 526 1430 Hei-manni
575 1357 789 1432 Ciliae
842 1369 913 1433 et
972 1359 1311 1456 Zagoriae
1365 1359 1646 1436 Comitis
1717 1371 1787 1436 et
1838 1360 2000 1433 dicti
2050 1359 2274 1456 Regni
2346 1359 2763 1458 Sclavoniae
2829 1360 3004 1434 Bani
3069 1358 3456 1436 laudandae

149 1465 560 1549 memoriae,
613 1485 747 1535 una
802 1486 953 1536 cum
1001 1463 1377 1537 Benedicto
1426 1463 1565 1538 filio
1618 1465 1885 1538 Nicolai
1939 1465 2027 1537 de
2098 1464 2545 1538 Szent-Ivan
2600 1465 2873 1538 homine
2927 1464 3236 1555 ejusdem
3291 1463 3451 1538 Do-

148 1568 316 1638 mini
367 1565 738 1639 Hermanni
793 1566 1073 1641 Comitis
1133 1578 1206 1641 et
1255 1567 1451 1657 Bani,
1520 1573 1824 1665 ipsorum
1894 1567 2233 1642 hominem
2285 1567 2612 1643 videlicet
2677 1567 3143 1642 honorabilem
3216 1566 3456 1642 Virum

147 1667 550 1762 Magistrum
602 1670 1194 1744 Bartholomaeum
1250 1675 1510 1745 socium
1564 1682 1635 1745 et
1695 1671 2246 1746 Concanonicum
2315 1675 2643 1768 ipsorum,
2715 1670 2801 1745 ad
2870 1671 3452 1769 infrascriptarum

156 1771 687 1848 Possessionum
753 1779 1185 1848 statutionem
1240 1775 1622 1850 faciendam
1686 1779 1986 1871 ipsorum
2040 1799 2163 1872 pro
2217 1780 2607 1850 testimonio
2681 1780 3259 1850 transmississent
3323 1774 3458 1850 fide

148 1873 450 1969 dignum.
550 1878 677 1964 Qui
731 1901 825 1949 ex
873 1878 1034 1952 inde
1087 1880 1173 1952 ad
1227 1884 1445 1975 ipsum
1499 1877 1872 1974 Capitulum
1922 1882 2219 1968 reversi,
2300 1880 2523 1953 eidem
2579 1880 3013 1953 concorditer
3063 1880 3458 1956 retulissent

149 2001 239 2050 eo
287 1981 532 2054 modo:
588 1982 946 2068 Quomodo
998 1986 1128 2078 ipsi
1178 1987 1245 2057 in
1288 1983 1635 2079 praedicta
1672 1983 1844 2056 feria
1892 1992 2089 2057 sexta
2125 1985 2433 2079 proxima
2477 1993 2634 2078 post
2684 1983 2903 2056 dictas
2939 1982 3242 2056 Octavas
3296 1982 3457 2056 festi

147 2082 462 2156 Paschae
540 2085 808 2158 Domini
863 2096 934 2158 et
986 2088 1135 2160 aliis
1206 2084 1445 2161 diebus
1499 2086 1585 2159 ad
1637 2087 1705 2159 id
1760 2090 1932 2182 aptis
1988 2098 2059 2159 et
2102 2085 2620 2175 sufficientibus,
2689 2086 2776 2158 ad
2828 2085 3047 2160 facies
3098 2089 3456 2181 praescri·-

146 2196 413 2281 piarum
466 2193 939 2262 universarum
992 2194 1507 2286 possessionum
1561 2200 1633 2263 et
1682 2194 2063 2286 portionum
2112 2193 2810 2286 possessionariarum
2865 2189 3156 2262 fatorum
3226 2188 3455 2262 Nobi·-

142 2290 309 2362 lium
363 2291 524 2365 dicti
578 2291 822 2384 Casiri,
876 2316 1002 2389 per
1053 2304 1439 2368 annotatum
1496 2293 1831 2390 quondam
1878 2294 2238 2367 Dominum
2286 2292 2793 2388 sigismundum
2829 2292 3093 2388 Regem
3149 2316 3187 2364 a
3223 2292 3453 2366 Joba-

142 2398 429 2487 gionatu
483 2396 642 2469 dieti
696 2395 916 2469 Castri
968 2408 1461 2495 exemptarum,
1530 2401 1831 2494 ipsisque
1883 2396 2238 2472 Nobilibus
2288 2396 2535 2471 Novae
2580 2420 2752 2472 suae
2802 2397 3207 2471 Donationis
3258 2397 3453 2470 titulo

144 2497 582 2586 donatarum,
644 2500 907 2574 Vicinis
960 2512 1028 2573 et
1082 2501 1520 2576 Cometaneis
1574 2502 1943 2575 earundem
2011 2501 2372 2575 Universis
2440 2499 2604 2574 inibi
2674 2502 2978 2594 legitime
3046 2504 3455 2576 convocatis

144 2611 219 2674 et
247 2602 749 2698 praesentibus,
781 2605 1266 2678 *accedentibus
1295 2605 1834 2679 introduxissent
1866 2604 2215 2700 praefatos
2242 2603 2527 2679 Nobiles
2563 2609 2632 2678 in
2654 2604 3037 2678 Dominium
3075 2603 3452 2680 earundem

145 2709 677 2803 statuissemque
730 2708 1007 2781 easdem
1065 2710 1337 2783 cuilibet
1385 2712 1712 2806 ipsorum,
1764 2718 1964 2805 prout
2015 2720 2085 2782 et
2126 2713 2195 2782 in
2235 2719 2556 2806 quantum
2605 2711 2676 2781 in
2728 2709 3038 2782 dominio·
3081 2707 3454 2782 earundem

144 2830 268 2903 pro
316 2819 480 2883 tunc
539 2809 828 2907 pacifice
878 2817 1418 2909 permansissent
1488 2823 1558 2885 et
1610 2813 1926 2903 fuissent,
1995 2816 2393 2910 praemissis
2465 2812 3015 2909 exemptionibus
3068 2821 3140 2885 et
3205 2810 3455 2886 Novae

142 2911 411 3006 Regiae
464 2913 847 2990 donationis
902 2917 1105 2989 titulis
1158 2920 1323 3014 ipsis
1375 2914 1914 2991 incumbentibus
1982 2928 2311 3014 perpetuo
2379 2916 2860 3013 possidendas,
2928 2916 3114 2989 nullo
3185 2918 3455 3011 pedu

142 3018 649 3091 contradictore
727 3031 1116 3116 apparente.
1240 3021 1559 3095 Secunda
1620 3043 1794 3094 vero
1866 3043 2128 3110 earum„
2215 3028 2374 3115 puta
2423 3020 2713 3118 praefati
2765 3020 3103 3115 qnondam
3180 3019 3457 3096 Domini

31 3124 32 3139 ¹
140 3117 380 3193 Nostri
428 3120 726 3195 Mathiae
778 3123 992 3216 Regis
1044 3123 1322 3213 Littera
1375 3123 1502 3198 sub
1558 3134 1831 3198 secreto
1886 3134 1954 3197 et
2018 3124 2425 3219 appendenti
2495 3124 2720 3218 sigillo
2791 3145 2919 3198 suo
2974 3123 3062 3196 ad
3112 3127 3452 3218 propriam

150 3223 721 3299 Commissionem
774 3225 1099 3301 Eiusdem
1162 3229 1272 3300 hic
1321 3228 1557 3301 Budae
1607 3232 1677 3300 in
1741 3227 1922 3300 festo
1994 3230 2409 3301 inventionis
2480 3228 2554 3300 S.
2611 3226 2850 3300 Crucis
2903 3227 3109 3300 Anno
3179 3226 3456 3302 Domini

146 3326 399 3417 1472.
467 3328 862 3425 Regnorum
899 3330 1104 3404 Anno
1142 3331 1535 3426 Hungariae
1588 3335 1713 3403 dcc.
1770 3330 2037 3403 decimo
2092 3334 2350 3426 quinto,
2403 3330 2879 3404 Coronationis
2927 3329 3157 3418 Nono
3208 3329 3453 3401 Bobe-

144 3435 328 3505 miae
380 3454 554 3506 vero
619 3438 859 3522 tertio,
931 3435 1246 3508 confecta
1301 3433 1817 3508 manifestabat:
1925 3433 2121 3521 Quod
2196 3433 2457 3507 Nobilis
2531 3434 2872 3529 Georgius
2943 3433 3030 3506 de
3098 3431 3311 3504 Patak
3382 3436 3452 3508 in

138 3557 269 3607 sua
324 3558 410 3608 ac
455 3536 780 3632 Stephani
833 3550 903 3611 et
951 3538 1222 3612 Martini
1275 3538 1361 3613 de
1414 3539 1657 3613 eadem
1708 3536 1948 3627 Patali,
2002 3537 2353 3611 Benedicti
2399 3537 2488 3610 de
2519 3536 3070 3625 Presetbnafew,
3123 3535 3452 3631 Stephani

138 3637 231 3711 de
286 3639 713 3737 Voynovcz‚
765 3641 1092 3715 Andreae
1147 3643 1234 3716 de
1290 3641 1710 3717 Globothecz
1764 3651 1836 3715 et
1882 3641 2075 3716 Pauli
2125 3641 2401 3714 Literati
2447 3640 2534 3713 de
2585 3640 2990 3729 Finfflovcz‚
3043 3661 3129 3712 ac
3162 3639 3449 3712 aliorum

138 3739 481 3816 Nobilium
517 3747 584 3817 in
624 3746 929 3821 districtu
966 3744 1186 3821 Castri
1229 3749 1508 3820 maioris
1542 3744 1832 3820 Kemlek
1868 3748 2424 3822 commorantium
2460 3746 2802 3841 personis.
2854 3741 3166 3839 praefato
3219 3765 3452 3836 quon-

136 3847 296 3919 dam
335 3847 629 3922 Domino
663 3848 921 3924 Nostro
955 3849 1255 3923 Mathiae
1289 3850 1468 3944 Regi
1504 3853 1605 3940 (in
1642 3849 1905 3942 forma)
1944 3850 2304 3923 admodum
2358 3851 2595 3944 gravis
2648 3847 3015 3944 quaerelae
3066 3851 3457 3941 expositum

144 3953 577 4026 exstitisset:
658 3953 855 4039 Quod
907 3954 1067 4027 licet
1111 3957 1244 4050 ipsi
1296 3952 1379 4025 ab
1433 3957 1707 4049 antiquo
1744 3975 1785 4025 a
1822 3952 2228 4048 quibuslibet
2279 3950 2613 4029 Censihus
2667 3962 2738 4026 et
2785 3954 2968 4026 taxis
3021 3951 3182 4023 dicti
3234 3949 3459 4026 Casti-i

134 4053 435 4128 Kemlek
486 4077 615 4150 per
663 4057 885 4133 Divos
938 4056 1175 4152 Reges
1229 4058 1642 4151 Hungariae,
1689 4078 1856 4131 suos
1909 4057 2176 4130 scilicet
2222 4056 2804 4148 Prodecessores‚
2855 4057 3158 4150 exempti
3207 4052 3460 4128 fuerint

138 4169 215 4229 et
266 4163 653 4249 exonerati,
706 4183 792 4234 ac
844 4184 932 4235 eo
988 4163 1205 4252 titulo,
1259 4183 1393 4258 quo
1443 4164 1598 4234 veri
1645 4159 1928 4234 Nobiles
1982 4159 2208 4255 Regni
2259 4164 2366 4234 sui
2416 4171 2788 4251 uterentur,
2855 4162 2990 4256 ipsi
3040 4179 3312 4254 quoque
3361 4180 3458 4232 ex

139 4265 293 4356 ipa
374 4269 839 4338 concessione
915 4268 1022 4339 usi
1102 4268 1254 4340 sint.
1368 4264 1626 4338 Tamen
1706 4263 1993 4338 illustris
2060 4263 2411 4339 Ladislaus
2488 4265 2651 4337 Dux
2719 4264 2793 4338 S.
2864 4261 3093 4337 Sabae
3163 4259 3454 4357 qum

135 4365 525 4440 adinventa·
567 4372 965 4460 occasione„
1017 4369 1348 4464 quosdam
1403 4390 1630 4442 novos
1666 4377 1737 4441 et
1772 4370 2218 4443 inconsvetos
2272 4365 2542 4442 Census
2587 4390 2713 4442 sen
2755 4376 2959 4442 taxas
3003 4364 3456 4441 adinveniens

134 4491 353 4565 super
400 4470 753 4567 praefatos
788 4472 1097 4560 Nobiles,
1150 4482 1387 4546 contra
1433 4472 1817 4545 huiusmodi
1851 4475 2123 4567 antiqua
2175 4471 2341 4544 Jnra
2397 4481 2467 4546 et
2515 4470 2869 4545 libertates
2924 4492 3160 4545 eorum
3214 4472 3456 4564 impo-

137 4579 430 4655 suisset.
503 4579 826 4672 ipsosque
897 4586 1260 4672 propterea
1332 4577 1689 4672 plurimum
1757 4574 2233 4673 impedivisset
2302 4586 2372 4649 et
2440 4585 2779 4650 vexasset
2827 4577 2898 4648 in
2966 4573 3457 4672 praeiudicium

138 4679 498 4752 Libertatis
550 4689 621 4753 et
661 4680 920 4753 Jurium
975 4702 1213 4753 eorum
1266 4689 1468 4775 atque
1524 4681 1836 4754 damnum
1888 4678 2375 4771 manifestum3
2450 4678 2870 4773 Allegando‚
2920 4682 3112 4773 ipsos
3163 4675 3454 4752 Nobiles

136 4806 276 4856 uon
324 4781 411 4856 ab
449 4785 775 4878 Antiquo
828 4783 956 4858 sed
1005 4806 1133 4880 per
1176 4784 1517 4858 Joannem
1569 4784 1758 4857 Thuz
1812 4783 1902 4856 de
1965 4783 2138 4876 Lali,
2190 4785 2362 4859 alias
2411 4781 2638 4878 Regni
2690 4782 3110 4856 Sclaveniae
3160 4781 3450 4873 Beuum,

134 4888 227 4960 ab
276 4891 448 4983 ipsis
502 4887 837 4962 Censibus
890 4898 961 4960 et
1009 4891 1192 4962 taxis
1247 4897 1605 5011 exemptos
1662 4898 1733 4961 et
1781 4886 2188 4961 Nobilitatos
2240 4887 2415 4962 fore.
2492 4887 2691 4961 Unde
2738 4884 3052 4984 praefato
3105 4884 3450 4982 quondam

136 4992 435 5067 Domino
471 4989 766 5065 Hathiae
816 4990 995 5086 Regi
1047 4997 1118 5064 in
1169 4995 1486 5087 personis
1537 4990 1995 5114 praefatorum
2031 4990 2370 5065 Nobilium
2426 4992 2822 5087 suplicamm
2866 4989 3138 5080 fuisset,
3172 4999 3249 5064 ut
3280 4992 3450 5085 ipsis

135 5103 321 5171 circa
374 5099 753 5193 praemissa
806 5094 894 5169 de
942 5095 1250 5169 remedio
1299 5094 1668 5191 providere
1712 5117 1798 5168 ac
1832 5098 1899 5168 in
1933 5093 2212 5170 Juribus
2253 5104 2327 5168 et
2359 5092 2810 5170 Libertatibus
2853 5116 3094 5168 eorum
3145 5115 3450 5167 conser-

132 5223 307 5276 vare
362 5204 779 5294 dignaretur.
846 5198 936 5272 Et
986 5203 1143 5296 quia
1194 5203 1343 5297 ipse
1394 5198 1726 5273 Dominus
1770 5197 2061 5273 Hathias
2104 5198 2262 5273 Rex
2312 5197 2666 5295 praefatos
2713 5195 2998 5272 Nobiles
3033 5220 3130 5270 ex
3177 5195 3450 5270 Litteris

136 5318 203 5379 et
251 5305 637 5402 privilegiis
704 5307 1003 5400 ipsorum
1057 5304 1387 5377 Divorum
1438 5302 1714 5392 Regum
1765 5301 2156 5398 Hungariae
2210 5323 2442 5376 coram
2495 5301 2746 5377 eodem
2795 5301 3091 5375 Domino
3144 5300 3343 5393 Rege
3377 5303 3448 5373 in

132 5414 379 5508 speeie
434 5409 786 5505 productis
834 5418 907 5483 et
951 5430 1079 5504 per
1129 5408 1421 5483 eundem
1476 5404 1925 5501 confirmatis,
1976 5428 2019 5480 a
2053 5404 2458 5504 quibuslibet
2510 5404 2848 5483 Canibus
2865 5415 2968 5581 4ot
3002 5408 3186 5481 taxis
3234 5407 3451 5502 ipsius

2924 5510 3016 5583 1⁴}
