3950 5917
342 402 402 476 4

348 606 638 701 talibus)
695 617 764 681 et
806 609 1237 702 suggestioni
1286 607 1517 702 placiti
1571 608 1727 680 data
1764 608 1851 681 ad
1887 630 2171 685 sensum
2224 609 2741 706 spopondimus,
2795 620 2867 683 et
2890 611 3049 702 jure
3102 611 3443 684 mansuris
3479 610 3697 685 rebus

348 711 777 810 priuilegium
823 708 998 798 fieri,
1052 720 1448 805 presentem
1501 722 1805 783 nostram
1844 711 2434 804 deliberationem,
2487 715 2949 809 precepimus,
3001 712 3328 787 videlicet
3365 718 3460 786 ita
3505 714 3698 788 dun-

350 824 545 886 taxat
593 824 668 887 ut
712 822 939 909 empta
973 816 1192 908 pretio
1246 812 1425 885 infra
1475 817 1782 887 terminis
1835 819 2119 903 nostris,
2171 820 2242 889 in
2283 816 2460 889 locis
2513 819 2939 907 memoratis,
2986 819 3403 913 sempiterna
3457 817 3694 890 dona-

348 921 541 991 tione
593 916 949 1013 possideat
1018 916 1197 988 dicta
1241 918 1387 1008 jam
1443 925 1679 990 sancta
1735 918 2038 992 ecclesia
2077 942 2116 991 a
2152 922 2427 991 nemine
2479 918 2870 992 infestante.
2924 918 3230 991 Tandem
3283 940 3459 993 vero
3512 941 3692 1017 pre-

350 1020 563 1093 fatam
638 1020 1008 1093 ecclesiam
1076 1018 1163 1091 de
1232 1019 1457 1113 regali
1525 1024 1869 1093 territorio
1943 1020 2028 1094 ab
2108 1022 2422 1094 orientali
2494 1032 2564 1094 et
2618 1020 3028 1095 occidentali
3096 1032 3291 1118 parte
3312 1074 3336 1112 ,
3408 1045 3450 1093 a
3519 1045 3700 1118 rupe

353 1127 632 1214 montis,
688 1145 906 1218 usque
943 1121 1030 1194 ad
1068 1145 1285 1209 mare,
1342 1121 1426 1194 ab
1462 1133 1753 1219 utroque
1787 1124 2008 1196 latere
2056 1128 2386 1198 terminos
2442 1146 2593 1197 cum
2647 1124 2964 1220 lapideis,
3004 1135 3076 1198 et
3110 1123 3298 1198 ferro
3356 1128 3699 1219 signatos,

351 1226 531 1301 infra
589 1248 761 1322 quos
815 1228 1146 1298 terminos
1199 1226 1447 1298 nullius
1503 1225 1775 1318 adjacet
1818 1231 2258 1317 territorium,
2311 1249 2444 1302 nos
2491 1227 2856 1321 diligenter
2901 1225 3398 1316 condonamus,
3454 1237 3525 1301 et
3557 1227 3702 1301 hoc

354 1334 428 1404 in
483 1338 851 1424 augmento
892 1337 1132 1402 sancte
1187 1327 1588 1401 Salonitane
1642 1330 1973 1419 ecclesie,
2027 1329 2463 1426 proferentes
2516 1329 2888 1419 firmamus,
2944 1340 3015 1401 et
3065 1340 3137 1402 ut
3173 1331 3458 1424 singulis
3495 1335 3701 1404 annis

354 1433 446 1507 de
488 1431 799 1506 omnibus
855 1429 1295 1505 nascentibus
1353 1431 1551 1522 (Luc.
1582 1441 1652 1504 et
1686 1432 1865 1505 Farl.
1921 1437 2106 1505 omni
2160 1435 2557 1525 nascentia)
2613 1444 2798 1505 terre
2851 1456 2945 1506 ex
2997 1443 3189 1505 curte
3241 1443 3505 1524 nostra,
3560 1456 3704 1528 que

355 1533 612 1610 0111300
651 1536 919 1624 dicitur,
975 1535 1243 1607 decime
1288 1533 1667 1608 inferantur
1701 1538 1770 1608 in
1806 1546 2249 1609 memoratam
2288 1537 2685 1624 ecclesiam,
2742 1558 2909 1631 quas
2948 1536 3252 1610 decimas
3285 1546 3702 1611 antecessor

355 1649 599 1713 noster
623 1638 957 1711 Mislavus
978 1637 1182 1730 (Luc.
1204 1646 1275 1711 01
1291 1636 1470 1709 Fari.
1495 1637 1835 1731 Mislavo)
1866 1639 2032 1712 dare
2070 1642 2291 1735 cepit3
2329 1642 2388 1714 si
2424 1641 2574 1734 quis
2609 1659 2784 1712 vero
2821 1639 2908 1713 de
2946 1641 3448 1735 superscriptis,
3485 1638 3703 1734 quid-

360 1741 519 1838 quid
553 1742 708 1813 Deo
747 1743 1148 1837 inspirante,
1188 1763 1425 1813 amore
1463 1752 1851 1814 sanctorum
1907 1742 2300 1815 inflammati
2355 1742 2612 1815 devoto
2643 1752 2928 1837 pectore
2956 1741 3345 1833 obtulimus,
3384 1764 3704 1816 0011003-

361 1850 603 1934 simus,
646 1849 711 1916 dc
744 1848 1186 1940 imposterum
1222 1845 1630 1917 inconvulsa
1667 1844 1928 1917 firmata
1967 1868 2249 1919 manere
2289 1845 2490 1937 (Luc.
2530 1854 2599 1917 et
2634 1846 2812 1918 Farl.
2849 1847 3131 1938 valere)
3170 1848 3587 1934 censuimus,
3624 1849 3704 1917 in

357 1947 722 2022 cenobium
804 1957 1196 2020 sanctorum
1267 1957 1639 2043 martyrum
1700 1949 1974 2022 Domnii
2041 1959 2110 2021 01
2161 1949 2541 2036 Anastasii,
2621 1947 2876 2021 Cosme
2948 1959 3017 2021 et
3086 1948 3440 2035 Damiani3
3512 1958 3580 2020 et
3634 1952 3704 2028 si

356 2056 510 2148 quis
568 2051 889 2147 diripere,
942 2050 1060 2122 vel
1106 2048 1534 2140 subtrahere,
1589 2059 1704 2122 aut
1755 2074 1883 2147 per
1916 2055 2057 2123 vim
2114 2074 2469 2147 opponere
2521 2055 2914 2139 tentaverit,
2971 2054 3142 2123 iram
3195 2052 3469 2125 Domini
3522 2049 3702 2123 Sal-

359 2158 653 2245 vatoriS,
727 2163 797 2226 et
851 2163 1244 2227 sanctorum
1300 2155 1595 2227 omnium
1667 2153 2242 2242 maledictionem,
2313 2155 2583 2250 quidem
2642 2153 2813 2252 CCC
2870 2165 3137 2250 patrum
3193 2163 3263 2226 et
3316 2153 3709 2227 octodenos

356 2259 639 2333 vinculo
691 2256 1034 2332 insolubili
1088 2256 1517 2330 anathemate
1587 2254 1986 2330 flat-anatha
2059 2257 2463 2347 denodetur,
2535 2257 2877 2330 dividetur
2929 2268 2998 2330 et
3052 2258 3388 2330 evellatur
3458 2256 3699 2331 divino

348 2363 615 2460 judicio
671 2384 711 2433 a
767 2363 1182 2454 cognatione
1252 2369 1322 2431 et
1381 2362 1626 2455 patria,
1685 2381 1909 2432 uxore
1964 2370 2034 2433 et
2086 2358 2268 2447 filiis,
2324 2365 2437 2456 qui
2491 2382 2819 2457 separare
2873 2359 3308 2434 donationem
3382 2370 3700 2436 nostram

360 2466 729 2538 temerarie
785 2487 825 2534 a
877 2472 1115 2536 sancta
1186 2474 1404 2535 matre
1471 2462 1768 2534 ecclesia
1837 2464 1980 2555 jam
2052 2462 2303 2536 factam
2369 2465 2883 2559 presumpserit,
2954 2461 3234 2537 fovetur
3300 2467 3527 2560 itaque
3577 2463 3701 2535 hic

358 2565 775 2662 litigantibus
832 2588 986 2638 cum
1020 2587 1108 2639 eo
1163 2568 1442 2638 vicariis
1497 2569 1753 2638 sanctis
1790 2567 2268 2660 religiosorum
2309 2564 2843 2654 subsistentium,
2879 2566 3265 2661 Principum
3300 2570 3516 2661 gratia
3555 2576 3702 2638 tam

359 2670 729 2744 nefandum
768 2669 970 2762 (Luc.
1008 2679 1079 2741 et
1110 2668 1289 2741 Farl.
1328 2666 1644 2760 nefandi)
1682 2667 1949 2741 faciens
1986 2672 2289 2764 quisquis
2343 2671 2459 2743 ille
2496 2668 2970 2741 defunctorum
3017 2668 3346 2742 oblivioni
3382 2670 3577 2754 dans,
3622 2678 3703 2741 et

360 2775 593 2854 lumen
638 2776 1012 2846 animarum
1051 2794 1289 2845 eorum
1326 2775 1732 2866 octinguens
1768 2772 1986 2864 (hanc
2025 2782 2281 2846 constr.
2320 2776 2695 2845 omiserunt
2726 2772 2892 2845 Luc.
2930 2783 2999 2844 et
3030 2772 3276 2863 Farl.),
3332 2783 3404 2844 et
3446 2777 3516 2843 in
3550 2794 3704 2844 no·-

360 2881 652 2952 vissimo
702 2875 820 2949 die
875 2878 1104 2970 magni
1161 2878 1523 2964 examinis,
1579 2897 1731 2946 cum
1784 2875 2083 2964 diabolo,
2140 2887 2209 2949 et
2245 2879 2394 2969 ejus
2432 2879 2626 2948 tetris
2662 2877 2955 2970 angelis,
3010 2880 3075 2947 dc
3124 2875 3300 2948 Juda
3335 2875 3707 2965 Iscariote,

365 2979 619 3053 Christi
669 2978 1019 3076 proditore
1071 2982 1142 3052 in
1191 2978 1508 3074 gehenna
1544 2977 1842 3051 barathri
1894 2991 2290 3052 muneretur
2342 2979 2561 3072 (Farl.
2596 2981 3058 3071 numeretur),
3109 2976 3225 3051 ubi
3273 2981 3455 3072 ignis
3507 3000 3708 3051 nun-—

360 3105 566 3179 quam
606 3086 1047 3177 extinguitur,
1103 3092 1173 3155 01
1223 3104 1502 3156 vermes
1554 3086 1912 3178 impiorum
1966 3105 2106 3156 0011
2151 3086 2545 3156 moriuntur.

674 3187 925 3260 Actum
978 3190 1048 3261 in
1097 3187 1261 3259 1000
1313 3189 1426 3280 qui
1478 3184 1723 3258 dicitur
1771 3186 2016 3283 Byaci,
2083 3196 2398 3283 tempore
2467 3209 2687 3282 nuper
2738 3184 2908 3274 fato,
2982 3194 3052 3257 et
3099 3188 3376 3259 testium
3427 3187 3706 3276 notitia,

359 3293 733 3386 presentia,
774 3292 1117 3364 communi
1150 3299 1345 3380 voto,
1403 3293 1467 3361 dc
1500 3289 1854 3363 voluntate
1890 3289 2409 3364 corroboratum
2463 3289 2665 3383 (Luc.
2703 3299 2776 3362 et
2809 3288 2987 3362 Farl.
3025 3287 3708 3379 corroboratorum).

673 3418 960 3512 Signum
995 3441 1225 3506 manu,
1279 3441 1528 3514 meque
1563 3422 1714 3515 ipso
1750 3418 2113 3515 Tirpimiro
2147 3418 2371 3508 Duce,
2424 3419 2625 3511 hujus
2672 3420 2778 3490 rei
2813 3437 3240 3492 concessere
3280 3426 3350 3489 et
3386 3426 3708 3489 auctore.

683 3548 969 3642 Signum
1025 3571 1227 3622 manu
1282 3546 1636 3621 Comicino
1690 3548 2017 3644 Zuppano
2069 3548 2319 3622 Testis.

785 3706 821 3743 „
1093 3705 1134 3746 „
1269 3651 1544 3723 Pretilia
1816 3704 1858 3746 ,‚
2166 3704 2205 3745 „

1270 3753 1628 3827 Nemustlo
1817 3806 1859 3848 ,‚
2167 3807 2206 3848 „

1273 3857 1558 3931 Zarsata
1814 3908 1856 3952 ,‚
2166 3910 2205 3951 ‚,

1272 3959 1629 4034 Lodovico
1819 4013 1858 4054 „
2165 4014 2204 4054 „

1273 4062 1581 4136 Ozanulo
1634 4085 1788 4135 cum
1843 4062 2079 4136 fratre.

1273 4165 1567 4260 Negutia
1626 4164 2022 4241 Camerario
2076 4170 2295 4241 103113.

1274 4270 1469 4343 Zullo
1526 4269 1728 4362 (Luc.
1783 4280 1852 4343 et
1895 4270 2077 4343 Farl.
2132 4270 2382 4367 Zupp.)
2435 4271 2656 4344 testis.

1273 4372 1626 4446 Potecano
1688 4377 1906 4446 testis,

1277 4475 1653 4576 Zntimuslo
1693 4476 1892 4568 (Luc.
1933 4486 2002 4549 et
2036 4476 2214 4550 Farl.
2252 4474 2692 4567 Zatimustlo)
2747 4477 2966 4548 testis.

1277 4580 1547 4676 Damay
1596 4582 1814 4654 103113.

1272 4683 1633 4756 Dominico
1688 4681 2107 4780 Presbytero
2165 4679 2539 4777 Capellano
2594 4684 2813 4755 testis.

786 4839 825 4878 „
1276 4786 1595 4883 Cipriano
1649 4785 2068 4884 Presbytero
2126 4783 2499 4881 Capellano
2555 4787 2775 4859 testis.

676 4913 831 5008 Ego
902 4905 1234 4991 Martinus
1312 4915 1681 5013 presbyter
1750 4916 2146 5011 capellanus
2216 4916 2667 5012 preceptione
2740 4912 2995 4987 domini
3063 4912 3201 4984 mei
3269 4910 3483 4982 Ducis
3539 4931 3710 4981 me-

228 5036 237 5044 ·
366 5021 637 5109 morati,
668 5113 675 5128 ,
702 5027 985 5114 rogatus
1041 5023 1312 5117 scripsi,
1369 5024 1434 5093 dc
1486 5043 1689 5092 manu
1742 5022 2012 5117 propria
2070 5041 2241 5115 opus
2298 5019 2665 5115 compleui,
2721 5019 2991 5111 signum
3043 5036 3248 5087 manu
3301 5012 3460 5087 feci.

678 5148 831 5222 Hec
885 5159 1042 5223 311111
1092 5153 1370 5224 nomina
1424 5171 1786 5224 servorum
1841 5149 1930 5222 de
1983 5146 2291 5237 Masaro,
2360 5149 2782 5244 pertinentes
2837 5168 2992 5235 eos,
3062 5148 3134 5218 in
3188 5153 3426 5217 sancta
3481 5152 3720 5217 matre

367 5250 670 5326 00010310
726 5251 792 5326 11.
843 5254 1145 5344 Domnii,
1221 5257 1469 5329 3011010
1522 5275 1875 5326 numerum
1930 5274 2198 5340 eorum,
2271 5261 2428 5327 sunt
2477 5254 2547 5324 in
2600 5253 2873 5347 primis:
2947 5247 3272 5335 Carento,
3341 5246 3712 5338 Postellio,

364 5348 736 5452 Nassezai,
768 5356 1153 5450 Domaciai,
1192 5356 1433 5451 Ylena,
1470 5354 1767 5430 Trubula
1805 5355 2011 5450 (Luc.
2049 5367 2120 5430 et
2157 5355 2336 5428 Farl.
2374 5353 2753 5448 Trubasa),
2808 5355 2960 5428 istis
3015 5374 3169 5426 cum
3208 5353 3353 5427 suis
3404 5349 3718 5425 feminis.

784 3809 826 4774 3333333123

1094 3808 1139 4880 ῧὸῧδῧδδδῧδδ

3913 1077 3942 1122 ΞΠ
3917 841 3941 1016 *1-
3905 603 3941 782 ’.μ-α,
