3950 5917
559 376 725 475 1131

561 609 811 680 iorum
864 606 1169 681 statuum
1225 607 1295 682 et
1344 607 1664 683 Ordinum
1718 611 1903 685 suae
1958 614 2481 696 sacratissimae
2533 604 3197 706 Caesareo-Regiae
3247 608 3588 704 Maiestati
3630 608 3816 684 factas

562 708 972 785 humillimas
1050 712 1412 788 Instantius
1490 713 1830 811 syrmium
1911 739 2063 790 cum
2143 713 2449 790 inferiori
2501 716 2870 790 Sclavonia
2923 716 3141 789 Sacro
3192 712 3419 809 Regni
3463 713 3816 808 Hungariae

561 811 976 908 Diademati,
1026 827 1552 891 memoratarum
1601 839 1777 894 vera
1831 819 2240 918 inclytorum
2291 819 2697 912 Dalmatiae,
2749 817 3063 892 Craatiae
3114 829 3184 892 et
3235 818 3647 914 Sclavaniae
3691 816 3818 891 Re-

566 919 3820 1123 ἓῖξὲᾱῖωἳξῖῐ..11ῖί1313111111ξ”ἕζᾞὶἓςέῑὲξέξῖἓῑᾞὶξ’ξΐαῗξὶῗωὲἑςᾙ

561 1122 947 1219 lajestatis
1000 1134 1388 1221 annuentia,
1442 1129 1647 1204 Anna
1683 1133 1902 1207 hocce
1943 1131 2222 1223 labenti,
2276 1132 2502 1205 media
2554 1132 3123 1205 authorizatarum
3176 1139 3458 1203 eatenus
3511 1129 3819 1201 Domino·-

562 1231 718 1302 rum
772 1230 1544 1327 Caesareo-Regiorum
1599 1231 2231 1311 Cam'missariorum
2279 1239 2424 1329 jam
2477 1258 2572 1309 ex
2620 1239 2888 1330 integro
2938 1238 3519 1329 reincorporatum
3572 1236 3820 1306 extitis-

561 1342 716 1424 set3
790 1333 1018 1409 Primo
1096 1336 1293 1410 hicce
1345 1337 1717 1414 Comitatus
1795 1339 2212 1437 syrmiensis
2266 1339 2376 1413 die
2430 1339 2551 1412 11.
2603 1343 2916 1436 proxime
2992 1341 3336 1434 praeteriti
3383 1335 3643 1410 Mensis
3688 1335 3823 1408 No-

563 1438 870 1515 vembris
936 1444 1005 1514 13
1058 1440 1307 1537 oppida
1354 1441 1709 1517 Valhavar
1784 1448 2223 1536 instauratus,
2297 1446 2778 1539 activitateque
2807 1465 2834 1496 ⁸
2859 1440 3335 1516 comitatensis
3412 1439 3823 1535 Magistratus

562 1552 677 1616 est
728 1542 1269 1634 condecoratus3
1321 1545 1647 1619 hodierna
1700 1570 1873 1621 vera
1929 1546 2039 1621 die
2091 1548 2590 1621 Illustrissimus
2642 1567 2912 1643 quaque
2954 1545 3283 1620 Dominus
3336 1543 3648 1640 supremi
3695 1542 3824 1616 Ca-
3903 1573 3904 1630 γ

561 1649 746 1720 mitis
800 1647 1021 1740 offioij
1076 1647 1602 1723 Administratar
1669 1661 1906 1725 noster
1954 1650 2197 1724 Eidem
2251 1660 2360 1724 est
2408 1647 2777 1746 praefixus.
2884 1647 3275 1740 Cujusmodi
3348 1651 3552 1720 tantis
3617 1650 3826 1742 333111·-

561 1751 690 1844 riis
728 1751 1221 1849 gemitibusque
1275 1762 1664 1850 exoptatam
1718 1759 2016 1829 miserae
2068 1756 2265 1847 hnjns
2317 1755 2752 1850 plurimisque
2794 1753 3429 1827 infaustissimomm
3479 1762 3826 1846 temporum

559 1851 838 1947 Injurijs
892 1865 963 1929 et
1012 1856 1587 1932 vicissitudinibus
1639 1870 1997 1953 grassatae
2050 1881 2136 1931 ac
2185 1856 2337 1931 fere
2390 1857 2740 1954 collapsae
2790 1858 3084 1948 Patriae,
3158 1855 3430 1930 tandem
3492 1853 3824 1950 31111333110

562 1956 908 2032 obtentam
985 1960 1552 2049 consolationem,
1631 1961 2195 2058 quemadmodum
2272 1972 2431 2057 11031
2496 1960 2817 2035 altefatae
2886 1961 3405 2036 sacratissimae
3472 1958 3825 2051 Maiestatis

566 2071 940 2136 maternam
1015 2064 1441 2137 clementiam
1490 2064 1945 2140 Excelsorum
1998 2066 2366 2140 Procerum
2435 2064 2981 2162 Inclytorumqne
3043 2063 3484 2139 Dominarum
3549 2063 3828 2136 statuum

561 2176 638 2240 et
688 2165 1010 2241 ordinum
1090 2166 1355 2241 Potenti
1433 2179 1503 2242 et
1553 2171 1986 2244 zelosissima
2058 2170 2445 2243 Patrocinia
2519 2167 2790 2243 referre
2868 2168 3238 2260 debemus3
3312 2172 3405 2241 ita
3457 2170 3825 2240 etiamtum

554 2272 807 2364 ingens
857 2294 1329 2368 nunquamque
1382 2271 1869 2346 obliterandum
1924 2272 2299 2347 eorundem
2359 2271 2815 2346 Excelsarum
2849 2272 3218 2346 Procerum
3297 2272 3821 2366 Inclytorumque

556 2371 1004 2448 Dominarum
1041 2375 1344 2448 statuum
1381 2381 1445 2449 dc
1480 2375 1800 2450 Ordinum
1855 2374 2286 2467 beneficium,
2340 2375 2563 2450 donec
2613 2377 2888 2451 ultimae
2938 2374 3135 2452 nabis
3189 2378 3378 2451 vires
3431 2373 3821 2464 suffecerint,

556 2476 880 2570 Servitijs
932 2483 1185 2553 nastris
1238 2485 1610 2554 contestari
1659 2503 1998 2578 nunquam
2053 2490 2285 2556 sumus
2339 2479 2653 2555 defuturi.

870 2580 1258 2671 Caeterum,
1327 2589 1598 2656 tametsi
1656 2583 1861 2657 multa
1915 2595 2383 2680 superessent,
2455 2588 2524 2658 in
2578 2583 2817 2680 quibus
2884 2583 3271 2656 uberiorem
3342 2582 3565 2655 adhuc
3616 2604 3655 2653 a
3704 2577 3826 2652 Sua

555 2683 1037 2760 sacratissima
1092 2685 1709 2782 Caesarea-Regia
1762 2687 2122 2779 Majestate
2175 2688 2400 2762 media
2452 2688 2904 2761 Excelsorum
2966 2686 3332 2760 Procerum
3383 2685 3824 2781 Inclytorum-

557 2810 694 2884 que
745 2789 1185 2863 Dominarum
1242 2789 1544 2862 statuum
1596 2803 1668 2864 et
1718 2791 2042 2865 011113331
2096 2793 2637 2866 consolationem
2690 2813 2816 2866 330
2860 2802 3167 2888 1311111013
3219 2790 3587 2862 humillime
3638 2787 3830 2861 effla-

556 2892 902 2985 gitandum
955 2893 1549 2984 decrevissemus3
1600 2895 1845 2987 ijsdem
1897 2895 2328 2969 nihilominus
2380 2919 2504 2992 pro
2557 2896 2668 2968 hic
2720 2905 2792 2969 et
2834 2917 3014 2969 nunc
3064 2896 3593 2991 praetermissis,
3645 2914 3828 2964 unum

557 2993 1041 3086 (subvertente
1113 3003 1181 3072 in
1257 3020 1444 3070 mara
1523 3000 1867 3095 pericula)
1944 2998 2266 3074 Excelsis
2353 2997 2761 3074 Proceribus
2836 2998 3250 3094 In'clytisque
3320 2996 3632 3070 Dominis
3677 2995 3826 3068 Sta-

555 3096 737 3171 tibus
791 3111 860 3172 et
911 3099 1269 3175 Ordinibus
1325 3101 1782 3198 obsequenter
1832 3102 2287 3197 detegendum
2338 3102 2714 3177 habemus:
2820 3100 2925 3175 Ea
2980 3112 3127 3174 3131
3175 3101 3458 3173 Excelsi
3510 3101 3833 3173 Proceres

554 3198 934 3299 Inclytique
985 3204 1258 3279 Domini
1309 3206 1538 3280 Status
1571 3212 1635 3280 dc
1670 3207 1961 3280 Ordines
2017 3207 2121 3279 his
2173 3210 2534 3281 retroactis
2584 3207 2805 3279 Annis
2854 3205 3125 3279 Domini
3169 3204 3457 3278 Baronis
3514 3202 3829 3278 Calanelli

555 3303 788 3378 Trenk
838 3312 906 3380 in
963 3309 1405 3383 conducenda
1457 3332 1583 3405 per
1632 3321 1935 3385 nastrum
1991 3333 2260 3406 quoque
2315 3309 2712 3384 Comitatum
2785 3309 2995 3382 Milite
3046 3308 3467 3399 indiscretio,
3539 3318 3614 3381 ut
3664 3328 3830 3402 qua·

556 3412 958 3507 tiescunque
1036 3435 1160 3510 pra
1212 3413 1526 3486 bellanda
1580 3425 1776 3511 aptas
1844 3414 2242 3510 habilesque
2312 3413 2800 3511 depraehendit
2865 3411 3412 3500 ContribuenteS,
3483 3411 3831 3485 vendicata

558 3511 690 3586 sibi
757 3514 1026 3588 licentia
1081 3521 1148 3590 in
1203 3540 1392 3592 suam
1447 3516 1819 3613 Legionem
1889 3517 2467 3591 indiscriminatim
2519 3521 2594 3590 vi
2646 3515 3041 3603 abtraxerit,
3110 3517 3586 3611 Dominijsque
3656 3523 3834 3587 certo

557 3637 842 3691 numera
894 3617 1284 3694 Eorundem
1355 3626 1787 3695 statutianem
1857 3621 2118 3716 absque
2171 3624 2354 3694 omni
2404 3643 2686 3717 prorsus
2758 3620 3303 3694 consideratione
3375 3620 3836 3693 Diminutianis

554 3741 683 3816 per
731 3720 798 3793 id
856 3722 1122 3817 Aerarij
1176 3723 1406 3818 Regij,
1485 3728 1915 3820 miseraeque
1987 3722 2488 3798 contribuentis
2564 3722 2792 3798 Plebis
2871 3726 3182 3819 aggravij
3266 3726 3546 3796 strictim
3604 3732 3674 3795 et
3722 3719 3832 3794 sub

554 3826 986 3916 gravissimis
1039 3826 1667 3904 comminationibus
1718 3831 2139 3925 imposuerit,
2194 3834 2740 3925 executioneque
2791 3831 2996 3901 etiam
3048 3827 3386 3901 mediante
3441 3828 3834 3913 extorserit3

552 3922 755 4001 Unde
807 3933 1042 4003 evenit
1090 3953 1387 4028 quoque,
1451 3932 1639 4028 quad
1681 3933 1856 4008 tales
1906 3935 1982 4006 vi
2027 3930 2348 4006 abstracti
2398 3935 2470 4007 in
2522 3933 2828 4026 ejusdem
2898 3930 3205 4026 Legione
3255 3931 3532 4004 Incolae
3606 3927 3834 4002 abinde

556 4051 807 4127 magna
872 4056 1156 4107 numera
1209 4044 1431 4110 semet
1480 4034 1981 4126 subtrahentes,
2052 4036 2140 4109 ad
2194 4039 2635 4133 propriasque
2704 4035 2917 4110 Lares
2971 4033 3057 4109 ob
3111 4057 3364 4118 navam
3431 4019 3674 4108 rurs'us
3741 4035 3831 4106 sui

557 4145 907 4233 capturam
958 4139 1186 4212 redire
1236 4137 1723 4231 formidantes„
1762 4139 2002 4236 sylvas
2052 4142 2495 4237 repleverint,
2567 4139 2953 4236 exindeque
3023 4142 3329 4213 enormia
3380 4135 3831 4236 pr‘aedacinia,

558 4240 818 4317 caedes
869 4244 936 4315 ὦ
982 4241 1161 4315 furta
1211 4246 1283 4317 in
1334 4245 1663 4336 majorem
1717 4246 1884 4318 sutis
1937 4241 2240 4317 afflictae
2282 4242 2512 4318 Plebis
2565 4242 3002 4318 afflictionem
3053 4247 3626 4340 perpetraverint,
3677 4264 3834 4338 per·-

553 4355 957 4442 petrentque
1033 4350 1235 4419 etiam
1288 4350 1357 4421 in
1408 4350 1963 4445 praesentiarum.
2070 4347 2240 4435 Quia
2316 4370 2491 4422 vero
2571 4369 2707 4421 nan
2761 4370 2944 4424 vane
2996 4346 3587 4443 praevideremus,
3667 4341 3834 4442 quad
3903 4405 3904 4414 ,

557 4447 781 4523 hocce
832 4447 1141 4547 hyberna
1192 4461 1499 4547 tempore
1561 4454 1757 4545 juxta
1820 4473 2080 4525 marem
2140 4450 2485 4548 praefatus
2557 4452 2887 4526 Dominus
2944 4448 3336 4525 Calonellus
3391 4450 3479 4524 de
3532 4451 3834 4524 redinte-

556 4552 818 4648 granda
896 4563 1270 4628 memorata
1345 4555 1651 4649 Legione
1725 4578 1847 4630 sua
1922 4577 2154 4629 caram
2225 4554 2703 4629 sacratissima
2783 4552 3404 4650 Caesarea-Regia
3482 4553 3833 4648 Maiestate

554 4679 793 4732 rursus
847 4661 936 4732 sit
986 4668 1284 4749 acturus,
1335 4662 1823 4756 impetrataque
1873 4659 2211 4752 ejusmodi
2280 4657 2602 4734 facultate
2652 4662 2918 4757 priores
2971 4657 3330 4734 Excessus
3384 4680 3550 4734 3303
3621 4661 3831 4752 (1130-

555 4783 710 4834 rum
757 4763 993 4834 intuitu
1045 4761 1129 4834 ad
1169 4761 1476 4855 ejusdem
1527 4760 1792 4858 Regiae
1832 4762 2208 4856 Majestatis
2262 4761 2611 4837 Thronum
2662 4762 3099 4837 humillimum
3151 4763 3376 4836 media
3429 4761 3831 4858 inclytorum

558 4864 1002 4940 Dominarum
1080 4865 1383 4939 statuum
1455 4876 1526 4940 et
1594 4866 1915 4941 Ordinum
1996 4870 2394 4943 successiue
2468 4889 2910 4958 reservamus
2987 4866 3225 4940 facere
3301 4868 3698 4958 recursum)
3771 4866 3826 4934 in

557 4971 785 5046 Patria
834 4974 967 5045 ista
1020 4973 1106 5044 sit
1156 4979 1646 5062 renovaturus3
1700 4969 1863 5045 [dea
1911 4980 2049 5044 tum
2103 4970 2191 5044 ab
2228 4970 2389 5064 hac,
2443 4993 2596 5045 cum
2648 4981 2718 5045 et
2767 4970 3046 5062 exinde,
3102 4973 3257 5067 quia
3298 4970 3522 5064 Regia
3578 4969 3826 5042 isthaec

560 5075 767 5152 moda
819 5073 1332 5175 praedeclarata
1383 5077 1941 5172 praememoratis
1993 5074 2253 5171 Regnis
2306 5078 2841 5173 reincorporata,
2896 5072 2983 5148 ad
3028 5084 3324 5148 mentem
3376 5075 3666 5146 Articuli
3715 5068 3824 5141 66.

562 5179 793 5271 1681,
845 5203 969 5277 per
1016 5179 1391 5252 Articulum
1455 5201 1721 5276 11301133
1777 5177 1895 5251 59.
1948 5177 2385 5254 Novissimae
2453 5180 2741 5253 Diaetae
2811 5177 3213 5269 confirmati,
3265 5177 3509 5272 iisdem
3578 5176 3830 5270 Regnis

558 5289 632 5356 in
666 5285 1006 5358 militando
1060 5293 1249 5357 esset
1300 5281 1814 5376 conformanda,
1867 5293 2285 5380 eatenusque
2339 5283 2496 5357 dum
2548 5287 2930 5360 necessitas
2986 5286 3302 5378 exegerit
3352 5291 3420 5355 et
3453 5286 3642 5356 vires
3692 5299 3823 5351 no-

553 5381 669 5460 bis
720 5385 1135 5475 admiserint,
1211 5382 1661 5460 Excelsorum
1703 5388 2070 5461 Procerum
2124 5387 2671 5486 Inclytarumque
2722 5386 3162 5461 Dominarum
3216 5387 3520 5461 Statuam
3575 5390 3644 5457 dr
3688 5381 3825 5454 Or·-
