3950 5917
48 1691 51 1794 r

3241 417 3402 495 26⁸¹!

1439 938 1723 1021 CLX
1740 937 1901 1021 x!
1918 939 2049 1026 X·

418 1228 628 1300 Auno
689 1226 728 1299 1
741 1227 789 1299 5
805 1227 840 1299 1
853 1226 924 1302 5.
1006 1226 1272 1300 Sabata
1318 1236 1650 1322 proximo
1703 1234 1873 1301 ante
1919 1228 2172 1320 sentuno
2223 1227 2300 1303 8.
2357 1227 2673 1325 Georgii.
2751 1230 3069 1302 Posom'e’.

132 1488 674 1571 vladislaus
737 1488 930 1571 Rex
1004 1490 1111 1570 ad
1176 1493 1753 1597 generalem
1832 1489 2141 1599 Regni
2204 1490 2748 1610 slavoniae
2814 1491 3397 1598 Congrege-

133 1632 454 1709 tionem
552 1627 1110 1735 Regnorum
1202 1629 1780 1735 Dalmatiae,
1876 1629 2347 1711 Oroatiae
2441 1642 2536 1710 et
2617 1629 3161 1711 Slavoniae
3221 1629 3399 1710 Ba-

1438 1794 1642 1848 num
1734 1773 2053 1849 mittit.

1972 2036 2351 2101 Commissio
2389 2039 2663 2121 propria
2708 2037 2954 2101 domini
2983 2037 3191 2119 Reqis.

399 2230 844 2320 wladislaus,
900 2230 1011 2304 dei
1063 2233 1297 2324 gracia
1350 2230 1510 2303 Rex
1561 2227 1911 2326 Hungarie
1966 2238 2036 2302 et
2068 2229 2399 2302 Bohemie
2447 2233 2573 2302 dcc.
2654 2227 2937 2324 Egregij
2995 2238 3065 2302 et
3115 2227 3399 2303 Nobiles

128 2330 328 2407 fideles
378 2333 581 2410 nobis
636 2335 883 2409 dilecti.
965 2333 1180 2422 Quum
1232 2335 1718 2429 intelligamus,
1772 2356 1905 2408 vos
1949 2337 2019 2408 in
2070 2337 2387 2431 proximo
2434 2333 2831 2427 generalem
2885 2336 3400 2430 congregacio-

128 2459 252 2510 nem
284 2443 349 2511 in
379 2443 515 2514 isto
564 2437 811 2533 Regno
863 2448 1103 2513 nostro
1158 2438 1528 2512 Sclauonie
1582 2437 2050 2513 celebraturos
2104 2447 2306 2533 atque
2358 2436 2732 2529 habituros,
2788 2442 3139 2533 cupientes
3191 2435 3402 2532 quieti

126 2550 177 2612 et
217 2544 662 2640 tranquillitati
742 2553 981 2619 vestre
1063 2565 1196 2640 quo
1251 2545 1493 2616 melius
1574 2542 1723 2615 fieri
1779 2553 2019 2637 posset
2068 2542 2459 2629 consulere,
2541 2541 3005 2638 deputauimus
3057 2543 3127 2614 in
3178 2543 3400 2617 vestri

48 2665 51 2670 ¹
126 2645 377 2720 medium
428 2645 703 2720 fidelem
758 2657 1065 2721 nostrum
1117 2645 1600 2720 Reuerendum
1646 2650 1714 2719 in
1755 2643 2024 2720 Christo
2061 2643 2330 2719 Patrem
2367 2645 2728 2719 Dominum
2764 2645 3035 2718 Petrum
3073 2643 3398 2742 Ber-ymo,

126 2752 474 2848 episcopum
534 2751 837 2824 ecclesie
891 2750 1484 2848 wesprimiensis,
1565 2749 2096 2824 Thezaurarium
2165 2758 2471 2824 nostrum
2530 2762 2598 2823 et
2650 2748 3043 2844 Regnorum
3115 2752 3399 2823 istorum

125 2863 464 2929 nostrorum
501 2853 885 2946 Dalmacie.‚
928 2852 1218 2929 Croacie
1256 2865 1324 2929 et
1360 2854 1727 2928 Solanonie
1773 2854 2060 2945 Eanum,
2109 2878 2287 2927 nunc
2329 2856 2484 2927 istic
2520 2858 2588 2928 in
2629 2853 2992 2927 Sclauonia
3040 2863 3399 2948 agentem3

127 2959 209 3027 cui
263 2964 480 3033 omnia
552 2960 852 3055 pericula
935 2958 1502 3055 incommodaque
1556 2969 1624 3033 et
1671 2961 2127 3032 necessitates
2203 2961 2486 3032 istorum
2538 2958 2935 3051 Regnorum
3007 2965 3401 3032 nostrorum

50 3093 51 3160 3
124 3068 177 3131 et
216 3068 495 3137 omnium
553 3073 860 3138 vestrum
914 3067 1166 3160 optime
1220 3066 1493 3159 cognita
1545 3073 2046 3159 perspectaque
2097 3065 2416 3136 existunt.
2525 3059 2650 3148 Qui
2715 3059 3090 3136 Maiestatis
3142 3073 3403 3137 nostre

50 3211 53 3244 r
122 3170 355 3241 nomine
412 3166 621 3242 vobis
675 3168 762 3240 de
815 3177 1044 3240 mente
1098 3177 1169 3240 et
1217 3168 1569 3240 voluntate
1641 3189 1727 3239 ac
1779 3170 2262 3241 commissione
2333 3176 2567 3239 nostra
2641 3165 3005 3262 superinde
3076 3159 3401 3239 nonnulla

50 3269 53 3350 ξ
123 3265 380 3345 dicturus
432 3282 566 3346 est.
674 3271 901 3358 Quare
961 3272 1364 3366 requirimus
1444 3270 1802 3344 fidelitates
1872 3282 2146 3344 vestras
2217 3281 2287 3343 et
2342 3269 2603 3344 eisdem
2670 3270 3144 3343 nichilominus
3216 3271 3399 3343 serie

50 3361 51 3430 3
122 3379 509 3464 presencium
567 3374 844 3449 firmiter
895 3378 1099 3447 etiam
1153 3378 1656 3462 committimus,
1736 3383 1814 3448 vt
1864 3396 1975 3462 ea,
2049 3396 2183 3470 que
2235 3374 2417 3447 idem
2472 3374 2781 3448 dominus
2837 3377 3200 3470 episcopus
3254 3396 3397 3446 no-

123 3485 235 3549 stro
281 3484 582 3567 nomine,
634 3490 710 3554 vt
761 3483 1220 3575 premisimu8‚
1274 3478 1476 3552 vobis
1528 3484 1597 3551 in
1650 3479 1782 3551 hac
1833 3488 2027 3574 parte
2079 3476 2398 3566 referret,
2453 3486 2523 3549 et
2576 3478 2659 3551 ad
2712 3500 2844 3575 que
2894 3499 3029 3552 vos
3082 3475 3396 3550 hortabi-

122 3587 223 3669 tur,
272 3594 337 3656 et
371 3584 690 3670 credere,
747 3595 817 3657 et
849 3605 973 3679 pro
1009 3593 1245 3657 nostra
1300 3606 1468 3678 erga
1513 3605 1646 3658 vos
1701 3583 2016 3680 ampliori
2066 3584 2300 3677 gracia
2339 3592 2408 3654 et
2442 3579 2912 3655 beneficencia
2948 3580 3168 3676 Regia
3221 3602 3396 3676 pro-

121 3706 225 3776 que
270 3698 502 3763 vestra
561 3688 779 3762 salute
833 3697 904 3761 et
973 3686 1381 3762 defensione
1448 3686 1688 3761 facere
1757 3690 2013 3784 exequi
2064 3696 2136 3760 et
2185 3684 2558 3783 adimplere
2625 3688 2697 3758 in
2751 3705 3024 3758 omnem
3077 3693 3399 3757 euentum

121 3785 408 3866 debeatis.
516 3792 764 3865 Datum
833 3791 1113 3885 Posonij
1171 3789 1473 3866 Sabbato
1541 3794 1858 3889 proximo
1931 3800 2091 3866 ante
2160 3788 2408 3867 festum
2478 3788 2662 3864 beati
2718 3785 2997 3884 Georgij
3051 3786 3395 3887 Martyris.

120 3892 287 3967 Anno
336 3895 615 3972 Domini
665 3894 1028 3971 Millesimo
1082 3894 1646 3993 Quingentesimo
1700 3894 1969 3970 decimo
2025 3896 2276 3992 quinto.

1366 4123 1566 4187 Tener
1609 4124 2121 4188 inclamationis.-

388 4292 719 4390 Egregiis
773 4305 844 4366 et
894 4291 1251 4368 Nobilibus
1303 4292 1746 4367 Vniuersitati
1797 4291 2136 4367 Nobilium
2194 4303 2263 4366 et
2313 4291 2844 4387 Regnicolarum
2898 4287 3128 4386 Regni
3178 4294 3396 4367 nostri

118 4391 482 4492 semonia,
534 4397 882 4472 Fidelibus
935 4398 1136 4472 nobis
1192 4398 1479 4472 dilectis.

1014 4605 1332 4685 (Sigillum
1378 4604 1640 4685 Royn‘um
1686 4603 1770 4667 ab
1800 4614 1982 4668 catus
2028 4611 2461 4687 cappro-utun.)

118 4787 238 4859 Orig.
269 4795 319 4846 ln
352 4795 582 4849 Archivo
618 4796 785 4866 Regni
824 4794 1081 4850 Croniae.
1135 4793 1271 4848 Priv.
1305 4793 1365 4850 N.
1405 4795 1523 4849 ¹23.

2814 5502 2965 5602 34·
