3950 5917
427 416 627 504 an*

429 652 672 711 coram
726 632 977 708 eodem
1031 627 1477 730 comparendi
1525 630 1890 705 terminum
1960 626 2388 722 assignando
2440 616 2950 725 competenter,
3018 634 3226 724 prout
3287 629 3502 724 ipsius
3565 629 3786 721 regni

426 737 801 815 Sclauonie
853 736 1137 812 libertas
1190 745 1261 808 et
1314 732 1742 810 consuetudo
1794 732 1866 806 id
1916 735 2221 829 requirit.
2297 732 2549 806 Datum
2598 730 2776 825 Zolij
2830 734 2904 806 in
2954 731 3193 827 vigilia
3241 726 3407 808 festi
3464 732 3786 804 omnium

426 850 823 919 sanctornm
876 858 1059 916 anuo
1112 839 1371 914 domini
1418 832 1941 912 1⁰00001n'
1968 839 2283 934 septimo.

1613 1040 1936 1124 (quilltm
1979 1038 2171 1121 Regis
2214 1038 2587 1117 malano

426 1245 1525 1320 memb-neeffleta.

1959 1873 2238 1958 cvl.

1582 2206 1792 2277 Anno
1853 2201 2092 2277 1382.
2174 2200 2611 2300 Zaqrabt’ae.

424 2492 1001 2574 Ludovicns
1061 2491 1119 2571 Ι.
1181 2489 1387 2571 Rex
1449 2488 1984 2569 libertates
2048 2499 2143 2567 et
2203 2486 2778 2594 Privilegia
2845 2490 3305 2568 civitatis
3371 2486 3777 2569 Cattari'

1819 2626 2374 2705 confirmat.

733 2897 1127 2972 Ludovicus
1200 2896 1314 2969 dei
1367 2900 1586 2991 gratia
1639 2895 1800 2969 Rex
1851 2893 2229 2989 Ungariae,
2296 2894 2655 2987 Poloniae,
2729 2895 3117 2971 Dalmatiae
3170 2906 3305 2970 etc.
3408 2895 3772 2971 Fidelibus

424 3005 572 3080 suis
623 3000 995 3092 ludicibus,
1043 2998 1349 3074 Consilio
1404 3009 1475 3074 et
1511 2999 1871 3073 Communi
1924 3002 2221 3073 civitatis
2275 3008 2557 3074 nostrae
2612 2997 3057 3076 Catharensis
3111 3001 3402 3075 salntem
3454 3009 3526 3073 et
3579 3022 3766 3093 gra-

416 3109 607 3178 tiam.
708 3102 944 3178 Missis
1015 3103 1105 3178 ad
1154 3113 1439 3178 nostrae
1510 3102 1949 3178 CelsitudInis
2022 3113 2473 3199 conspectum
2540 3101 2878 3177 Damiano
2943 3113 3013 3176 et
3063 3103 3346 3195 Marco,
3384 3107 3634 3177 nuntiis
3690 3112 3772 3178 et

422 3205 1033 3282 ambasciatoribus
1104 3211 1389 3300 vestriS,
1461 3230 1557 3280 ex
1607 3216 1801 3303 parte
1871 3215 2111 3280 vestra
2179 3205 2382 3280 nobis
2456 3210 2677 3280 extitit
2738 3206 3080 3280 humiliter
3131 3208 3579 3303 supplicatum
3630 3227 3776 3302 per

422 3310 738 3403 eosdem,
790 3311 973 3407 quod
1026 3314 1181 3406 quia
1234 3314 1385 3409 ipsa
1439 3313 1684 3385 civitas
1738 3319 1976 3385 nostra
2033 3306 2502 3401 Catharensis,
2564 3320 2705 3383 tum
2757 3321 3038 3406 propter
3088 3309 3521 3407 inopinabilis
3573 3311 3774 3403 ignis

420 3415 767 3504 incendia,
822 3425 962 3488 tum
999 3417 1205 3488 etiam
1256 3423 1538 3510 propter
1589 3416 1960 3486 maximam
2014 3435 2335 3507 guerram
2371 3410 2798 3486 Venetorum
2851 3424 3015 3487 tunc
3058 3424 3453 3490 nostrorum
3505 3410 3782 3486 aemu'-

418 3518 642 3591 lorum
695 3516 784 3591 de
836 3539 1027 3592 novo
1100 3520 1420 3614 sopitam,
1493 3527 1563 3590 et
1631 3516 1718 3588 ad
1771 3519 1966 3612 pacis
2034 3515 2603 3612 pulchritudinem
2672 3516 3063 3609 deductam,
3143 3514 3632 3592 derobationes
3689 3527 3772 3590 et

420 3619 891 3695 desolationes
945 3642 1087 3695 non
1138 3621 1450 3695 modicas
1520 3641 1855 3715 perpessa
1925 3622 2295 3710 extitisset,
2373 3622 2512 3692 imo
2567 3621 2756 3693 multi
2831 3631 2901 3692 et
2952 3621 3389 3718 quamplures
3458 3643 3556 3693 ex
3607 3623 3770 3716 ipsa

421 3727 702 3799 civitate
755 3732 992 3798 nostra
1048 3722 1137 3794 ad
1172 3732 1544 3797 extraneas
1596 3724 1995 3818 provincias
2048 3732 2134 3795 et.
2153 3731 2424 3797 tenutas
2477 3721 2773 3819 dispersi
2821 3726 3239 3816 extitissent,
3294 3724 3776 3821 supplicantes

300 3830 315 3843 '
417 3837 702 3901 nostrae
772 3828 1117 3901 maiestati
1184 3830 1345 3900 vice
1399 3834 1470 3899 et
1519 3823 1909 3900 nominibus
1980 3829 2263 3916 vestris,
2343 3835 2420 3898 ut
2488 3837 2771 3901 vestrae
2843 3825 3323 3901 Communitati
3391 3850 3478 3900 ac
3530 3826 3768 3900 eidem

416 3933 681 4006 civitati
730 3939 1015 4004 vestrae
1071 3925 1474 4003 Catharensi
1527 3932 1597 4002 in
1633 3932 1905 4023 signnm
1957 3932 2180 4003 nostri
2230 3929 2434 4024 Regii
2485 3928 2876 4003 adminiculi
2926 3929 3310 4004 libertatum
3362 3951 3774 4028 praeroga-

416 4036 603 4109 tivas
641 4041 710 4106 et
746 4036 1119 4128 gratiarnm
1170 4034 1560 4131 privilegia,
1614 4032 1857 4129 quibus
1910 4031 2246 4107 hactenus
2301 4036 2499 4108 cives
2551 4033 2864 4109 eiusdem
2918 4037 3216 4111 civitatis
3268 4045 3552 4110 nostrae
3607 4030 3776 4105 Ga-

416 4137 763 4211 tharensis
845 4140 1093 4232 gavisa
1171 4135 1491 4229 fuissent,
1564 4135 1887 4210 ratificari
1957 4144 2031 4209 et
2082 4135 2473 4210 confirmari
2553 4136 3018 4230 dignaremur,
3095 4147 3195 4229 ut,
3273 4140 3361 4213 iis
3415 4161 3457 4211 a
3514 4146 3760 4213 nostra

415 4238 782 4316 Maiestate
835 4244 1162 4336 graciose
1206 4242 1595 4330 concessis,
1651 4243 1830 4314 sicut
1877 4261 2166 4314 numero
2222 4242 2326 4315 sic
2376 4239 2764 4316 nominibus
2816 4242 3118 4338 possetis
3188 4239 3515 4315 fidelitate
3565 4241 3770 4313 mul-—

415 4345 709 4441 tiplicari
750 4352 832 4417 ‘et
887 4348 1153 4438 augeri,
1223 4344 1581 4441 profectus
1653 4352 1725 4415 et
1790 4343 2078 4417 honoris
2150 4345 2436 4416 materia
2490 4365 2533 4416 a
2584 4354 2825 4418 vestra
2867 4343 3397 4418 communitate
3465 4355 3772 4419 nostrae

415 4450 821 4543 proveniret
872 4450 1232 4525 maiestati.
1328 4447 1478 4524 Nos
1529 4451 1758 4542 itaque
1813 4446 2301 4522 considerante
2335 4446 2537 4543 quod
2575 4469 2730 4521 cum
2782 4450 3040 4523 nostris
3094 4447 3411 4524 fidelibus
3465 4446 3772 4524 subditis

414 4552 489 4621 in
560 4572 800 4624 eorum
879 4549 1383 4627 narrationibus
1461 4551 1834 4645 gratiarnm
1914 4553 2441 4647 praerogativas
2508 4554 3094 4643 concesserimus,
3175 4561 3245 4625 et
3298 4551 3457 4626 dum
3513 4572 3770 4625 eorum

418 4672 636 4725 onera
687 4652 1230 4747 removebimus,
1283 4656 1353 4727 in
1397 4656 1704 4751 ipsorum
1757 4654 1986 4749 quiete
2039 4656 2487 4749 quiescimus,
2541 4664 2615 4728 et
2665 4654 2986 4730 fovemus
3038 4658 3110 4729 in
3145 4677 3348 4751 pace,
3401 4657 3774 4751 praemis-

418 4754 520 4829 sis
573 4754 1200 4849 supplicationibus,
1253 4779 1349 4831 ex
1380 4766 1577 4852 parte
1612 4758 1832 4831 vestri
1882 4766 2166 4833 nostrae
2212 4759 2550 4855 porrectis
2588 4757 2963 4850 MaJestati,
3017 4762 3327 4853 gratiose
3381 4756 3763 4851 exauditis,

423 4855 772 4949 admissis,
822 4863 1359 4954 praemissarum
1411 4857 1825 4952 libertatum,
1876 4864 2515 4958 praerogativarum
2551 4870 2622 4935 et
2652 4866 3027 4958 gratiarum
3059 4862 3451 4958 privilegia,
3506 4860 3771 4957 quibus

418 4959 756 5036 hactenus
826 4964 1056 5055 gavisi
1106 4964 1457 5055 extitistis,
1539 4962 2027 5039 confirmantes
2106 4962 2551 5058 ratificamus,
2633 4987 2990 5063 quousque
3045 4964 3177 5040 sibi
3227 4965 3382 5039 Deo
3460 4967 3763 5062 propitio

417 5063 670 5137 dictam
722 5066 1074 5139 civitatem
1126 5076 1431 5143 nostram
1503 5064 1997 5143 Catharensem
2068 5069 2527 5165 personaliter
2594 5068 3055 5161 visitabimus,
3125 5070 3245 5143 vel
3297 5068 3572 5143 domina
3598 5066 3778 5144 Re·—

416 5169 582 5259 gina
654 5189 950 5245 consors
1022 5180 1260 5245 nostra
1328 5174 1683 5248 carissima
1754 5171 1842 5245 ad
1910 5172 2066 5247 illas
2133 5181 2368 5268 partes
2441 5170 2740 5246 feliciter
2809 5172 3215 5247 accedendo
3285 5170 3616 5265 visitabit,
3687 5180 3774 5248 eb

415 5279 562 5342 tum
613 5292 774 5363 nos,
827 5281 945 5346 aut
995 5272 1244 5349 eadem
1305 5273 1579 5349 domina
1630 5275 1931 5371 Regina,
2003 5296 2214 5372 super
2281 5273 2715 5371 qualitatibus
2784 5275 3170 5351 libertatum
3239 5285 3632 5352 vestrarum
3679 5276 3768 5350 in

410 5371 672 5448 ”Rus
723 5378 1091 5470 sciscitari,
1142 5387 1219 5455 et
1267 5381 1539 5477 experti
1591 5377 1681 5455 de
1733 5386 1978 5456 vestro
2032 5378 2484 5455 commodiori
2531 5389 2630 5457 et
2671 5380 2918 5456 tutiori-
2969 5389 3178 5473 stam,
3227 5401 3320 5455 ac
3366 5377 3774 5457 libertatum
