3950 5917
3293 450 3454 526 040

156 666 420 729 atrorum
469 655 818 749 proposita
870 652 1188 740 fuissent,
1244 674 1330 724 ac
1374 674 1469 723 ex
1500 660 1693 747 parte
1747 673 2018 749 quoque
2071 651 2451 728 Maiestatis
2502 662 2784 727 nostrae
2835 652 3104 748 Regiae
3160 666 3446 730 secutae

56 801 57 866 ἡ
158 769 413 830 eatenus
460 756 798 850 benignae
849 755 1318 829 Resolutionis
1372 764 1618 849 puncta
1675 776 1803 827 seu
1857 753 2389 852 Capitulationes
2462 755 2705 828 iisdem
2757 756 3211 851 Angustanae
3264 758 3444 831 Hel-

158 864 531 953 veticaeque
603 856 1083 934 Confessionis
1156 856 1442 930 addictis
1512 879 1637 952 pro
1706 856 1889 931 bono
1943 861 2136 953 pacis
2190 868 2262 931 et
2309 859 2790 954 tranquillitate
2864 860 3151 955 praefati
3218 861 3449 956 Regni

158 966 346 1038 nostri
395 963 811 1056 Hungariae,
873 959 1317 1056 eiusdemque
1365 969 1649 1062 paterna
1698 983 1863 1038 cura
1916 970 1989 1036 et
2023 960 2477 1035 sollicitudine
2530 971 2766 1035 nostra
2818 966 3124 1054 gratiose
3178 966 3445 1061 imper-

164 1070 300 1140 titae
345 1066 644 1162 perlecta
699 1067 1148 1138 exstitissent.
1200 1061 1476 1136 Extunc
1517 1057 1702 1136 idem
1736 1061 2070 1159 Magister
2103 1064 2647 1155 Protonotarins,
2701 1069 3104 1161 interposita
3156 1077 3446 1142 eatenus

156 1170 394 1244 solenni
443 1171 936 1265 protestatione
989 1166 1078 1240 de
1110 1188 1252 1239 non
1305 1166 1801 1241 consentiendo
1856 1171 1926 1240 in
1962 1166 2253 1242 eandem
2304 1166 2671 1261 benignam
2723 1167 3246 1243 Resolutionem
3295 1193 3440 1244 no-

157 1281 338 1346 stram
389 1274 677 1368 eiusque
727 1273 1054 1345 universa
1106 1269 1363 1343 Puncta
1410 1279 1482 1346 et
1522 1269 1859 1365 quaslibet
1913 1267 2474 1366 capitulationes,
2526 1292 2713 1344 neve
2769 1270 3013 1344 eadem
3050 1282 3122 1345 et
3156 1272 3448 1347 eaedem

154 1374 230 1449 de
274 1377 682 1471 praenotatis
732 1372 998 1498 Regnis
1049 1375 1305 1446 nostris
1356 1373 1766 1462 Dalmatiae,
1847 1371 2169 1447 Oroatiae
2221 1383 2293 1446 et
2346 1371 2765 1448 Sclavoniae
2816 1375 3300 1469 intelligantur,
3354 1399 3447 1450 ne

158 1478 482 1574 quidquam
533 1475 811 1550 Juribus
863 1479 1076 1572 ipsius
1129 1479 1569 1573 protestantis
1615 1485 1686 1548 et
1721 1476 2056 1549 dictorum
2106 1477 2583 1573 Principalium
2635 1499 2916 1564 suorum
2971 1480 3445 1574 praeiudicare

158 1584 350 1675 possit
398 1591 467 1654 et
515 1582 750 1654 valeat
801 1589 1075 1676 quoquo
1130 1578 1334 1652 modo
1391 1578 1478 1651 de
1527 1583 1876 1675 praesenti
1928 1579 2050 1657 vel
2097 1582 2306 1652 etiam
2356 1582 2429 1652 in
2479 1579 2795 1653 futurum.
2902 1579 3052 1667 Qua
3106 1582 3452 1656 eiusmodi

159 1683 445 1762 exaudita
511 1694 584 1757 et
633 1673 813 1757 bene
883 1683 1255 1771 intellecta,
1325 1686 2065 1778 praementionatorum
2116 1683 2568 1777 Augustanae
2622 1693 2693 1764 et
2740 1683 3190 1765 Helveeticae
3243 1682 3443 1770 Gon-

155 1785 414 1860 fessioni
464 1785 891 1860 addictorum
924 1784 1251 1880 Ablegati
1305 1795 1373 1858 et
1408 1785 1986 1881 Plenipotentiarii
2011 1789 2510 1881 protestationi
2561 1785 2811 1859 ibidem
2865 1808 2999 1859 una
3057 1810 3211 1860 cum
3265 1810 3446 1862 cae-

155 1894 299 1963 teris
345 1889 746 1984 Regnicolis
799 1892 869 1962 in
919 1889 1146 1964 Domo
1196 1883 1587 1963 Oonsessus
1660 1890 1842 1964 soliti
1896 1891 2305 1978 existentes,
2378 1889 2543 1962 nihil
2596 1911 2675 1963 se
2724 1892 2794 1963 in
2845 1889 3237 1986 praelibatis
3289 1890 3447 1965 Re-

152 1996 290 2085 gnis
338 1997 587 2067 nostris
640 1993 1049 2082 Dalmatiae,
1122 1990 1442 2066 Groatiae
1495 2001 1565 2064 et
1617 1989 2036 2066 Sclavoniae
2107 1991 2333 2085 quoad
2385 1996 2765 2088 praemissa
2820 1996 3248 2087 gravamina,
3303 2016 3445 2091 po-

154 2097 526 2171 stulationes
584 2105 655 2168 et
703 2095 1071 2170 Instantias
1125 2117 1288 2169 snas
1341 2103 1429 2172 et?
1464 2115 1742 2172 suorum
1795 2095 2299 2189 Principalinm,
2349 2098 2843 2191 -praeviaeque
2893 2095 3237 2190 benignae
3287 2097 3447 2188 ‚Ro-4

153 2200 483 2273 solutionis
534 2209 816 2272 nostrae
868 2198 1126 2270 Puncta
1181 2207 1252 2270 et
1304 2196 1863 2293 capitulationes,
1916 2196 2487 2293 inductionesque
2540 2208 2656 2271 aut
2708 2219 3148 2294 quascunque
3211 2222 3445 2273 exco-

151 2300 438 2391 gitabiles
489 2305 1133 2397 interpraetationes
1188 2310 1259 2373 et
1309 2300 1791 2390 formalitates,
1865 2300 2280 2375 sanciendos
2352 2300 2646 2394 denique
2717 2301 3005 2374 forsitan
3080 2302 3448 2398 superinde

152 2406 474 2496 articulos,
529 2404 761 2499 Leges
796 2406 913 2477 vel
950 2403 1214 2476 Statuta
1270 2405 1642 2500 postulare,
1692 2411 1807 2477 aut
1858 2407 2106 2499 quovis
2162 2403 2287 2478 sub
2325 2413 2685 2500 praetextu
2738 2405 2857 2478 vel
2894 2406 3134 2478 colore
3186 2403 3448 2480 habere

152 2508 338 2598 velle,
389 2510 601 2581 multo
656 2512 878 2582 minus
930 2506 1381 2603 praetendere
1429 2530 1566 2581 uno
1622 2529 1747 2581 ore
1801 2508 2314 2581 conclamantes
2386 2506 2930 2603 respondissent,
3011 2511 3452 2605 unanimique

151 2631 312 2683 voce
362 2621 431 2685 et
480 2622 652 2686 voto
707 2621 1255 2700 assecurassent,
1334 2614 1473 2683 imo
1531 2621 1775 2706 sponte
1830 2633 1916 2683 ac
1964 2610 2313 2684 benevole
2364 2611 2675 2706 ultroque
2711 2613 2779 2683 in
2817 2610 3109 2684 eandem
3164 2613 3446 2685 antelati

154 2713 578 2789 Protestantis
660 2714 1293 2800 contradictionem,
1372 2712 1843 2787 Inhibitionem
1916 2723 1989 2786 et
2051 2718 2616 2810 protestationem
2694 2712 2929 2804 modo,
3009 2736 3143 2809 quo
3216 2736 3450 2810 supra,

154 2814 376 2890 factam
432 2821 981 2909 consensissent,
1052 2815 1478 2912 eandemque
1548 2816 1970 2913 acceptando
2039 2827 2284 2908 ratam,
2354 2826 2620 2910 gratam
2687 2827 2891 2913 atque
2960 2815 3218 2890 firmam
3272 2829 3458 2914 pro-⁴

157 2924 596 2996 nunciassent.
705 2920 904 2995 Unde
956 2929 1093 2993 tam
1146 2942 1376 2993 coram
1431 2918 1692 2994 Eadem
1745 2926 2136 3016 praesentia
2189 2929 2425 2994 nostra
2478 2920 2726 3013 Regia,
2781 2942 2980 3014 quam
3034 2930 3105 2993 et
3140 2921 3458 2995 antelatis

154 3027 472 3099 universis
528 3022 831 3098 Statibus
886 3034 957 3096 et
1008 3022 1371 3098 Ordinibus
1423 3026 1667 3097 iterum
1729 3034 1933 3119 atque
2004 3026 2244 3096 iterum
2321 3022 2688 3118 superinde
2757 3024 3135 3097 solenniter
3203 3033 3454 3120 prote-

154 3126 399 3217 stando,
451 3129 800 3202 universis
855 3137 925 3200 et
978 3127 1261 3220 singulis
1341 3130 1669 3222 praeviae
1745 3125 2090 3219 benignae
2169 3125 2635 3199 Resolutionis
2712 3136 2995 3199 nostrae
3065 3131 3330 3222 punctis
3385 3134 3458 3201 et

154 3230 720 3325 capitulationibus
789 3232 1045 3304 nostris
1118 3229 1673 3319 contradixisset,
1745 3227 2126 3322 eademque
2181 3238 2252 3301 et
2305 3227 2586 3302 easdem
2639 3227 3097 3323 prohibuisset
3147 3239 3218 3302 et
3266 3229 3457 3301 inhi-

154 3329 416 3424 buisset,
468 3343 673 3431 prout
723 3342 1136 3429 protestatus
1188 3332 1436 3407 fuisset
1488 3330 2053 3423 contradicendo,
2127 3331 2493 3405 inhibendo
2549 3341 2618 3404 et
2667 3330 3089 3427 prohibendo
3163 3340 3458 3403 contra-

154 3433 415 3528 diceret,
492 3438 788 3533 denique
860 3445 932 3510 et
988 3435 1327 3509 inhiberet
1388 3434 1915 3532 prohiberetque
1989 3433 2430 3531 protestando
2486 3435 2736 3530 palam,
2812 3433 3080 3531 publice
3117 3443 3188 3505 et
3220 3436 3454 3506 mani-

153 3535 333 3611 feste.
436 3541 696 3613 Harum
773 3550 1159 3615 nostrarum
1233 3537 1454 3630 Sigilli
1505 3541 1723 3612 nostri
1759 3538 2112 3611 Judicialis
2175 3547 2247 3610 et
2306 3536 2697 3625 authentici,
2779 3537 2956 3633 apud
3010 3557 3455 3633 praememo-

152 3651 347 3714 ratam
423 3645 887 3739 praesentiam
956 3652 1258 3716 nostram
1314 3641 1546 3732 habiti,
1625 3645 1995 3715 munimine
2073 3639 2542 3714 roboratarum
2623 3642 2871 3733 vigore
2943 3649 3013 3711 et
3063 3642 3454 3712 testimonio

152 3741 533 3819 Litterarum
585 3745 947 3819 mediante.
1053 3746 1300 3818 Datum
1356 3748 1422 3818 in
1477 3755 1895 3840 praeattacta
1951 3744 2245 3819 civitate
2315 3753 2550 3816 nostra
2622 3741 3073 3838 Soproniensi
3124 3764 3250 3837 pro
3302 3741 3457 3815 Fe-

150 3857 245 3919 sto
313 3853 612 3924 omnium
665 3847 1073 3923 Sanctorum
1155 3848 1358 3921 Anno
1422 3848 1696 3920 Domini
1748 3848 2114 3922 millesimo
2170 3845 2699 3920 Sexcentesimo
2755 3845 3243 3939 Octnagesimo
3296 3847 3451 3942 pri-

148 3970 249 4023 mo
302 3961 763 4050 supranotato.

440 4133 907 4230 Leopoldus
962 4155 1050 4206 m.
1104 4154 1169 4229 p.

1216 4332 1452 4411 (Locus
1493 4331 1705 4413 sigilli
1743 4332 2092 4397 Judicialis
2135 4331 2373 4410 Beati.)

1054 4546 1143 4610 Ιιι
1209 4545 1540 4612 dextro
1599 4546 2052 4611 inferiori
2116 4546 2541 4631 margine.

447 4738 657 4812 Lecta
710 4749 782 4810 et
835 4737 1192 4811 extradata
1263 4758 1389 4833 per
1439 4760 1550 4812 me
1612 4737 2029 4834 Stephanum
2102 4735 2332 4810 Orban
2402 4734 2871 4810 Altetitulatae
2944 4732 3130 4808 Suae
3195 4733 3461 4808 Sacrae

155 4837 534 4936 Caesareae
586 4842 990 4938 Regiaeque
1057 4840 1439 4916 Maiestatis
1507 4841 1903 4916 Personalis
1972 4840 2421 4916 Praesentiae
2473 4843 2543 4913 in
2594 4838 2879 4914 Judiciis
2940 4837 3460 4913 Locumtenen-

155 4948 278 5016 tem
329 4954 402 5018 et
449 4942 928 5020 Consiliarinm
979 4967 1069 5018 m.
1120 4968 1187 5041 p.

153 5139 285 5215 orig.
315 5147 370 5200 tn
407 5145 635 5202 Archivo
670 5146 840 5219 Regni
877 5147 1134 5201 croatiae.
1170 5144 1304 5199 Priv.
1340 5143 1401 5198 Π.
1440 5142 1630 5212 1407„
