3950 5917
471 396 629 511 boo

470 643 901 716 imminencia
975 664 1070 713 ex
1139 643 1308 736 ipsis
1362 643 1664 764 pericula
1741 663 1992 735 magno
2068 640 2304 714 labore
2362 607 2432 713 et
2484 644 2694 739 longo
2766 655 3105 740 tempore,
3188 646 3456 738 magnis
3477 611 3663 717 item
3709 655 3772 718 et

467 743 1059 840 inexplicabilibus
1114 748 1444 839 expensis
1498 749 1753 819 nostris
1810 756 1879 818 et
1930 744 2131 818 huius
2184 743 2410 838 Regni
2447 751 2667 820 nostri
2723 747 3252 843 depulissemus,
3308 748 3541 843 procul
3590 745 3768 820 dubio

470 834 790 943 Regnum
841 848 977 920 hoc
1030 869 1252 941 Vsque
1308 847 1394 918 ad
1449 857 1832 919 extremum
1889 868 2303 919 concussum
2360 847 2606 921 fuisset
2661 859 2731 922 et
2785 849 3258 943 defatigatum:
3316 848 3476 920 nihil
3527 849 3772 924 condu-

470 949 769 1047 cibilius.,
822 950 986 1022 nihil
1036 951 1397 1024 salutarius
1452 953 1520 1021 in
1556 961 1854 1022 mentem
1908 952 2124 1040 venit,
2177 973 2313 1023 nec
2366 954 2602 1046 apcius
2658 952 2745 1024 ad
2802 951 3349 1026 conseruandum
3401 951 3535 1023 hoc
3581 955 3775 1046 ipsum

468 1053 789 1159 Regnum
844 1057 913 1125 in
968 1075 1095 1126 sua
1144 1051 1457 1125 libertate
1513 1064 1581 1124 et
1632 1053 2138 1148 tranquillitate,
2202 1053 2290 1124 ad
2342 1054 2712 1127 tollendam
2770 1054 3062 1149 denique
3116 1057 3555 1127 occasionem
3601 1054 3775 1126 futu-

470 1175 705 1229 rorum
758 1154 1094 1229 bellorum
1149 1166 1218 1228 et
1270 1156 1759 1244 discriminum,
1815 1160 2174 1250 quicquam
2229 1155 2455 1245 subiit„
2540 1180 2741 1251 quam
2795 1168 2872 1229 vt
2923 1158 3426 1230 Illustrissimus
3477 1146 3775 1251 Princeps

468 1255 805 1332 Dominus
876 1258 1266 1332 Lodouicus
1337 1259 1521 1347 Dux,
1596 1260 2036 1332 charissimus
2115 1257 2287 1332 filius
2358 1268 2622 1351 noster,
2696 1283 2897 1382 quem
2966 1283 3006 1332 a
3059 1260 3214 1333 Deo
3284 1261 3436 1354 ipso
3506 1262 3777 1331 maximo

471 1373 616 1436 non
669 1363 889 1435 solum
942 1366 1013 1435 in
1065 1371 1396 1448 nostram„
1454 1362 1578 1434 sed
1632 1367 1700 1434 in
1753 1362 1950 1435 huius
2005 1361 2232 1454 Regni
2270 1366 2487 1434 nostri
2542 1372 2611 1435 et
2661 1367 2990 1437 vniuerse
3047 1359 3566 1435 Christianitatis
3617 1383 3779 1434 con-

473 1463 898 1561 solacionem
956 1464 1182 1539 datum
1239 1474 1309 1536 et
1346 1465 1666 1536 donatum
1723 1487 1884 1537 esse
1940 1463 2368 1552 arbitramur,
2422 1465 2620 1538 nobis
2659 1469 2841 1539 viuis
2897 1475 2967 1537 et
3018 1463 3314 1537 feliciter
3364 1463 3779 1556 regnantibus

475 1573 948 1641 coronaretur.
1060 1568 1321 1663 Quippe
1398 1577 1532 1638 non
1600 1567 1806 1656 modo
1879 1565 2071 1638 firma
2148 1588 2309 1662 spes
2365 1577 2497 1656 est,
2577 1590 2819 1641 verum
2892 1571 3098 1640 etiam
3166 1570 3357 1639 racio
3410 1570 3623 1661 ipsam
3672 1565 3779 1636 af-

470 1667 726 1762 iirmat,
806 1669 1152 1743 Coronato
1208 1670 1344 1743 hoc
1398 1681 1706 1765 tempore
1788 1669 2035 1742 eodem
2091 1667 2366 1741 domino
2421 1670 2642 1760 Duce,
2719 1681 2789 1742 et
2840 1680 3281 1743 externorum
3351 1663 3676 1741 bellorum
3723 1678 3782 1737 et

478 1778 947 1849 intestinarum
1030 1774 1537 1846 dissensionum
1592 1783 1793 1867 atque
1849 1771 2341 1856 discordiarum
2399 1777 2697 1845 omnium
2749 1772 3076 1850 fomitem.
3120 1782 3190 1845 et
3244 1765 3598 1858 materiam
3648 1768 3781 1841 Co-

477 1880 929 1949 ronacionem
1001 1880 1218 1971 ipsam
1290 1873 1443 1947 fore
1518 1875 1954 1947 sublaturam.
2063 1872 2520 1960 Quamobrem
2594 1898 2747 1947 cum
2819 1876 2955 1948 hoc
3009 1872 3433 1949 salutiferum
3477 1882 3782 1954 ,nostrum

476 1983 900 2076 propositum
956 1990 1024 2050 et
1079 1976 1658 2051 deliberacionem
1714 1983 1781 2050 in
1837 1981 2141 2072 presenti
2195 1977 2392 2049 Dieta
2448 1989 2517 2051 et
2573 1975 3063 2051 Conuencione
3118 1977 3431 2071 generali
3500 1998 3618 2071 pro
3677 1978 3783 2046 vi-

476 2087 746 2177 gesima
804 2080 913 2153 die
968 2081 1126 2154 festi
1179 2081 1364 2153 beati
1420 2080 1703 2173 Georgii
1755 2080 2077 2176 Martyris
2133 2084 2446 2174 proxime
2501 2086 2827 2154 transacti
2879 2104 3003 2176 per
3053 2103 3184 2154 nos
3241 2077 3587 2152 celebrata
3634 2080 3784 2149 vni-

478 2188 707 2257 uersis
761 2185 1071 2256 Dominis
1127 2183 1443 2262 Prelatis„
1500 2182 1907 2271 Baronibus.,
1983 2187 2371 2275 ceterisque
2437 2184 2865 2275 Regnicolis,
2940 2204 3114 2276 quos
3167 2182 3366 2255 huius
3420 2185 3522 2253 rei
3576 2183 3784 2274 gracia

481 2288 571 2359 ad
622 2288 801 2358 hunc
856 2286 1037 2358 diem
1090 2290 1465 2359 conuocari
1517 2286 1933 2372 feceramus,
1991 2288 2585 2378 exposuissemus,
2661 2286 3084 2380 eosdemque
3139 2285 3512 2359 fuissemus
3564 2284 3788 2354 hortati

481 2402 554 2463 et
605 2409 1080 2481 rogassemus,
1137 2399 1212 2461 vt
1266 2389 1354 2461 ob
1402 2392 1777 2483 premissas
1831 2398 1901 2460 et
1953 2387 2182 2481 plures
2253 2388 2424 2460 alias
2495 2392 2663 2484 ipsis
2718 2388 3186 2462 conducibiles
3259 2409 3509 2460 causas
3562 2396 3628 2458 et
3676 2406 3786 2456 ra-

480 2496 726 2566 ciones
799 2502 1179 2564 annuerent
1233 2500 1303 2563 et
1355 2490 1741 2562 volentibus
1806 2493 2049 2562 animis
2122 2491 2559 2579 accederent„
2633 2491 2966 2585 prefatum
3019 2491 3551 2564 Illustrissimum
3603 2486 3787 2559 filium

481 2606 791 2669 nostrum
846 2595 1189 2667 dominum
1258 2593 1678 2665 Lodouicum
1749 2593 2011 2664 Ducem
2088 2615 2242 2664 cum
2298 2615 2495 2665 sacra
2552 2592 2827 2667 Corona
2897 2595 3094 2669 huius
3145 2592 3395 2687 -Regni
3449 2612 3784 2674 coronares,

480 2698 697 2771 Iidem
778 2697 1030 2769 domini
1098 2697 1349 2768 Prelati
1423 2706 1492 2768 et
1544 2693 1880 2786 Batone5‚
1960 2698 2403 2790 vniuersique
2472 2695 2856 2790 Regnicole
2938 2719 3060 2792 pro
3127 2718 3364 2768 eorum
3443 2717 3608 2788 erga
3675 2712 3785 2763 nos

482 2804 927 2895 integerrima
997 2821 1272 2894 semper
1341 2797 1518 2886 fide,
1600 2797 1922 2869 fidelitate
1995 2807 2064 2869 et
2134 2799 2462 2891 singulari
2539 2799 2921 2872 deuocione
2994 2810 3065 2871 et
3126 2797 3534 2870 obediencia
3598 2795 3787 2868 veluti

483 2902 651 2977 boni
705 2912 772 2973 et
827 2901 912 2973 de
965 2899 1322 2975 beneficiis
1377 2904 1630 2974 nostris
1681 2903 1857 2996 grati
1911 2900 2157 2973 subditi
2211 2904 2415 2973 animi
2493 2905 2792 2997 ipsorum
2866 2900 3289 2977 eiuscemodi
3340 2911 3579 2974 nostre
3628 2901 3789 2993 peti-

484 3008 675 3078 cioni
738 3014 806 3076 et
858 3003 1200 3077 desiderio
1257 3004 1792 3076 accomodarunt
1845 3014 1916 3076 et
1965 3001 2311 3076 benevole
2380 3016 2876 3094 accesserunt3
2947 3008 3260 3100 petentes
3313 3014 3570 3091 tamen,
3623 3010 3685 3072 et
3730 3004 3789 3070 in

438 3107 743 3180 'effectu
799 3105 977 3177 dicte
1033 3105 1530 3179 Coronacionis
1586 3131 1624 3178 a
1680 3105 1876 3178 nobis
1930 3107 2273 3179 humiliter
2317 3117 2669 3200 optantes:
2744 3118 2822 3179 vt
2874 3131 2998 3202 pro
3054 3107 3278 3179 futura
3330 3111 3632 3202 ipsorum
3679 3125 3789 3176 se-

489 3213 805 3298 curitate,
858 3210 1312 3303 tranquilitate
1370 3221 1439 3281 et
1491 3209 1819 3282 libertatis
1894 3209 2423 3298 obseruacione„
2497 3210 2769 3303 quando
2821 3211 3003 3282 idem
3060 3210 3374 3283 dominus
3429 3209 3792 3281 Lodouicus

488 3314 653 3385 Dux
706 3311 881 3385 filius
935 3323 1176 3384 noster
1228 3312 1452 3385 adhuc
1501 3334 1672 3408 puer
1725 3323 1918 3387 esset
1971 3335 2057 3383 ac
2109 3311 2362 3400 infans,
2433 3322 2571 3384 tam
2623 3317 2693 3385 in
2749 3322 3012 3396 nostra,
3080 3335 3281 3406 quam
3335 3312 3640 3386 eiusdem
3693 3307 3792 3379 filii

493 3419 713 3489 nostri
765 3437 1065 3509 persona
1121 3415 1533 3510 specialibus
1586 3416 1827 3487 litteris
1882 3418 2136 3488 nostris
2217 3418 2791 3509 promitteremuS,
2865 3427 2941 3488 vt
2993 3426 3128 3486 tam
3185 3437 3342 3502 nos„
3416 3437 3615 3510 quam
3665 3416 3794 3506 ipse

492 3518 667 3590 filius
732 3528 972 3590 noster
1041 3517 1329 3590 eosdem
1401 3517 1717 3591 dominos
1771 3519 2081 3589 Prelatos
2140 3527 2208 3588 et
2261 3518 2598 3606 Barones.,
2654 3542 2737 3589 ac
2791 3519 3131 3590 Proceres
3188 3528 3258 3589 et
3310 3517 3594 3591 Nobiles
3644 3517 3791 3586 vni-

491 3643 915 3714 uersumque
968 3620 1285 3715 Regnum
1337 3624 1403 3692 in
1442 3622 1761 3694 Decretis
1817 3643 1900 3691 ac
1954 3622 2314 3691 concessis
2364 3623 2527 3714 ipsis
2581 3643 2706 3714 per
2740 3644 2869 3693 nos
2924 3621 3343 3694 libertatibus
3400 3638 3795 3692 conseruare

486 3734 568 3795 et
621 3723 906 3795 easdem
959 3723 1308 3797 libertates
1364 3734 1432 3795 et
1484 3724 1781 3795 Decreta
1839 3727 1985 3816 ipsa
2043 3743 2196 3793 cum
2252 3723 2514 3794 eisdem
2587 3726 2789 3795 etiam
2865 3724 3155 3796 dominis
3211 3723 3503 3796 Prelatis
3558 3733 3625 3795 et
3668 3720 3794 3790 Ba·-

492 3825 776 3899 ronibus
831 3835 900 3897 et
954 3847 1108 3896 cum
1160 3829 1506 3898 vniuersis
1562 3824 1990 3919 Regnicolis.,
2046 3827 2510 3918 cuiuscunque
2565 3826 2989 3899 condicionis
3044 3826 3318 3913 fuerint,
3401 3843 3796 3899 conseruare

494 3933 700 4001 etiam
775 3928 1187 4002 faceremus.
1294 3929 1620 3999 Preterea
1677 3951 1770 3998 ex
1823 3949 1957 4021 quo
2013 3931 2189 4000 varii
2261 3939 2499 4001 essent
2569 3951 2883 4002 rumores
2952 3952 3047 4000 ex
3118 3939 3310 4023 parte
3383 3924 3800 4001 Serenissimi

498 4031 833 4125 Principis
885 4030 1157 4102 Domini
1213 4029 1654 4102 Maximiliani
1707 4030 2176 4102 Romanorum
2228 4030 2445 4152 Regis
2500 4042 2570 4102 et
2621 4032 2708 4103 de
2764 4032 3120 4104 conatibus
3186 4030 3500 4104 eiusdem
3554 4031 3638 4102 ad
3687 4028 3802 4098 boc

492 4134 841 4226 Regnum,
895 4143 1268 4227 essentque
1320 4135 1500 4205 illius
1554 4135 1872 4206 voluntas
1925 4144 1996 4204 et
2048 4137 2357 4207 actiones
2411 4138 2578 4228 ipsis
2635 4145 2999 4229 suspecte3
3047 4145 3121 4205 vt
3168 4132 3457 4207 eosdem
3511 4134 3800 4207 dominos

492 4235 812 4309 Prelatos
867 4245 936 4308 et
964 4236 1281 4308 Bar-ones
1333 4246 1402 4308 et
1436 4240 1804 4308 vniuersos
1857 4236 2279 4328 Regnicolas
2336 4237 2644 4310 similiter
2696 4239 2938 4311 litteris
2991 4240 3245 4310 nostris
3300 4254 3797 4310 assecuremus:

492 4348 575 4411 vt
626 4361 854 4432 neque
907 4338 1296 4412 viuentibus
1350 4337 1576 4428 nobis,
1630 4362 1855 4433 neque
1911 4337 2355 4414 morientibus
2407 4339 2783 4434 predictum
2839 4341 3044 4412 filium
3099 4350 3407 4412 nostrum
3466 4340 3554 4411 ad
3588 4353 3801 4409 manus

494 4441 812 4516 eiusdem
864 4441 1141 4515 Domini
1191 4441 1659 4514 Romanorum
1711 4442 1955 4536 Regis,
2019 4452 2134 4514 aut
2187 4441 2311 4516 sub
2365 4441 2948 4534 gubernacionem
3001 4454 3117 4515 aut
3167 4444 3448 4516 tutelam
3521 4439 3803 4515 eiusdem

496 4545 618 4617 vel
671 4545 952 4616 alterius
1009 4547 1472 4639 cuiuscunque
1551 4545 1853 4617 forensis
1923 4546 2255 4639 Principis
2311 4567 2448 4616 non
2499 4546 2703 4618 modo
2761 4546 3068 4620 dabimus
3123 4546 3241 4618 vel
3294 4544 3801 4639 assignabimus,

493 4647 630 4721 sed
684 4646 980 4719 eundem
1033 4646 1147 4719 hic
1198 4650 1266 4718 in
1302 4647 1549 4740 Regno
1606 4658 1675 4718 et
1728 4647 1905 4741 apud
1960 4669 2201 4720 manus
2256 4648 2631 4720 eorundem
2685 4648 3117 4722 dominorum
3171 4648 3624 4736 Prelatorum‚
3674 4645 3800 4717 Ba·-

496 4771 746 4822 ronum
800 4772 885 4820 ac
938 4749 1351 4845 reliquorum
1405 4750 1938 4842 Regnicolarum
1990 4753 2328 4822 mittemus
2385 4751 2470 4823 ad
2523 4750 3057 4845 gubernandum.
3165 4752 3427 4823 Idcirca
3485 4774 3641 4839 noS,
3710 4745 3802 4841 qui

501 4874 630 4947 per
679 4851 1066 4925 huiusmodi
1120 4852 1238 4924 filii
1289 4856 1506 4925 nostri
1561 4851 2110 4925 Coronacionem
2166 4856 2439 4925 nonnisi
2486 4853 2766 4944 bonum,
2823 4855 3256 4930 commodum
3312 4877 3394 4926 ac
3432 4862 3804 4950 perpetuam

500 4955 1052 5049 tranquillitatem
1126 4954 1286 5027 dicti
1354 4954 1583 5048 Regni
1652 4959 1869 5028 nostri
1937 4956 2287 5046 Hungarie
2359 4979 2443 5026 ac
2514 4968 2902 5029 ceterorum
2971 4958 3366 5051 Regnorum
3439 4966 3803 5030 nostrorum

506 5060 884 5152 querimus„
954 5079 1088 5130 nec
1156 5061 1514 5152 quicquam
1587 5061 1828 5152 priuati
1902 5058 2244 5130 commodi
2315 5068 2429 5130 aut
2480 5061 2783 5132 Vtilitatis
2837 5064 2904 5132 in
2961 5060 3095 5132 hoc
3150 5070 3487 5155 optamus,
3559 5069 3634 5129 vt
3681 5067 3798 5128 tam

499 5155 694 5255 'pium
750 5183 835 5231 ac
887 5170 1195 5235 sanctum
1252 5183 1423 5256 opus
1476 5160 1680 5234 finem
1755 5172 2050 5257 optatum
2108 5173 2607 5256 consequatur-3
2676 5166 3125 5258 promittimus
3179 5167 3246 5236 in
3300 5161 3519 5237 verbo
3592 5168 3804 5232 nostro

502 5262 735 5354 Regio
785 5283 908 5355 pro
961 5263 1158 5336 nobis
1215 5273 1283 5333 et
1332 5286 1455 5356 pro
1510 5264 1755 5336 eodem
1827 5264 2291 5337 Illustrissimo
2361 5267 2498 5337 filio
2568 5276 2832 5354 nostro,
2904 5269 3384 5361 vniuersisque
3454 5260 3800 5337 heredibus

500 5365 586 5431 ’et
639 5364 1161 5436 successoribus
1216 5368 1495 5455 nostris,
1553 5376 1626 5440 vt
1678 5370 2056 5460 prescripta
2107 5367 2406 5440 Decreta
2464 5378 2532 5439 et
2588 5370 2813 5440 omnia
2866 5373 2937 5443 in
2990 5370 3120 5443 illis
3178 5376 3523 5459 contenta,
3579 5365 3698 5441 sed
3749 5369 3805 5431 et
