3950 5917
558 379 723 454 820

558 593 673 662 nis
722 585 885 662 dicti
937 584 1380 662 Commitatus
1432 585 1800 662 Crisiensis
1851 584 2194 660 Maiestati
2226 593 2526 668 nostrae
2579 587 2802 658 extitit
2850 583 3220 675 bumilime,
3271 592 3601 679 quatenus
3645 605 3845 679 prae-

564 700 835 766 notatas
886 701 1254 788 quaternas
1287 689 1579 764 Litteras
1622 693 1988 786 omniaque
2027 700 2099 762 et
2129 690 2397 784 singula
2432 692 2502 762 in
2538 690 2801 762 eisdem
2855 698 3200 777 contenta,
3253 698 3466 774 ratas,
3519 696 3735 782 gratas
3782 697 3844 762 et

566 805 853 894 accepta
904 794 1234 869 babentes
1285 792 1691 890 Litterisque
1743 798 1997 867 nostris
2047 798 2258 867 inseri
2314 804 2384 866 et
2434 791 2713 867 inscribi
2765 792 3126 877 facienteS,
3181 791 3584 888 approbare,
3643 790 3846 864 robo-

567 922 754 990 rare,
831 898 1309 996 ratificareque
1361 920 1445 970 ac
1496 920 1622 995 pro
1674 897 2001 994 praefatis
2055 896 2409 971 Nobilibus
2461 901 2530 970 in
2575 896 3141 972 Possessionibus
3211 895 3573 992 praedictis
3648 917 3727 967 ac
3785 898 3846 967 in

569 1003 977 1077 Commitatu
1029 1004 1326 1077 antelato
1381 1000 1713 1077 Crisiensi
1762 1001 2214 1076 existentibus
2268 1011 2339 1074 et
2391 1000 2995 1092 commorantibus,
3048 1000 3335 1096 aliisque
3386 998 3634 1072 ibidem
3683 1021 3852 1071 con·

570 1107 1087 1182 divisionalibus
1141 1118 1211 1182 et
1263 1109 1565 1203 legitime
1614 1109 2195 1202 comportionatis,
2250 1108 2437 1178 iuxta
2489 1127 2748 1178 ramum
2805 1103 3272 1199 Genealogiae
3325 1114 3396 1178 et
3447 1107 3848 1199 comportio-

563 1214 863 1286 nalitatis
907 1210 1308 1301 eorundem,
1346 1207 2004 1304 successoribusque
2037 1219 2106 1282 et
2136 1208 2640 1304 posteritatibus
2691 1213 2991 1304 ipsorum
3053 1211 3402 1305 utriusque
3439 1229 3650 1280 sexus
3685 1206 3848 1280 Uni-

562 1318 793 1389 versis
826 1318 1263 1402 innovantes,
1316 1324 1648 1412 perpetuo
1687 1315 2010 1386 valituras
2048 1319 2352 1408 gratiose
2407 1312 2814 1386 confirmare
2867 1314 3321 1407 dignaremur.
3380 1311 3670 1398 Quarum
3705 1315 3848 1405 qui-

566 1418 720 1491 dem
754 1417 1156 1492 Litterarum
1211 1423 1572 1515 primarum
1625 1428 1826 1490 tenor
1876 1419 2032 1490 talis
2086 1427 2212 1489 est.
2267 1417 2412 1490 Nos
2452 1416 2738 1489 Mathias
2791 1417 2920 1489 Dei
2977 1420 3192 1510 gratia
3247 1415 3403 1488 Rex
3456 1416 3846 1507 Hungariae,

564 1522 936 1595 Bohemiae
965 1528 1093 1596 dcc.
1146 1522 1524 1596 Memoriae
1558 1521 2115 1596 commendamus
2150 1532 2394 1596 tenore
2431 1523 2885 1616 praesentium
2924 1519 3416 1615 significantes,
3452 1516 3687 1614 quibus
3721 1541 3846 1589 ex-

562 1626 749 1721 pedit
780 1624 1168 1711 Universis,
1222 1626 1403 1721 quod
1440 1648 1594 1698 cum
1631 1629 1904 1700 attentis
1943 1635 2014 1697 et
2049 1625 2497 1698 consideratis
2536 1623 2858 1700 fidelitate
2893 1634 2962 1697 et
2997 1622 3307 1698 fidelibus
3353 1625 3650 1697 servitiis
3684 1620 3850 1694 fide-

564 1733 722 1802 lium
759 1739 1148 1803 nostrorum
1184 1729 1676 1805 Universorum
1730 1733 1929 1802 unius
1983 1732 2318 1804 sessionis
2370 1727 2708 1802 Nobilium
2758 1732 2933 1801 intra
2987 1727 3327 1804 Ambitum
3382 1725 3607 1821 Regni
3656 1728 3850 1800 nostri

567 1834 976 1907 Sclauoniae
1029 1832 1255 1909 ubivis
1309 1837 1894 1920 commorantium,
1945 1855 2074 1929 per
2123 1854 2251 1907 eos
2301 1832 2641 1906 Maiestati
2695 1843 2974 1906 nostrae
3026 1830 3347 1905 exhibitis
3401 1840 3471 1904 et
3522 1833 3849 1925 impensis,

562 1948 701 2009 tum
756 1960 930 2011 vero
987 1938 1439 2013 consideratis
1492 1937 1624 2011 illis
1677 1936 2362 2021 incommoditatibus,
2433 1939 2781 2031 ruinisque
2836 1946 2907 2009 et
2959 1934 3520 2023 desolationibus,
3582 1937 3648 2005 in
3697 1954 3851 2029 quas

562 2045 691 2139 ipsi
729 2063 852 2138 per
885 2039 1283 2138 frequentes
1326 2042 1696 2115 Turcarum
1731 2045 2162 2115 incursiones
2198 2051 2268 2113 et
2301 2042 2545 2137 spolia,
2598 2040 3198 2135 desolationesque
3252 2049 3321 2112 et
3366 2036 3852 2111 combustiones

563 2169 601 2216 a
658 2149 866 2219 certis
916 2148 1065 2238 jam
1117 2150 1479 2220 retroactis
1528 2143 1952 2242 temporibus
2007 2145 2377 2218 devenisse
2430 2145 2763 2231 dicuntur,
2817 2145 3136 2217 volentes
3190 2146 3390 2237 igitur
3440 2145 3629 2237 ipsos
3673 2144 3853 2214 unius

562 2253 898 2323 sessionis
951 2248 1232 2325 Nobiles
1285 2250 1374 2324 de
1444 2248 1826 2323 huiusmodi
1905 2253 2205 2345 ipsorum
2262 2247 2771 2321 Calamitatibus
2825 2259 2896 2321 et
2965 2246 3500 2321 desolationibus
3556 2246 3851 2318 relevare

564 2364 634 2426 et
686 2363 989 2428 nostram
1061 2376 1231 2449 erga
1304 2374 1431 2427 eos
1500 2355 1987 2448 aliquantisper
2056 2352 2426 2426 ostendere
2494 2351 2991 2442 liberalitatem,
3063 2352 3347 2425 eosdem
3421 2375 3459 2421 a
3537 2350 3848 2423 solutione

558 2468 873 2530 taxarum
929 2479 1054 2530 seu
1104 2456 1685 2531 Contributionum
1739 2466 2125 2529 nostrarum
2180 2455 2385 2529 medii
2435 2456 2678 2545 Aurei,
2749 2479 2927 2552 quae
2980 2454 3066 2527 ab
3121 2459 3287 2552 ipsis
3341 2453 3674 2528 Maiestati
3715 2472 3848 2524 no-

568 2572 752 2634 strae
803 2564 1176 2656 provenire
1229 2560 1577 2647 deberent,
1655 2563 1725 2633 in
1777 2570 2172 2657 perpetuum
2226 2562 2530 2653 gratiose
2603 2559 2917 2634 duximus
2972 2559 3379 2632 eximendos
3433 2568 3504 2631 et
3575 2577 3848 2652 suppor-

562 2666 837 2754 tandos,
913 2664 1058 2738 Imo
1114 2667 1478 2738 eximimus
1532 2674 1600 2736 et
1653 2674 2127 2760 supportamus
2174 2667 2630 2760 praesentium
2682 2687 2808 2759 per
2858 2667 3195 2758 vigorem.
3262 2662 3602 2749 Quocirca
3652 2657 3847 2732 Vobis

563 2767 874 2843 fidelibus
928 2768 1198 2843 Nostris
1250 2767 1610 2843 Universis
1680 2778 1752 2839 et
1820 2768 2105 2863 singulis
2159 2765 2591 2842 Dicatoribus
2662 2778 2733 2840 et
2800 2766 3240 2841 exactoribus
3322 2784 3848 2862 quarumcunque

558 2884 872 2946 taxarum
933 2894 1062 2946 seu
1116 2869 1694 2946 contributionum
1747 2882 2132 2946 nostrarum
2187 2870 2389 2944 medii
2437 2870 2655 2944 Aurei
2708 2875 2776 2945 in
2830 2871 3011 2944 dicto
3064 2870 3310 2964 Regno
3366 2881 3608 2944 nostro
3657 2867 3845 2942 Scla-

564 2979 818 3049 voniae
897 2979 1280 3051 constitutis
1358 2986 1430 3050 et
1496 2979 1564 3048 in
1634 2973 1928 3048 futurum
2008 2974 2501 3049 constituendis
2578 2974 2817 3048 harum
2904 2978 3088 3048 serie
3182 2972 3574 3048 firmissime
3656 2992 3849 3068 prae-

566 3082 898 3175 cipientes
980 3083 1458 3155 committimus
1528 3089 1599 3153 et
1677 3079 2101 3169 mandamus,
2180 3089 2512 3175 quatenus
2567 3079 2815 3152 amodo
2896 3080 3116 3152 nullus
3196 3082 3473 3154 omnino
3556 3077 3854 3150 Vestrum

562 3205 603 3256 a
673 3181 998 3279 praefatis
1049 3182 1406 3258 Nobilibus
1458 3186 1657 3256 unius
1708 3186 2043 3258 sessionis
2096 3184 2387 3278 aliquam
2471 3191 2699 3256 taxam
2757 3206 2881 3256 seu
2938 3181 3523 3256 Contributionem
3577 3189 3854 3254 nostram

562 3287 700 3360 ullo
752 3309 1045 3383 unquam
1112 3297 1422 3385 tempore
1490 3297 1729 3384 petere
1784 3309 1911 3361 seu
1965 3288 2281 3381 exigere,
2335 3290 2614 3381 petique
2670 3309 2795 3362 seu
2844 3290 3034 3381 exigi
3105 3285 3368 3376 facere,
3421 3295 3543 3359 aut
3592 3283 3854 3359 eosdem

558 3395 826 3464 ratione
878 3412 1019 3464 non
1071 3392 1432 3466 solutionis
1485 3389 1861 3465 eorundem
1913 3394 1983 3464 in
2032 3389 2359 3465 Personis
2411 3389 2752 3487 rebusque
2808 3401 2878 3465 et
2925 3389 3125 3464 bouis
3178 3393 3482 3488 ipsorum
3525 3387 3854 3486 quibusvis

564 3506 801 3568 contra
870 3493 1163 3569 formam
1213 3498 1596 3592 praemisse
1649 3504 1926 3569 nostrae
1980 3497 2329 3589 gratiosae
2381 3496 2838 3591 exemptionis
2889 3493 3190 3585 turbare,
3273 3496 3680 3591 inquietare,
3743 3510 3856 3563 seu

566 3603 811 3694 quovis
864 3598 1072 3673 modo
1126 3598 1565 3674 damnificare
1635 3608 2050 3695 praesumat,
2106 3620 2332 3693 neque
2387 3600 2474 3671 sit
2540 3621 2749 3673 ausus
2803 3620 3075 3695 quoquo
3128 3598 3362 3687 modo,
3415 3600 3682 3691 gratiae
3729 3615 3855 3667 no-

562 3713 747 3777 strae
816 3701 944 3776 sub
1015 3701 1316 3780 obtentu.
1420 3702 1835 3777 Praesentes
1895 3711 2148 3788 autem,
2219 3724 2388 3797 quas
2459 3705 2712 3775 secreti
2780 3712 2852 3775 et
2917 3702 3312 3778 Annullaris
3384 3701 3594 3795 sIgilli
3661 3699 3856 3772 nostri

565 3809 987 3903 appensione
1042 3811 1372 3881 comuniri
1435 3806 1752 3895 fecimus,
1822 3815 1981 3901 post
2032 3828 2265 3878 earum
2336 3806 2664 3879 lecturam
2717 3804 2965 3902 ubique
3035 3807 3229 3880 reddi
3279 3806 3596 3882 iubemus
3661 3822 3857 3899 prae-

570 3913 882 3984 sentanti.
987 3910 1233 3984 Datum
1287 3911 1634 4006 Sopronii,
1686 3907 1862 3982 feria
1916 3911 2142 4005 quinta
2197 3912 2508 4005 proxima
2562 3920 2721 3984 ante
2760 3907 3189 3983 Dominicam
3238 3912 3618 3983 invocavit.
3671 3907 3858 3980 Anno

561 4013 834 4088 Domini
866 4012 1230 4088 Millesimo
1279 4013 1949 4110 quadringentesimo
2005 4017 2476 4107 octuagesimo
2528 4017 2751 4088 tertio.
2803 4012 3202 4109 Regnorum
3249 4024 3644 4089 nostrorum
3675 4011 3861 4084 Hun-

558 4121 799 4214 gariae
852 4122 979 4191 dcc.
1048 4117 1256 4193 Anno
1307 4120 1650 4213 vigesimo
1705 4126 1935 4208 sexto,
2010 4117 2383 4191 Bohemiae
2434 4139 2610 4192 veto
2664 4127 2903 4214 quarto
2958 4117 3248 4191 decimo.
3347 4117 3858 4214 superinscrip-

557 4225 800 4314 tionis
837 4243 1011 4295 vero
1088 4231 1164 4296 et
1229 4224 1719 4317 acceptationis
1772 4243 1896 4316 per
1945 4220 2297 4316 praefatos
2350 4221 2582 4294 Status
2651 4231 2723 4295 et
2772 4220 3065 4295 Ordines
3135 4225 3556 4317 praenotatis
3609 4219 3862 4294 Litteris

563 4347 879 4419 annexae
933 4329 1344 4400 continentia
1425 4325 1578 4400 talis
1631 4334 1788 4401 est:
1893 4322 2102 4399 Anno
2154 4324 2427 4398 Domini
2477 4323 2841 4399 Millesimo
2894 4329 3409 4402 sexcentesimo
3463 4323 3858 4400 duodecimo

560 4429 734 4503 feria
791 4428 1096 4503 secunda
1148 4439 1305 4528 post
1354 4428 1607 4518 festum
1683 4427 2107 4503 Inventionis
2160 4438 2443 4502 sanctae
2498 4427 2764 4518 Crucis,
2833 4431 2903 4503 in
2955 4429 3264 4525 generali
3317 4428 3864 4525 Congregatione

559 4533 1008 4608 Dominorum
1036 4534 1343 4607 Statuum
1378 4555 1465 4607 ac
1499 4532 1894 4621 Ordininum
1938 4531 2335 4628 Regnorum
2383 4531 2791 4624 sclavonia,
2842 4530 3221 4607 Dalmatiae
3274 4543 3347 4606 et
3397 4532 3747 4618 Croatiae,
3779 4548 3859 4602 ex

565 4639 788 4711 edicto
824 4636 1228 4713 Illustrisimi
1261 4637 1535 4712 Domini
1569 4635 1852 4710 Comitis
1894 4634 2199 4723 Thomae
2232 4635 2517 4734 Erdiidy
2551 4647 2681 4712 etc.
2733 4637 3232 4733 praedictorum
3268 4636 3677 4731 Regnorum
3711 4635 3856 4708 nani

559 4748 629 4816 in
670 4740 957 4832 Ciuitate
990 4740 1212 4836 Regia
1246 4740 1463 4815 libera
1499 4744 1746 4828 montis
1782 4738 2200 4814 Graecensis
2232 4738 2682 4836 Zagrabiensi
2715 4740 3087 4832 celebrata,
3123 4740 3540 4822 Praesentes
3579 4740 3858 4816 Litterae

558 4844 1066 4939 Privilegiales,
1139 4844 1711 4943 exemptionales,
1780 4842 2048 4941 publice
2099 4853 2602 4941 praesentatae.
2650 4856 2720 4929 et
2769 4867 2894 4940 per
2943 4844 3093 4919 DD.
3146 4844 3274 4920 SS.
3327 4854 3401 4927 et
3445 4843 3598 4918 00.
3653 4842 3854 4934 Regni

568 4951 793 5024 denuo
846 4959 1244 5046 acceptatae
1299 4971 1385 5022 ac
1436 4948 1880 5023 confirmatae
1932 4958 2109 5024 sunt.
2174 4948 2559 5045 Stephanus
2604 4948 2970 5024 Patacbicb
3020 4946 3353 5044 Magister
3403 4947 3584 5023 Vioe
3621 4947 3854 5021 Proto·

563 5058 869 5145 notarius
919 5053 1167 5149 Regni.
1265 5051 1732 5129 Secundamm
1785 5074 1960 5127 vero
2015 5055 2426 5128 continentia
2480 5051 2797 5129 Verbalis
2850 5057 3157 5150 sequitur
3204 5058 3274 5132 in
3324 5052 3507 5126 hunc
3562 5052 3852 5126 modum:

562 5157 719 5234 Nos
762 5156 1152 5233 Ludouicus
1201 5156 1359 5232 DEI
1422 5160 1659 5253 gracia
1710 5156 1868 5229 Rex
1919 5155 2312 5251 Hungariae
2366 5167 2437 5232 et
2485 5156 2860 5232 Bohemiae
2913 5161 3041 5230 dcc.
3144 5156 3536 5236 Memoriae.
3580 5175 3853 5232 comeu-

567 5262 807 5338 damus
859 5272 1102 5352 tenore
1151 5265 1615 5357 praesentium
1662 5258 2127 5356 significantes
2180 5259 2425 5357 quibus
2474 5260 2752 5359 expedit
2783 5259 3185 5337 Universis:
3239 5260 3447 5348 Quod,
3485 5256 3854 5336 nominibus

564 5375 641 5435 et
680 5369 767 5456 in,
812 5368 1129 5460 personis
1187 5362 1487 5439 fidelium
1536 5364 1941 5441 Nasu-orum
1992 5362 2332 5440 Nobilium
2376 5363 2563 5438 Petri
2614 5365 2703 5439 de
2733 5363 3223 5462 Bogacbovcz,
3273 5365 3564 5441 ,loannis
3600 5363 3854 5462 Otbay-
