3950 5917
489 404 639 480 168

487 624 671 689 stros
687 663 714 703 ‚
789 634 962 710 quos
1014 633 1156 687 non
1206 609 1292 684 ab
1343 632 1424 684 re
1477 612 1758 685 euocari
1799 608 2194 685 feceramus
2210 663 2236 701 ‚
2310 610 2723 702 adueniss03
2796 633 3041 687 verum
3059 662 3084 702 ‚
3137 611 3320 708 quod
3370 621 3595 685 aetum
3644 634 3796 687 non

486 726 594 791 est
612 770 638 808 ‚
689 715 1052 792 reformari
1091 718 1350 814 ‚iterum
1401 716 1569 789 satis
1622 714 1984 788 commode
2035 724 2284 812 potest·
2386 713 2537 790 Nos
2589 714 2859 812 quidem
2912 714 3173 810 Segnie
3191 767 3218 807 ‚
3271 714 3615 790 diuinitate
3664 715 3795 789 fa—

486 830 726 913 uente,
775 823 847 895 in
899 818 1273 895 festivitate
1324 818 1402 890 Β.
1428 816 1840 892 Katharinae
1884 818 2188 913 Virginis
2237 821 2547 916 proxima
2592 821 2868 894 omnino
2921 840 3086 896 esse
3137 819 3595 912 domuimus,
3645 843 3784 917 quo

484 924 711 1000 denuo
780 925 1223 1000 euocauimus
1284 921 1793 997 Amhaxatores
1841 926 2139 996 omnium
2190 923 2569 997 Dalmatiae
2623 927 3009 1013 eiuitatum3
3081 922 3241 996 illue
3292 946 3563 1020 quoque
3615 946 3787 999 suos

484 1051 642 1102 eum
716 1029 921 1125 pleno
943 1079 970 1119 ‚
1044 1028 1242 1122 largo
1319 1036 1393 1100 et
1465 1025 1829 1100 sufficienti
1905 1026 2225 1101 mandato
2304 1025 2661 1101 nobiseum
2711 1027 3046 1102 metandi
3096 1029 3792 1123 communitatemque

484 1142 793 1207 vestram
844 1127 1191 1227 obligandi
1241 1128 1532 1204 fidelitas
1583 1129 1833 1204 Vestra
1886 1131 2127 1226 procul
2203 1129 2407 1205 dubio
2485 1135 2913 1206 transmittat.
3017 1129 3139 1205 Sie
3188 1135 3373 1205 omni
3425 1153 3523 1206 ex
3572 1153 3789 1207 eausa

482 1227 785 1331 legitima
861 1235 1184 1311 volumus
1260 1244 1335 1307 et
1397 1232 1729 1308 iuhemus.
1808 1233 2057 1308 Datum
2117 1235 2188 1308 in
2257 1234 2689 1312 'fliemisuar'
2716 1235 2829 1311 die
2878 1232 3130 1310 XXVI.
3182 1233 3522 1313 Octobris.
3570 1236 3790 1310 Anno

481 1340 760 1416 Domini
807 1337 1326 1415 ucccxcvn.

481 1517 560 1572 Ex
592 1518 810 1572 archivo
843 1520 1033 1574 αἰτίαι.
1086 1517 1336 1588 Tragurii.
1389 1517 1590 1569 Lucius.
1624 1516 1870 1570 Memorio
1905 1516 1959 1569 di
1992 1516 2141 1569 Tun.
2196 1516 2254 1569 ln
2287 1515 2503 1571 Venetia
2557 1512 2893 1570 nncuxw
2942 1532 2997 1586 p.
3031 1515 3154 1570 ³⁶⁵.

1930 2097 2332 2183 ΟΧΧΙ.

1693 2389 1901 2460 Anno
1972 2386 2132 2459 139
2142 2385 2211 2463 7.
2287 2385 2555 2474 Budas.

476 2649 1189 2760 sigismundus
1249 2649 1444 2731 Rex
1536 2652 1916 2732 insulas
1984 2651 2448 2731 Chersum
2528 2662 2619 2730 et
2675 2650 3196 2756 Absarum,
3278 2650 3387 2730 ab
3448 2648 3788 2731 Elisa—

475 2790 768 2872 betha
831 2789 1214 2895 Regina
1307 2795 1796 2896 magistro
1874 2789 2237 2870 Joanni
2299 2788 2871 2871 Saracheno
2953 2774 3780 2895 datas,'Nioolao

1618 2927 1903 3033 Gara,
1983 2928 2281 3034 Bano,
2348 2926 2665 3010 donat.

784 3199 930 3277 Nos
984 3202 1460 3298 sigismundus
1479 3256 1504 3295 ‚
1582 3202 1711 3276 Dei
1764 3205 1983 3298 gratia
2034 3201 2194 3274 Rex
2244 3200 2641 3297 Hungarie3
2721 3199 3063 3273 Dalmatie
3085 3252 3108 3291 ,
3182 3196 3457 3274 croatie
3513 3211 3640 3274 etc.
3696 3224 3791 3272 ac

470 3303 781 3380 Marehio
815 3304 1454 3402 Brandeburgensis
1509 3315 1641 3380 etc.
1696 3309 2028 3380 memorie
2081 3305 2642 3379 commendamus
2690 3326 2818 3402 per
2870 3311 3271 3402 presentes:
3328 3304 3510 3401 quod
3543 3303 3787 3400 Magi-

473 3409 632 3485 stris
669 3407 903 3486 Blasio
939 3421 1011 3485 et
1042 3407 1387 3503 Michaeli‚
1439 3409 1595 3486 filiis
1647 3408 1957 3506 Magistri
2009 3409 2294 3484 ‚Ioannis
2342 3399 2723 3483 Saraeheni
2777 3407 2864 3482 de
2890 3406 3486 3504 Messffiegmew,
3538 3430 3787 3481 eoram

469 3513 670 3589 nobis
721 3515 1175 3611 personaliter
1234 3517 1615 3590 constitutis
1635 3567 1660 3607 ,
1730 3537 1856 3612 per
1907 3512 2195 3591 eosdem
2246 3515 2665 3610 propositum
2723 3514 2985 3589 exstitit
3033 3511 3457 3587 uniformiter
3521 3513 3797 3609 pariter

471 3627 541 3691 et
591 3618 875 3694 relatum
894 3672 919 3711 .,
973 3619 1315 3716 quomodo
1367 3621 1500 3717 ipsi
1553 3618 1883 3713 quasdam
1957 3619 2220 3692 litteras
2289 3625 2604 3714 patentes
2659 3615 3005 3712 quondam
3056 3614 3516 3693 Serenissime
3564 3614 3791 3689 Prin-

471 3725 642 3818 eipis
693 3721 988 3800 Domine
1038 3719 1388 3799 Elisabeth
1437 3721 1707 3817 Regine
1776 3720 2005 3797 felicis
2073 3713 2581 3797 reminiscentis
2645 3719 2908 3796 Socrus
2959 3730 3197 3797 nostre
3214 3772 3240 3812 ,
3307 3719 3566 3795 factum
3612 3717 3786 3804 Boe

468 3827 764 3903 nationis
817 3823 1185 3901 'cuiusdam
1259 3823 1493 3902 Insule
1539 3823 1746 3901 Kersi
1826 3836 1897 3900 et
1937 3823 2201 3901 'Abseri
2266 3831 2653 3923 nuncupate
2666 3825 2698 3917 3
2776 3819 3130 3922 ampnibus
3178 3821 3446 3921 Pellagi
3494 3824 3783 3913 vallate„

469 3934 537 4003 in
590 3929 773 4006 dieto
841 3931 1089 4026 Regno
1141 3941 1380 4006 nostro
1431 3929 1767 4003 Dalmatie
1820 3933 2066 4004 situate
2085 3981 2110 4021 ,
2188 3952 2369 4004 nune
2418 3927 2804 4030 magnificis
2855 3931 3026 4006 viris
3077 3927 3368 4004 Nieolao
3419 3926 3512 4002 de
3565 3926 3783 4016 Gara,

464 4034 804 4109 Dalmatie
856 4045 927 4109 et
979 4033 1253 4109 Oroatie
1322 4056 1409 4108 ao
1460 4034 1832 4109 Selavonie
1882 4033 2284 4130 Regnorum
2353 4045 2744 4108 nostrorum
2794 4031 2992 4109 Bano
3010 4085 3037 4125 ‚
3116 4042 3189 4107 et
3253 4031 3550 4106 ‚Iohanni
3619 4034 3785 4124 ejus

471 4132 813 4213 Germano
831 4191 857 4231 .,
909 4137 1066 4215 filiis
1118 4138 1411 4214 condam
1442 4137 1711 4213 Nicolai
1734 4138 2048 4231 Palatini,
2098 4160 2227 4236 per
2275 4160 2407 4213 nos
2460 4137 2969 4235 perhempniter
3020 4137 3297 4228 oollam,
3351 4136 3539 4212 elare
3591 4156 3785 4208 eon-

471 4254 860 4335 cernentes,
932 4242 1180 4317 dudum
1230 4253 1681 4341 preannotato
1717 4241 2049 4338 Magistro
2102 4241 2398 4316 ‚Iohanni
2438 4241 2819 4317 Saraoheni
2869 4251 2943 4316 et
2987 4243 3131 4318 suis
3182 4239 3504 4316 fratribus
3554 4242 3789 4335 vigo·

467 4349 633 4422 ros‘e
704 4357 1054 4422 emanatas
1075 4400 1098 4438 9
1168 4369 1296 4443 per
1354 4350 1679 4444 ipsosque
1726 4350 1796 4420 in
1848 4346 2104 4421 laribus
2176 4355 2249 4421 et
2291 4348 2562 4422 seriniis
2614 4348 2918 4444 paternis
2967 4343 3247 4420 indilate
3300 4339 3786 4442 requirendas,

469 4462 540 4526 et
599 4456 1088 4549 quamprimum
1164 4461 1482 4547 receptas
1554 4454 1626 4524 in
1705 4453 1939 4548 speeie
1993 4454 2354 4548 assignare
2432 4453 2601 4547 ipsis
2678 4447 2971 4525 Nicolao
3039 4448 3234 4524 Bano
3254 4501 3281 4541 ‚
3350 4458 3426 4524 et
3479 4445 3784 4521 Iohanni

471 4552 813 4630 Germano
868 4578 997 4631 suo
1048 4558 1120 4629 in
1172 4554 1466 4648 solidum
1532 4557 2111 4651 assumpsissent,
2183 4576 2318 4628 una
2379 4553 2896 4652 spoponderunt
2943 4560 3017 4628 et
3066 4560 3585 4650 assumpserunt
3632 4572 3785 4623 eo·—

467 4682 616 4734 rum
684 4658 906 4736 Nobis
974 4661 1391 4757 presentium
1457 4663 1836 4757 patrocinio
1856 4712 1881 4751 ‚
1950 4681 2327 4756 eorumque
2376 4660 2693 4734 ultronea
2743 4658 3097 4735 voluntate
3147 4656 3515 4731 mediante.
3618 4652 3789 4728 Da—

467 4774 604 4838 tam
630 4762 848 4857 Rode,
901 4762 1075 4840 feria
1128 4764 1431 4840 secunda
1450 4800 1470 4819 .
1483 4765 1796 4861 proxima
1845 4773 2008 4837 ante
2059 4762 2312 4840 festum
2343 4761 2806 4862 Ascensionis
2852 4760 3149 4840 Domini.
3201 4759 3413 4840 Anno
3465 4757 3787 4844 eiusde-

455 4867 831 5010 lmillesimo
881 4859 1406 4943 'tercentesimo
1458 4857 1926 4963 Nonagesimo
1984 4863 2294 4974 septimo.
2340 4861 2347 4866 ’
2416 4975 2423 4983 1
2686 4861 2695 4869 “
3754 4859 3763 4868 ’

465 4999 1070 5119 Auilns't‘nnuuaenptum
1106 5047 1161 5100 in
1195 5046 1422 5101 Archivo
1458 5047 1624 5118 nogat
1660 5044 1917 5101 Oroatiu.
