3950 5917
3250 413 3414 495 435

98 651 213 703 me
267 632 573 724 urgentis
651 631 868 725 (quae
920 626 1367 721 eccum-ebat)
1441 625 1889 701 Necessitatis
1952 626 2284 724 disposita
2333 626 2605 718 inisset,
2681 627 2929 700 itai-in
2983 627 3248 701 Ordine·
3311 628 3408 703 ad*

98 738 479 830 praemissa
533 731 782 806 amodo
836 730 1163 828 deinceps
1219 753 1487 829 quoque
1540 730 1913 804 Articulum
1969 731 2576 825 Quadragesimum
2631 741 2946 804 octavum
2999 731 3192 805 Anni
3237 733 3410 806 mil·-

96 838 323 911 Iesimi
360 837 961 932 Septingentesimi
1006 836 1509 932 quadragesimi
1560 839 1755 931 primi
1798 845 2118 909 accurate
2156 834 2511 909 observari
2566 833 2939 926 faciemus3
2991 836 3102 908 illa
3142 847 3399 929 antem,

100 961 282 1036 quae
332 937 610 1014 Militiae
671 950 953 1013 nostrae
1028 939 1187 1013 illac
1265 939 1623 1034 aliquando
1705 941 2133 1028 transiturae,
2213 963 2251 1009 a
2305 938 2702 1030 Regnieolis
2773 936 3396 1035 suppeditabantur,

96 1045 357 1135 Pretio,
407 1047 474 1118 in
509 1041 809 1139 benigno
860 1042 1359 1137 Regulamento
1400 1052 1636 1115 nostro
1688 1042 1781 1115 Mi
1807 1047 1985 1133 itari,
2040 1044 2220 1138 qnod
2282 1046 2352 1115 iu
2404 1042 2650 1136 Regno
2696 1040 2950 1116 Nostro
3003 1043 3409 1137 Hungariae

87 1147 302 1221 Anno
379 1150 846 1244 praeterlapso
926 1147 1287 1220 Millesimo
1368 1147 1990 1242 Septingeutesimo
2060 1145 2608 1240 Quadragesimo
2656 1145 2904 1233 Quinto
2982 1146 3396 1241 publicatum

87 1251 241 1340 fuit,
298 1252 646 1340 denotato,
696 1249 1150 1341 bonificanda,
1202 1251 1500 1344 benigne
1552 1249 2029 1323 ordinabimus,
2109 1249 2220 1322 Ex
2274 1273 2407 1346 quo
2461 1271 2666 1360 porro
2721 1245 2912 1323 Onus
2961 1250 3404 1324 Exolutionis

88 1355 450 1450 regulatae
518 1354 723 1428 modo
792 1359 1076 1450 praevio
1128 1354 1407 1428 Militiae
1477 1354 1674 1444 hujus
1726 1353 2002 1427 Banalis
2054 1353 2278 1448 Regni
2331 1343 2789 1427 Confiuiariae
2859 1358 2928 1428 in
2998 1358 3394 1428 universam

88 1459 389 1533 Partium
441 1460 700 1531 illarum
754 1457 1307 1531 Contribuentem
1358 1457 1633 1530 Plebem
1689 1479 1813 1552 per
1864 1461 2169 1554 repititos
2223 1456 2461 1532 fideles
2517 1457 2744 1530 Status
2801 1467 2870 1530 et
2923 1456 3214 1531 Ordines
3261 1480 3398 1531 as-

86 1573 463 1762 }31'2331‘3'32
483 1561 917 1761 ''gzlgggtssgg
986 1561 1173 1757 3:32³
1208 1559 2191 1762 {Z‘ipp⁶0“0⁰313‘32⁰22'22‘1¹3321”
2217 1560 2867 1761 „mmsis
2917 1561 3404 1762 Ἓῖἒῗρᾞῖ

82 1771 276 1844 rales
329 1781 400 1844 et
452 1768 895 1866 Capitulares,
966 1780 1080 1841 aut
1132 1768 1548 1865 quorundam
1603 1772 1802 1841 etiam
1854 1769 2306 1858 Privatorum,
2361 1778 2654 1864 excepto
2707 1777 2936 1842 tamen
2986 1766 3175 1841 Loco
3226 1769 3387 1840 Va·-

80 1874 357 1947 lacbico
409 1873 725 1971 Topuska
783 1877 1289 1968 cognominato,
1359 1873 1548 1945 velut
1620 1872 1799 1946 hosti
1851 1876 2071 1968 magis
2126 1876 2470 1967 exposito,
2538 1877 2709 1945 intra
2764 1873 3106 1945 Ambitam
3160 1871 3394 1965 Regni

79 1982 305 2052 nostri
359 1975 675 2052 Oroatiae
729 1980 1133 2066 existentes,
1190 1976 1319 2049 sed
1368 1985 1437 2048 et
1485 1973 1968 2050 Decimalistae
2015 1985 2083 2048 et
2118 1971 2608 2049 Praedialistae
2656 1975 3028 2070 ignobiles,
3070 1975 3408 2049 laibos-tint

78 2087 251 2156 item
302 2083 776 2155 universorum
829 2081 1273 2154 Dominorum
1323 2079 1773 2152 Terrestrium
1828 2090 1897 2152 et
1944 2080 2308 2162 Nobilium..
2377 2079 2688 2176 adeoque
2742 2100 2982 2153 omnes
3036 2084 3396 2176 praemis·-

79 2207 209 2260 sos
262 2184 565 2267 Fundos,
618 2208 751 2257 nec
801 2207 938 2257 non
992 2189 1179 2280 ipsas
1212 2182 1492 2256 Liberas
1546 2184 1939 2278 Regiasque
1987 2188 2059 2257 in
2092 2183 2351 2277 R'egnis
2405 2188 2662 2256 nostris
2699 2184 3104 2274 Dalmatiae,
3151 2182 3396 2256 Croe-

72 2293 220 2362 tiae
292 2298 365 2362 et
433 2289 846 2362 sclavoniae
914 2292 1081 2361 sitas
1135 2287 1463 2361 Civitates
1534 2297 1603 2360 et
1653 2286 1985 2384 Oppidum
2058 2286 2470 2372 Czirkveno,
2546 2309 2682 2382 pro‘
2740 2288 3046 2383 reliquae
3100 2285 3402 2362 Cosiri-m

71 2392 357 2467 buentis
405 2391 629 2466 Plebis
680 2392 953 2488 aliquali
1004 2391 1515 2482 sublevamine,
1569 2400 1971 2486 praenotato
2032 2396 2369 2464 communi
2423 2390 2702 2464 Publice
2752 2392 2960 2464 Oneri
3011 2391 3401 2486 aequaliter·

69 2494 1071 2695 Saffiffissssssiasfflssn
1082 2493 1492 2672 iiim?
1530 2493 3395 2695 azzi,1tssiffti⁶⁰iazz¹33⁰¹3sstzg33¹sl‘iiim·

68 2713 277 2778 extra
331 2703 567 2778 Muros
622 2701 909 2799 Capituli
974 2701 1449 2791 existentibus,
1517 2712 1718 2798 prout
1770 2713 1840 2775 et
1903 2706 1972 2776 in
2027 2701 2226 2776 Nova
2281 2703 2484 2794 Villa,
2555 2725 2681 2776 seu
2732 2702 3120 2776 Latinorum
3175 2702 3378 2790 Vieo,

66 2820 396 2905 tanquam
440 2806 765 2904 Episcopi
799 2818 873 2880 et
903 2803 1404 2880 canonicorum
1454 2805 1775 2899 Attodijs,
1828 2805 2163 2901 degentes
2216 2806 2512 2895 Incolas,
2568 2829 2604 2878 a
2655 2806 3135 2879 personalibus
3190 2825 3382 2878 one·-

66 2911 293 3002 ribus,
373 2915 469 2984 uti
539 2922 695 2984 sunt
758 2908 1087 2984 Militares
1158 2907 1803 2984 Gondescensiones
1873 2920 1943 2983 et
1993 2911 2452 3001 Illocatioues,
2520 2905 3155 3003 Praejuncturarum
3220 2914 3398 2982 item

62 3015 589 3089 Praestationes
643 3024 717 3087 et
761 3013 869 3086 bis
921 3015 1190 3100 similia,
1262 3017 1471 3086 eximi
1525 3025 1594 3086 et
1648 3017 2054 3086 immunitari
2112 3011 2409 3109 benigne
2462 3014 2798 3087 volamus.
2904 3015 2978 3086 ln
3034 3017 3383 3111 praemis·-

68 3141 314 3194 sorum
384 3139 560 3191 vero
617 3115 1189 3214 Consequentiam
1267 3128 1339 3191 et
1412 3116 1499 3190 ad
1579 3118 1855 3190 ulterius
1927 3118 2523 3192 demonstrandam
2593 3116 3059 3190 Fidelitatibus
3108 3116 3388 3198 Vestris

62 3223 577 3317 Benignitatem
648 3233 976 3309 nostram,
1050 3223 1423 3294 clementer
1482 3223 1685 3292 etiam
1739 3224 2141 3293 annuimus:
2225 3221 2312 3293 Ut
2363 3221 2551 3293 Bona
2605 3220 3394 3314 Zriniano--Frangepa-

59 3332 279 3401 niana
337 3325 694 3417 Maritima,
746 3347 871 3423 per
923 3325 1283 3398 Cameram
1332 3333 1662 3413 nostram,
1714 3333 1914 3420 prout
1964 3323 2182 3412 Ozali,
2237 3325 2418 3396 Brod
2472 3335 2541 3397 et
2594 3324 2919 3410 Grobnik,
2975 3341 3101 3418 per
3138 3321 3386 3394 Gemi-

56 3442 207 3504 tem
264 3428 530 3521 Perlas,
582 3451 717 3502 nec
750 3450 888 3502 non
920 3427 1167 3502 Ribnik
1205 3438 1274 3500 et
1315 3425 1654 3517 Pissetke,
1709 3448 1832 3523 per
1868 3425 2198 3500 Comitem
2244 3426 2451 3499 Petaz
2498 3438 2652 3499 actu
2686 3447 3044 3524 possessa,
3095 3430 3380 3521 praevia

54 3536 373 3625 illorum,
423 3531 811 3606 Modalitate
861 3534 1109 3607 iisdem
1158 3531 1468 3605 fidelibus
1523 3529 1821 3604 Statibus
1876 3539 1943 3604 et
1980 3530 2340 3605 Ordinibus
2393 3551 2519 3628 per
2566 3529 3006 3626 praelibatum
3045 3529 3390 3602 Comitem·

52 3638 337 3712 Banum
390 3636 815 3727 insinuanda,
870 3636 1413 3732 Conscriptione,
1478 3634 1561 3707 ad
1618 3635 1920 3709 Fundum
1969 3635 2400 3708 Exolutionis
2451 3632 2804 3730 praefatae
2855 3653 3036 3705 nunc
3088 3653 3165 3705 re
3287 3653 3382 3705 a·-

50 3754 180 3816 tae
237 3738 518 3814 Militiae
571 3741 844 3815 Banalis
896 3741 1121 3835 Regni
1167 3738 1647 3827 conliniariae,
1702 3743 1768 3812 in
1808 3739 2074 3827 Quanto
2130 3761 2224 3812 ex
2258 3743 2403 3836 ipsa
2443 3737 2710 3810 demum
2746 3746 3142 3834 praenotata
3239 3757 3384 3809 on·-

52 3849 448 3941 scriptione
502 3841 843 3942 Specifiee
913 3844 1244 3931 eruendo,
1326 3842 1412 3916 nd
1483 3841 1799 3916 effectum
1872 3847 2074 3916 etiam
2126 3843 2416 3917 Articuli
2471 3841 3026 3936 Quinquagesimi
3096 3843 3391 3915 secundi·

50 3951 257 4024 Anni
330 3947 667 4023 millesimi
719 3947 1319 4045 Septingentesimi
1390 3945 1894 4042 quadragesimi
1944 3950 2146 4045 primi
2194 3956 2644 4036 concurrant3
2695 3945 2863 4037 Sed,
2936 3956 3006 4019 et
3071 3946 3202 4018 alia
3253 3948 3384 4019 vi-

51 4055 250 4127 cinis
309 4047 825 4125 Generalatibns
859 4049 1309 4126 Varasdiensi
1361 4060 1432 4123 et
1466 4049 2002 4124 Carlostadiensi
2055 4055 2503 4139 contermina,
2555 4050 2798 4124 iisdem
2850 4057 3146 4123 nnuman
3198 4045 3386 4123 baud

44 4159 504 4254 ingremiata,
585 4166 699 4229 aut
767 4155 852 4229 ad
923 4160 1254 4229 rationem
1311 4155 1683 4228 eorundem
1730 4157 1876 4247 jam
1928 4160 2314 4251 conscripta
2396 4177 2522 4229 seu
2573 4154 2791 4227 dicata
2846 4154 3064 4243 Bona,
3132 4173 3392 4227 veram

41 4281 195 4360 per
246 4263 556 4357 privatos
607 4257 1003 4334 Terrestres
1055 4258 1390 4333 Dominos
1435 4267 1589 4332 actu
1636 4280 1997 4356 possessa,
2068 4263 2350 4356 praevia
2403 4259 2773 4331 eorundem
2832 4256 3377 4355 conscriptione,

40 4365 146 4440 ad
213 4359 793 4437 Contributionem
845 4385 971 4460 pro
1024 4360 1440 4436 Exolutione
1492 4362 1768 4435 Militiae
1825 4362 2028 4456 liujus
2078 4362 2358 4437 Banalis
2404 4360 2630 4456 Regni
2683 4353 3164 4450 confiniariae,
3235 4359 3384 4434 ob-

36 4476 353 4547 servata
426 4477 655 4542 tamen
726 4465 950 4541 debita
1023 4465 1433 4561 aequalitate
1508 4475 1578 4540 et
1642 4465 2121 4564 Propertione,
2189 4466 2649 4563 paritormiter
2723 4466 3158 4540 attrahantur.
3263 4462 3379 4539 Ad

35 4571 625 4671 praecavendum
674 4593 883 4668 porro
935 4569 1319 4643 incolarum
1373 4573 1443 4643 in
1495 4575 1933 4667 praescriptis
1985 4571 2204 4645 Bonis
2252 4570 2642 4664 degentiam
2693 4570 2784 4643 ad
2833 4565 3184 4666 praefatos
3241 4569 3388 4642 into

30 4679 343 4752 vicinos
398 4673 845 4749 Generalatus
915 4672 1314 4768 Profugum,
1394 4675 1660 4764 borum,
1739 4698 1824 4748 ac
1874 4676 2132 4764 talium,
2211 4677 2284 4748 iu
2359 4674 2602 4748 iisdem
2683 4673 3172 4770 Reeeptieaem
3251 4691 3392 4770 per·

32 4779 443 4856 Consilium
497 4789 803 4852 nostrum
854 4777 1077 4850 Aulae
1128 4777 1455 4850 Bellicum
1511 4799 1767 4852 severe
1817 4778 2152 4868 interdici,
2207 4788 2370 4852 utve
2421 4777 2584 4850 illac
2627 4776 3077 4853 advenientes
3130 4780 3376 4851 istius-

28 4882 253 4961 modi
307 4881 587 4978 Profugi
636 4881 1100 4957 Jurisdictioni
1150 4878 1375 4974 Regni
1422 4881 1834 4955 Provinciali
1885 4903 2054 4955 mox
2101 4885 2548 4971 insinuentur,
2601 4882 2941 4978 iidemque
2975 4879 3376 4955 Exuitten—

28 4991 173 5066 dis
222 4986 389 5061 illuc
439 5009 564 5085 pro
615 4984 1039 5083 Receptione'
1090 4983 1352 5058 illorum
1408 4984 1591 5058 illico
1642 4987 2106 5075 restituantur,
2164 4984 2581 5060 Officialibus
2628 4983 2986 5060 Militarem
3031 4984 3373 5059 Praefec-

27 5107 288 5169 tui-mn
359 5094 426 5164 in
481 5093 751 5166 attactis
803 5090 979 5164 binis
1033 5088 1551 5163 Generalatibus
1605 5099 1757 5162 actu
1819 5088 2341 5187 respicientibus
2373 5093 2582 5188 ‚serto
2646 5089 2909 5184 ‘arjangi
2963 5088 3371 5162 curabimus.

26 5195 520 5287 Quantumvis
570 5213 776 5291 porro
830 5193 1301 5268 Emolumenta
1356 5196 1557 5267 etiam
1612 5197 1909 5266 omnium
1960 5193 2188 5289 Regni
2241 5193 2726 5285 Conantur-am,
2795 5211 2972 5290 quae
3040 5189 3375 5269 haetenus

24 5309 117 5377 in
182 5295 384 5373 Statu
456 5299 827 5392 irregulato
899 5301 1067 5394 ipsis
1144 5297 1472 5371 dictorum
1528 5293 1991 5370 Confiniorum
2044 5293 2640 5371 Commendatibus
2710 5295 3164 5388 obvenemt,
3244 5313 3386 5394 pro
3448 5345 3458 5356 -

22 5402 277 5482 modo
350 5405 638 5500 praevio
689 5400 1047 5498 regulatae
1094 5395 1377 5476 Militiae
1424 5398 1706 5475 Banalis
1751 5398 1978 5498 Regni
2028 5400 2500 5477 conmm-
2535 5397 2968 5578 Bxehtiggif
3033 5401 3376 5497 admo
