3950 5917
197 643 330 715 ies.

205 845 337 904 164.

205 1225 332 1281 165.

208 1508 330 1565 les.

209 1777 333 1848 ιἰτ.

215 2261 338 2323 iss.

218 2454 340 2511 iss.

220 2621 341 2701 nt.

222 2833 340 2891 m.

225 3022 340 3081 172.

225 3306 341 3363 173.

229 3590 346 3647 174.

229 3779 348 3837 175.

232 3968 350 4027 176.

234 4157 351 4215 177.

239 4442 354 4501 178.

242 4726 357 4785 179.

244 4915 357 4974 180.

251 5107 363 5166 181.

401 660 563 714 Anno
602 661 775 717 1499.
811 660 899 715 die
934 665 984 716 ὅ.
1005 633 1303 734 *prruariL
1337 661 1537 716 Budae.
1606 660 1904 716 Vladislaus
1931 661 2044 715 Rex
2076 660 2263 732 Regno
2300 661 2584 715 Slavoniae
2612 664 2699 729 jus
2734 661 3095 731 appellationis
3129 663 3197 717 ad
3234 664 3319 717 fo-

401 761 521 807 rum
559 754 755 808 Banale
790 755 1062 809 confirmat
1121 793 2180 812 .............
2228 733 2241 746 ⁸
2253 792 3315 813 .............

401 849 563 902 Αιιιιο
601 850 778 908 1499.
811 849 964 904 Feria
996 853 1050 907 4.
1087 858 1206 920 post
1242 847 1430 904 festum
1464 852 1875 904 Resurrectionis
1911 850 2133 904 Domini.
2170 849 2370 904 Budae.
2422 849 2708 903 vladislaus
2742 850 2852 902 Rex
2886 851 3150 904 slavonica
3185 851 3319 903 sub·-

398 943 538 997 sidia
575 953 628 997 et
660 947 911 1013 pecunias
964 946 1338 999 mardurinales
1391 961 1496 999 non
1550 962 1646 1014 pro
1682 948 1779 997 suo
1816 948 2018 1014 privato
2056 946 2349 1010 commodo,
2403 933 2499 997 sed
2531 953 2634 1023 tam
2670 961 2765 1013 pro
2802 945 2986 1014 Regno
3020 945 3318 1015 Hungariae

400 1055 563 1108 quam
599 1041 754 1093 etiam
791 1038 1092 1105 Slavoniae,
1132 1049 1185 1093 et
1221 1041 1539 1110 potissimum
1590 1055 1685 1109 pro
1722 1040 1984 1091 solutione
2036 1038 2296 1091 Banornm
2334 1048 2386 1090 et
2423 1055 2517 1106 pro
2554 1040 2926 1092 conservandis
2961 1041 3187 1092 finitimis
3223 1057 3318 1093 ca-

400 1132 523 1187 stris
558 1133 705 1185 istius
742 1133 910 1203 Regni
946 1136 1158 1205 exigere
1193 1134 1331 1188 velle
1367 1151 1424 1188 se
1461 1135 1642 1187 litteris
1678 1135 1758 1188 bis
1794 1133 2026 1186 declarat
2095 1170 3314 1189 ...............

3330 570 3526 641 ugin-

399 1228 562 1280 Anno
601 1228 777 1284 1499.
834 1229 920 1281 die
974 1229 1060 1283 21.
1099 1227 1353 1283 Octobris.
1405 1228 1602 1284 Budae.
1673 1228 1966 1281 vladislaus
2017 1229 2127 1281 Rex
2179 1228 2383 1280 vicario
2438 1236 2491 1280 et
2545 1227 2784 1297 capitulo
2837 1228 3191 1296 Zagrabiensi,
3246 1246 3337 1281 ne·

402 1338 594 1375 causas
648 1322 939 1391 spirituales
991 1322 1390 1393 Regnicolarum
1442 1324 1614 1394 Regni
1665 1321 1949 1376 Slavoniae
2006 1338 2102 1392 per
2152 1322 2611 1400 Locumtpnentem
2667 1322 3035 1376 Chasmensem
3094 1324 3319 1388 judicari

396 1416 738 1486 prohibeant,
791 1417 1003 1470 mandat
1038 1454 3315 1474 ...........................

3422 1420 3527 1472 442

397 1510 561 1564 Anno
599 1511 776 1567 1499.
828 1511 977 1564 Feria
1016 1512 1065 1566 6.
1102 1521 1223 1579 ante
1257 1512 1443 1567 festum
1478 1529 1546 1567 ss.
1581 1511 1854 1565 Trinitatis.
1917 1511 2116 1566 Budae.
2197 1510 2486 1564 vladislaus
2540 1513 2651 1565 Rex
2704 1513 2986 1566 discordias
3038 1513 3319 1580 Nobilium,
3372 1553 3385 1564 .

399 1621 521 1658 cnm
561 1605 778 1659 Prelatis
812 1614 866 1660 et
897 1605 1187 1660 Beronibus
1240 1607 1408 1677 Regni
1446 1605 1732 1678 Slayoniae
1785 1605 1958 1676 quoad
1994 1607 2206 1660 modum
2240 1608 2657 1661 exercitnatIonis
2691 1606 2911 1674 liabitas,
2966 1612 3230 1678 componit
3266 1618 3320 1662 et

400 1714 573 1753 novos
610 1701 855 1752 articulos
889 1716 1052 1776 super
1086 1717 1152 1754 eo
1189 1703 1298 1753 edit
1384 1736 3318 1759 .......................

399 1793 560 1846 Anno
601 1794 778 1850 1499.
812 1795 963 1849 Feria
996 1797 1049 1851 4.
1086 1805 1203 1865 post
1238 1798 1426 1850 festum
1474 1781 1828 1849 Pentecostes.
1881 1794 2080 1851 Budne.
2151 1795 2438 1848 vladislaus
2472 1795 2582 1848 Rex
2633 1796 2836 1851 vicario
2891 1796 3229 1867 Zagrabiensi
3264 1806 3320 1852 et

381 1886 648 1957 -Capitulo
686 1872 970 1954 C'asmensi,
1006 1898 1065 1941 ut
1099 1892 1152 1943 in
1190 1907 1349 1943 sensu
1386 1891 1596 1946 Decreti
1631 1892 1800 1960 Regni
1836 1890 2113 1943 Slavoniae
2150 1879 2361 1960 propter
2396 1890 2587 1942 factum
2621 1893 2936 1958 testamenti,
2986 1894 3316 1959 matrimonii,

403 1984 588 2035 dotum
626 1991 679 2036 et
713 1999 884 2037 rerum
920 1986 1393 2054 paraphernalinm,
1441 1987 1636 2053 jurium
1675 1985 2100 2054 quartalitiornm,
2154 1984 2366 2052 perjurii
2416 1984 2809 2050 verberationis,
2862 1985 3232 2039 vulnerationis
3267 1996 3323 2040 et

3424 1703 3527 1760 245

401 2078 732 2146 spoliationis
767 2077 1086 2133 clericorum
1123 2088 1178 2133 et
1211 2080 1504 2147 mulierum,
1541 2081 1842 2150 et'propter
1875 2080 1991 2146 illas
2026 2081 2159 2133 alins
2193 2095 2393 2146 causas,
2444 2095 2577 2148 qnae
2615 2096 2778 2148 prope
2815 2076 2959 2132 banc
2985 2096 3089 2132 non
3128 2091 3334 2145 essent,.

401 2174 456 2224 in
493 2173 615 2226 foro
651 2174 903 2242 spirituali
938 2173 1080 2227 nulla
1116 2190 1272 2228 cansa
1309 2184 1573 2240 tractetur,
1620 2177 1831 2227 mandat
1903 2209 3318 2230 .................

404 2268 566 2321 Αιιιιο
606 2267 780 2324 1501.
815 2267 964 2321 Feria
1002 2271 1235 2337 proxima
1271 2280 1392 2322 ante
1429 2271 1738 2322 dominicam
1773 2268 1946 2322 Ramis
1980 2268 2281 2338 palmarum.
2333 2254 2536 2322 Bu'dae.
2602 2267 2889 2322 vladislaus
2923 2268 3035 2321 Rex
3070 2286 3099 2321 a
3137 2267 3320 2338 Regno

403 2363 687 2416 Slavoniae
722 2363 790 2415 ad
827 2348 1214 2444 defendendum
1253 2373 1474 2417 castrum
1508 2363 1674 2431 Jajca,
1711 2365 1796 2416 cui
1831 2380 1861 2415 a
1898 2362 2077 2416 Tur-cis
2113 2364 2399 2433 periculum
2434 2363 2751 2430 imminebat,
2788 2364 2973 2416 auxilia
3012 2366 3140 2430 petit
3210 2403 3227 2418 .
3296 2400 3316 2419 .

405 2457 565 2511 Anno
605 2458 778 2514 1501.
835 2459 918 2512 die
954 2460 1040 2512 25.
1075 2459 1213 2525 niuji.
1263 2458 1462 2514 Budae.
1533 2458 1821 2512 vladislaus
1877 2458 1988 2512 Rex
2042 2467 2220 2511 contra
2271 2458 2549 2512 violentam
2602 2461 2654 2511 in
2691 2458 2876 2528 Regno
2912 2459 3187 2512 slavoniae
3222 2458 3322 2510 ab-

406 2552 710 2606 ductionem
745 2552 1095 2616 Jobagionum
1132 2553 1522 2623 dispositionem
1558 2553 1680 2605 facit
1736 2589 3319 2609 ...................

406 2647 563 2700 Anno
602 2647 777 2703 1501.
832 2647 916 2699 die
977 2650 1058 2701 17.
1083 2647 1414 2702 Decembris.
1470 2648 1669 2700 Budas.
1738 2646 2027 2700 vladislaus
2062 2647 2173 2700 Rex
2221 2646 2420 2702 Bannm
2458 2648 2733 2704 Slnvoniae
2785 2658 2994 2701 octavas
3050 2651 3099 2700 in
3138 2648 3321 2717 Regno

405 2741 689 2796 slavoniae
725 2742 1010 2795 secundnm
1045 2751 1233 2795 statuta
1269 2744 1501 2810 ejusdem
1537 2742 1706 2812 Regni
1756 2742 2009 2795 celebrari
2038 2742 2189 2809 jubet
2260 2779 3317 2798 .............

405 2837 562 2889 Anno
602 2837 778 2893 1503.
813 2837 966 2890 Festo
1004 2837 1088 2891 die
1125 2855 1190 2893 ss.
1229 2833 1472 2910 Corporis
1509 2837 1709 2890 Christi.
1755 2836 1953 2892 Budae.
2025 2838 2311 2890 vladislaus
2346 2837 2456 2890 Rex
2512 2838 2780 2890 confirmat
2833 2840 3096 2908 ontiqnam
3151 2838 3318 2907 Regni

405 2930 688 2984 Slavonine
721 2933 915 3001 legem,
952 2940 1010 2984 nt
1043 2931 1387 2985 vicecomites
1422 2940 1477 2985 et
1509 2930 1720 2985 ,ludices
1758 2947 1787 2984 e
1825 2933 2023 3001 patriae
2060 2913 2176 2984 liliis
2212 2939 2409 2984 tantum
2449 2934 2571 3002 eligi
2608 2934 2806 3002 possint
2874 2972 3323 2987 ......

406 3027 564 3079 Anno
604 3027 781 3082 1504.
832 3026 984 3080 Fe‘ria
1018 3028 1055 3081 2
1105 3028 1336 3097 proxima
1391 3035 1509 3096 post
1562 3026 1748 3079 festum
1798 3027 2133 3080 Ascensionis
2188 3026 2413 3080 Domini.
2447 3026 2645 3080 Budae.
2715 3028 3002 3081 vladislaus
3036 3027 3147 3080 Rex
3175 3026 3325 3086 Bano

393 3122 707 3186 simoniae,
746 3129 803 3173 nt
836 3121 1123 3174 secundm
1175 3122 1349 3191 legem
1387 3131 1441 3173 et
1475 3122 1903 3174 consvetndinem
1939 3122 2108 3190 Regni
2144 3120 2772 3184 Slavoniae,1’rocessus
2825 3122 3083 3175 juridicos
3120 3121 3326 3176 debitae

409 3218 706 3286 executioni
744 3215 1045 3269 demandari
1077 3218 1130 3292 in
1170 3216 1398 3268 futurum
1433 3232 1539 3269 non
1577 3225 1851 3284 praetermx
1839 3217 1967 3281 ‘,ttat
2006 3218 2253 3267 commitit
2347 3253 3324 3272 ............

405 3312 564 3363 Αιιιιο
603 3310 779 3367 1505.
814 3310 872 3362 ln
909 3327 1093 3379 campo
1131 3310 1320 3364 Rakos.
1356 3308 1524 3363 Judex
1561 3310 1748 3364 Curiae
1786 3311 1985 3380 Regiae
2022 3310 2291 3363 decretum
2327 3309 2564 3362 Statuum
2599 3319 2651 3362 et
2687 3308 2936 3362 Ordinum
2971 3310 3139 3379 Regni
3175 3311 3326 3362 Hun-

407 3408 607 3476 gerae,
645 3406 711 3457 de
747 3414 994 3458 extraneo
1030 3405 1177 3474 Rege
1211 3415 1332 3473 post
1364 3415 1582 3459 mortem
1617 3406 1861 3458 vladislai
1896 3405 2055 3476 Regis
2090 3421 2196 3457 non
2237 3405 2503 3474 eligendo,
2539 3405 2604 3456 ad
2641 3420 2826 3475 preces
2862 3412 3119 3456 oratorum
3156 3403 3325 3472 Regni

407 3501 689 3554 Slavoniae
727 3501 847 3553 hnic
882 3499 1067 3570 Regno
1115 3503 1332 3554 seorsim
1382 3501 1492 3553 edit
1563 3535 3319 3557 .....................

411 3596 569 3647 Anno
606 3593 780 3650 1508.
832 3593 1030 3650 Bndae.
1101 3594 1391 3647 vladislaus
1426 3595 1538 3648 Rex
1572 3596 1743 3649 Status
1779 3604 1833 3648 et
1869 3594 2089 3649 Ordines
2123 3596 2291 3664 Regni
2326 3595 2604 3648 Slavoniae
2659 3595 2724 3647 de
2760 3593 2929 3646 futura
2981 3592 3072 3644 fllii
3107 3593 3189 3644 sui
3221 3592 3327 3646 Lu·-

413 3690 587 3744 dovici
625 3669 964 3742 coronatione
1004 3690 1192 3743 edocet
1298 3723 3317 3746 ........................

416 3786 571 3837 Anno
609 3785 788 3841 1513.
821 3784 909 3838 28.
945 3783 1265 3841 Decembris.
1320 3784 1516 3838 Budae.
1589 3783 1880 3839 vladislaus
1914 3785 2026 3838 Rex
2058 3784 2258 3838 Banum
2293 3784 2462 3856 Regni
2497 3784 2775 3838 Slavonise
2811 3784 3092 3837 sententias
3129 3798 3326 3834 execu-

413 3881 543 3932 tioni
579 3879 825 3932 mandare
855 3878 1008 3946 jubet
1055 3915 3325 3936 ...........................

413 3976 571 4028 Anno
607 3973 782 4030 1513.
820 3973 906 4026 die
941 3974 1028 4028 28.
1064 3973 1383 4028 Decembris.
1438 3974 1636 4028 Budae.
1708 3941 1996 4027 Vladislaus
2033 3974 2142 4027 Rex
2174 3974 2375 4027 Bonum
2410 3975 2579 4046 Regni
2615 3973 2896 4027 Slavoniae
2934 3974 3192 4042 oppressis
3225 3988 3329 4024 no-

416 4068 608 4121 bilibus
644 4077 822 4121 contra
844 4083 1181 4138 oppressores
1216 4068 1459 4121 auxIlium
1497 4078 1763 4139 praestare
1790 4068 1947 4137 jubet
2017 4106 3326 4126 .................

3425 2177 3531 2231 247

3427 2555 3532 2610 249

3426 2745 3526 2799 251

3429 3216 3535 3272 253

3428 3501 3535 3551 254

3427 3689 3533 3743 259

3431 3877 3539 3929 262

3433 4067 3538 4124 263

415 4165 570 4217 Anno
609 4164 782 4219 1514.
820 4164 904 4216 die
940 4163 1027 4228 ,3⁰-
1061 4163 1369 4217 Novembris
1402 4163 1601 4219 Budae.
1672 4163 1968 4216 Mandatum
2005 4139 2248 4216 Vladisiai
2284 4163 2442 4233 Regis
2479 4172 2657 4216 contra
2691 4162 2810 4217 illos
2846 4163 3013 4232 Regni
3050 4162 3326 4216 Slavoniae
3365 4143 3383 4156 ⁸

415 4259 613 4320 incolas
649 4259 844 4325 datum,
882 4260 974 4326 qui
1007 4259 1263 4328 neglectis
1289 4259 1560 4326 judicibus
1598 4257 1870 4311 ordinariis
1905 4257 2170 4326 Rescripta
2206 4258 2470 4326 pontificia
2509 4267 2782 4326 quaerunt,
2818 4260 2999 4328 sicque
3034 4256 3328 4326 regnicolas

414 4354 466 4406 in
503 4370 712 4408 cansam
750 4353 1076 4408 coramaliis
1105 4352 1370 4421 judicibus
1404 4353 1668 4407 attrahunt
1737 4389 3322 4409 ...................

418 4451 570 4503 Anno
609 4445 786 4506 1515.
841 4448 995 4502 Feria
1031 4449 1081 4502 5.
1135 4458 1254 4519 post
1291 4448 1597 4502 dominicam
1653 4447 1988 4512 Quasimodo.
2042 4447 2269 4501 Posonii.
2340 4447 2629 4501 vladislaus
2676 4446 2785 4499 Rex
2839 4445 3109 4499 Nobilibus
3160 4447 3330 4515 Regni

418 4544 692 4598 Slavoniae
729 4545 1000 4612 praecipit,
1035 4551 1094 4596 ut
1129 4559 1160 4596 ιι
1193 4543 1340 4597 Bano
1375 4545 1609 4616 requisiti
1646 4543 1956 4612 periclitanti
1991 4542 2178 4614 Regno
2216 4541 2452 4596 croatiae
2504 4551 2646 4596 trans
2682 4541 2871 4595 Savum
2926 4550 3103 4595 contra
3140 4540 3331 4594 ancas

416 4641 525 4692 sine
547 4628 708 4693 'mora
742 4638 987 4693 auxilium
1024 4638 1193 4692 ferant
1298 4674 3324 4695 ........................

419 4736 568 4788 Anno
609 4734 782 4790 1515.
836 4733 1031 4787 Sabato
1085 4736 1320 4803 proximo
1376 4744 1495 4787 ante
1549 4719 1736 4786 ⁷festum
1774 4732 1827 4785 S.
1853 4725 2093 4803 Georgii.
2148 4732 2371 4787 Posonii.
2444 4731 2731 4786 Vladislnns
2764 4732 2876 4785 Rex
2921 4730 2986 4786 ad
3028 4731 3328 4801 generalem

415 4827 580 4899 Regni
615 4828 891 4883 Slavoniae
928 4827 1403 4903 congregationem
1437 4830 1739 4899 Regnorum
1778 4827 2084 4894 Dalmatiae,
2123 4826 2360 4881 croatiae
2399 4836 2452 4881 et
2486 4827 2769 4880 Slavoniae
2806 4827 3003 4879 Beuum
3039 4828 3191 4879 mittit
3227 4864 3240 4878 .
3310 4866 3327 4880 .

417 4926 566 4977 Anno
605 4925 781 4980 1516.
815 4924 971 4978 Festo
1009 4928 1366 4993 conceptionis
1401 4924 1460 4980 B.
1498 4923 2258 4982 M.v.13udae.·1„udovicua
2291 4922 2354 4976 ll.
2389 4924 2500 4975 Rex
2534 4922 2829 4991 regnicolas
2866 4924 3081 4989 octavis,
3117 4937 3147 4975 a
3181 4919 3329 4974 Bano

418 5019 720 5086 indicendis,
756 5021 1009 5073 interesse
1036 5020 1191 5088 jubet
1297 5052 3320 5077 ........................

425 5115 573 5169 Anno
612 5114 792 5172 1516.
827 5113 1098 5169 Dominica
1134 5103 1368 5186 proxima
1403 5125 1523 5186 post
1558 5085 1742 5169 ίοιιιιιιι
1780 5112 1888 5167 00.
1924 5114 2013 5168 SS.
2049 5113 2248 5166 Budae.
2319 5113 2609 5166 Lndovicns
2643 5111 2704 5168 11.
2740 5113 2850 5165 Rex
2890 5111 3036 5165 Bano
3074 5108 3330 5175 croatiae,

423 5209 699 5264 slavoniae
737 5221 788 5263 et
825 5210 1109 5264 Dalmatiae
1166 5212 1435 5280 praecipit,
1490 5220 1547 5264 nt
1581 5227 1611 5262 a
1647 5208 1919 5266 Nobilibus
1955 5210 2108 5261 unius
2141 5199 2386 5261 sessionis
2422 5206 2706 5260 subsidium
2740 5209 2928 5276 viginti
2964 5208 3195 5276 quinque
3232 5205 3331 5259 de-

422 5309 692 5371 nariorum,
728 5309 783 5359 in
817 5306 1003 5377 Regno
1040 5306 1323 5361 Slavoniae
1358 5307 1480 5376 lege
1515 5307 1616 5360 lata
1653 5299 1944 5358 ordinatum
1983 5312 2036 5356 et
2071 5302 2319 5392 oblatum,
2358 5318 2572 5372 quoquo
2608 5303 2766 5355 modo
2803 5301 3015 5372 colugst

421 5410 567 5476 (Pars
595 5409 634 5463 Ι.
668 5410 847 5466 Privss.
877 5421 934 5465 et
962 5411 1187 5479 Libert.)
1749 5409 1754 5414 ’
3085 5387 3124 5449 b

3431 4352 3538 4404 264

3427 4635 3535 4689 265
