3950 5917
1537 1009 1961 1093 cem.

878 1379 887 1384 ,
990 1270 1201 1369 Aduo
1261 1293 1417 1369 164
1430 1294 1499 1367 7.
1553 1296 1670 1369 ate
1729 1295 1769 1370 1
1784 1295 1852 1368 7.
1910 1295 2128 1370 ,rum-t.
2180 1294 2499 1368 Pmoun:

105 1544 787 1637 Ferdinand'us
848 1555 977 1637 111.
1066 1555 1267 1637 Rex
1326 1556 1676 1665 Regno
1742 1545 2211 1639 Oroatiae
2288 1568 2381 1638 et
2442 1557 2997 1638 Slavoniae
3060 1557 3176 1636 de
3237 1561 3414 1639 iis-

110 1691 294 1773 dem
381 1698 472 1775 in
546 1693 1605 1776 Romano-catholica
1699 1699 2218 1803 religione
2313 1695 3048 1776 conservandis
3140 1696 3412 1776 sole-

1268 1859 1476 1915 mne
1539 1834 1972 1941 diploma
2037 1833 2219 1914 dat.

382 2099 536 2176 Nos
589 2101 1063 2178 Ferdinandus
1098 2103 1400 2194 Tertius,
1452 2103 1586 2178 Dei
1641 2104 1873 2179 Gratia
1927 2104 2210 2178 Electus
2262 2104 2730 2179 Romanorum
2772 2102 3151 2199 Imperator
3204 2126 3412 2179 sem-

103 2222 210 2295 per
248 2204 632 2301 Augustus,
685 2229 771 2278 ac
808 2205 1247 2299 Germaniae,
1299 2207 1724 2303 Hungariae,
1777 2207 2180 2300 Bohemiae,
2229 2208 2639 2299 Dalmatiae,
2693 2205 3041 2297 croatiae,
3094 2206 3404 2281 Sclavo-

103 2307 366 2403 uiaeque
443 2318 585 2382 etc.
664 2308 849 2400 Rex,
926 2310 1291 2383 Archidux
1367 2310 1721 2402 Austriae,
1798 2310 1963 2385 Dux
2037 2310 2504 2406 Burgundiae,
2580 2310 3018 2401 Brahantiae,
3098 2309 3401 2407 Styriae,

40 2481 41 2490 ,
105 2404 486 2504 carinthiae,
546 2410 939 2505 Garniolae,
989 2413 1301 2487 Marchio
1352 2414 1741 2506 Moraviae,
1818 2413 1984 2488 Dux
2034 2413 2579 2510 Lucemhurgae,
2657 2417 3032 2511 superioris
3087 2425 3159 2488 et
3206 2414 3401 2489 infe-

104 2513 277 2586 rioris
327 2515 657 2607 Silesiae,
708 2515 1360 2613 Wierthemhergae
1414 2540 1501 2590 ac
1551 2522 1902 2615 utriusque
1956 2518 2301 2610 Lusatiae,
2384 2519 2638 2593 Comes
2691 2516 3108 2613 Hahspurgi,
3161 2516 3400 2613 Tyro-

101 2613 172 2688 lis
200 2626 263 2688 et
296 2617 603 2692 Goritiae
639 2629 772 2692 etc.
824 2619 1205 2694 Memoriae
1234 2620 1793 2695 commendamus
1828 2632 2075 2695 tenore
2100 2626 2562 2718 praesentium
2606 2621 3102 2716 significantes,
3157 2621 3400 2716 quibus

100 2720 349 2814 expedit
397 2725 790 2798 universis:
845 2722 1153 2810 Qualiter
1203 2724 1331 2800 suh
1385 2724 1684 2800 decursu
1720 2725 2081 2799 Generalis
2134 2726 2333 2819 huJus
2354 2726 2647 2799 Diaetae
2697 2735 2771 2797 et
2822 2723 3400 2817 congregationis

100 2818 523 2900 Posoniensis
577 2824 800 2899 fidelis
853 2837 1093 2901 noster
1158 2827 1506 2924 Egregius
1575 2827 1912 2924 Magister
1983 2829 2292 2904 Joannes
2371 2827 2740 2902 Zakmardl
2807 2829 2896 2901 de
2964 2826 3399 2914 Diankovcz,

42 3017 43 3022 Ἰ
101 2922 586 3003 Protonotarius
656 2930 883 3023 Regni
952 2936 1168 3005 nostri
1242 2930 1663 3004 Sclavoniae
1742 2937 1815 3005 'et
1894 2930 2260 3022 Croatiae,
2336 2933 2785 3027 ejusdemque
2856 2929 3238 3024 Ahlegatus
3312 2932 3401 3004 ad

42 3055 45 3200 ν
100 3029 285 3121 ipsam
336 3034 655 3105 Diaetam
708 3033 1039 3125 Nuncius,
1095 3058 1222 3108 suo
1278 3041 1355 3108 et
1402 3045 1880 3109 annotatorum
1932 3035 2337 3131 Regnorum
2388 3040 2693 3124 nomine,
2756 3039 2855 3107 uti
2906 3059 3004 3109 ex
3055 3035 3400 3130 fidedigna

42 3205 43 3236 ¹
102 3135 550 3209 nonnullorum
605 3135 903 3210 fidelium
951 3149 1344 3212 nostrorum
1390 3141 1731 3212 relatione
1785 3143 2207 3234 accepimus,
2260 3143 2330 3211 in
2383 3142 2669 3234 negotio
2723 3137 3108 3233 Religionis
3163 3162 3399 3211 coram

98 3229 464 3330 Regnicolis
540 3243 631 3313 ita
704 3264 869 3315 sese
921 3241 1377 3334 declarasset,
1448 3242 1633 3339 quod
1702 3250 2098 3316 annotatum
2168 3242 2486 3336 Regnum
2554 3252 2863 3316 nostrum
2935 3240 3257 3314 Oroatiae
3328 3247 3408 3314 et‘

42 3325 43 3414 ἶ
102 3336 487 3417 Sclaveniae
544 3366 796 3437 vagam
852 3354 922 3416 et
974 3344 1435 3434 fluctuantem,
1492 3345 1941 3441 liberamque,
1993 3356 2068 3420 ut
2117 3356 2400 3437 vocant,
2454 3345 2888 3441 Religionem
2916 3344 3177 3417 habere
3228 3343 3398 3416 nol-

98 3440 197 3533 let,
247 3447 364 3518 sed
418 3450 646 3544 potius
701 3452 818 3521 uni
872 3459 1106 3522 certae
1158 3449 1556 3523 Catholicae
1609 3447 1966 3522 Romanae
2036 3447 2225 3540 fidei,
2281 3451 2460 3522 sicut
2519 3450 2854 3524 hactenus
2921 3452 3011 3520 ita
3068 3450 3274 3518 etiam
3324 3451 3397 3519 in

97 3558 438 3641 posterum,
514 3551 908 3626 inhaereret
969 3563 1042 3625 et
1094 3575 1372 3651 semper
1435 3554 1801 3626 inhaerere
1871 3552 2113 3643 vellet,
2186 3551 2630 3648 supplicando
2702 3552 3045 3626 Maiestati
3114 3559 3394 3624 nostrae

94 3668 385 3746 perquam
438 3655 852 3728 humillime:
933 3667 1267 3752 quatenus
1317 3679 1448 3732 nos
1502 3660 1846 3731 sinceram
1914 3657 2094 3730 hanc
2142 3655 2341 3729 Fidei
2409 3655 2945 3729 declarationem
3002 3664 3075 3726 et
3124 3653 3394 3726 Catho-

96 3749 244 3827 licae
308 3756 669 3831 Romanae
736 3758 1083 3854 Religioni
1153 3760 1645 3835 adhaesionem
1716 3771 1981 3850 ratam,
2054 3770 2322 3856 gratam
2390 3769 2462 3834 et
2532 3769 2888 3856 acceptam
2957 3756 3244 3842 hahere,
3323 3766 3395 3829 et

93 3863 462 3933 auctoritate
542 3873 778 3935 nostra
859 3862 1081 3957 Regia
1164 3863 1574 3936 confirmare
1653 3874 1724 3936 et
1798 3864 2186 3953 ratificare,
2271 3874 2343 3937 et
2419 3867 2700 3961 insuper
2767 3866 3137 3936 universos
3220 3860 3392 3933 Sta-

90 3963 177 4032 tus
240 3973 307 4035 et
374 3963 671 4040 Ordines
751 3971 1284 4062 praemissorum
1364 3976 1754 4040 nostrorum
1832 3965 2233 4062 Regnorum
2315 3966 2634 4041 Croatiae
2704 3977 2777 4039 et
2846 3966 3268 4040 Sclavoniae
3320 3967 3393 4036 in

90 4081 201 4136 una
251 4078 437 4141 certa
514 4067 863 4143 Catholica
941 4071 1307 4164 Religione
1388 4092 1841 4159 conservare,
1921 4074 2437 4166 gratiosumque
2513 4081 2823 4145 nostrum
2890 4071 3203 4167 Diploma
3260 4091 3396 4143 su-

88 4169 341 4257 perinde
412 4172 694 4267 elargiri
748 4175 1124 4247 clementer
1194 4174 1655 4268 dignaremur.
1722 4173 1922 4247 Unde
1994 4197 2126 4250 nos
2194 4176 2523 4268 singulari
2573 4177 2719 4261 illo,
2791 4197 2924 4271 quo
2999 4195 3170 4269 erga
3243 4169 3391 4244 Ga-

88 4267 378 4347 tholicam
458 4276 895 4373 Religionem
977 4276 1258 4369 obligati
1320 4301 1557 4353 sumus
1636 4288 1708 4351 et
1786 4289 2030 4375 sponte
2106 4278 2414 4352 ducimur
2491 4281 2647 4352 zelo
2731 4290 2800 4352 et
2854 4276 3101 4350 affectu
3179 4276 3392 4348 incli-

84 4378 243 4468 nati,
328 4392 773 4455 memoratam
858 4381 1017 4454 dicti
1093 4381 1341 4456 Nuncii
1416 4381 1951 4456 declarationem
2032 4385 2285 4478 unique
2364 4393 2600 4455 certae
2687 4392 2755 4455 et
2821 4404 3039 4455 verae
3121 4379 3392 4452 Catho-

84 4473 237 4553 licae
286 4480 644 4559 Romanae
714 4483 1063 4579 Religioni
1115 4484 1603 4561 adhaesionem
1675 4509 1801 4584 pro
1866 4496 2192 4560 annotato
2264 4497 2506 4562 nostro
2561 4485 2980 4559 Sclavoniae
3035 4494 3105 4556 et
3158 4481 3394 4555 Oroa-

82 4580 199 4654 tlae
246 4583 491 4681 Regno
543 4600 789 4678 ratam,
861 4599 1129 4683 gratam
1181 4600 1250 4663 et
1301 4601 1652 4687 acceptam
1721 4590 2086 4682 hahentes,
2148 4589 2236 4665 de
2283 4589 2707 4687 plenitudine
2769 4589 3194 4662 auctoritatis
3245 4608 3394 4659 no-

85 4691 245 4759 strae
321 4689 585 4789 Regiae
655 4692 1067 4769 ratificamus
1087 4745 1112 4783 ,
1201 4693 1611 4776 rdvoramus
1677 4705 1748 4769 et
1818 4694 2324 4769 confirmamus.
2428 4693 2518 4767 Et
2585 4697 2867 4789 insuper
2929 4690 3171 4765 fideles
3242 4712 3391 4762 no-

48 4798 247 4869 ‘stros
317 4802 684 4875 universos
766 4797 1145 4871 eorundem
1214 4799 1613 4893 Regnorum
1683 4809 2077 4875 nostrorum
2147 4797 2380 4874 Status
2460 4809 2531 4872 et
2599 4796 2895 4872 Ordines
2979 4805 3392 4892 praesentes

82 4907 145 4969 et
186 4898 441 4978 futuros
492 4913 734 4978 nostro
788 4912 860 4975 et
912 4923 1395 4977 successorum
1449 4912 1837 4978 nostrorum
1918 4902 2247 4976 videlicet
2306 4902 2705 4995 Hungariae
2754 4900 3027 4995 Regum
3104 4901 3392 4972 nomine

80 5000 143 5071 iu
188 5005 395 5080 verbo
447 5017 687 5081 nostro
740 5005 968 5099 Regio
1040 5027 1562 5080 assecuramus:
1636 5005 1821 5102 quod
1889 5006 2178 5081 eosdem
2233 5004 2467 5080 Status
2538 5017 2608 5080 et
2659 5003 2953 5079 Ordines
3023 5022 3388 5076 memora-

84 5110 275 5181 torum
326 5109 726 5205 Regnorum
806 5120 1193 5184 nostrorum
1270 5108 1588 5182 Croatiae
1661 5121 1731 5183 et
1800 5107 2221 5183 Sclavoniae
2290 5114 2362 5183 in
2412 5132 2586 5184 vera
2657 5113 2962 5206 ipsorum
3029 5103 3389 5178 Catholica

82 5203 363 5287 Romana
416 5213 779 5310 Religione
832 5234 976 5288 non
1045 5212 1251 5288 modo
1304 5235 1444 5287 non
1514 5213 1872 5309 impedire,
1942 5212 2072 5288 sed
2140 5217 2368 5309 potius
2438 5222 2887 5286 manutenere
2957 5220 3029 5284 et
3080 5229 3392 5283 conser-

82 5329 231 5388 vare
276 5316 659 5392 tenebimur
708 5327 813 5402 et,
832 5321 1191 5391 memorati
1243 5338 1699 5394 successores
1750 5321 1969 5392 nostri
2023 5316 2437 5391 tenebuntur
2486 5328 2554 5391 et
2606 5327 2805 5391 erunt
2859 5314 3164 5410 obligati.
3223 5310 3392 5384 Ha·-

80 5432 211 5489 rum
257 5430 639 5504 nomarum
721 5432 998 5497 secreto
1069 5420 1314 5519 Sigillo
1366 5430 1633 5516 nostro,
1704 5443 1841 5520 quo
1910 5430 1987 5497 ut
2035 5421 2196 5495 Rex
2262 5420 2660 5519 Hungariae
2712 5423 2986 5506 utimur,
3054 5421 3125 5493 in
3195 5436 3392 5512 pen-⁴

257 5551 413 5621 (rm
437 5553 479 5610 1.
510 5555 687 5611 Privss.
719 5564 775 5610 et
806 5554 1029 5626 mett.)
2859 5523 2960 5596 43
