3950 5917
3177 406 3192 415 ’
3284 414 3449 499 §59

145 640 259 716 est,
312 632 646 702 ciuitatem
699 640 767 700 et
804 631 1027 702 locum
1087 632 1406 701 munitum
1463 639 1531 702 et
1588 639 1793 702 tutum
1851 654 1987 705 non
2046 629 2402 720 babentes,
2461 631 2862 702 multociens
2926 629 3012 702 ob
3068 634 3442 725 potentiam

148 736 543 806 inimicorum
578 743 1003 804 -nostrorum
1075 733 1422 805 derelictis
1496 732 1806 806 domibus
1890 744 1959 805 et
2040 733 2387 821 facultate,
2460 756 2587 828 pro
2653 743 2889 805 nostro
2963 733 3224 805 honore
3301 756 3442 806 non

146 845 574 930 pepercerunt
645 835 1040 907 fidelissime
1116 858 1236 930 pro
1299 834 1499 909 nobis
1554 846 1625 908 et
1675 859 1800 931 pro
1852 838 2269 909 exaltatione
2325 847 2586 925 nostra,
2661 846 2732 908 et
2785 836 2988 907 multa
3064 837 3194 906 alia
3251 834 3436 907 fide-

146 941 374 1011 lissima
428 960 643 1032 opera
699 949 767 1011 et
806 942 1084 1010 seruitia
1135 961 1386 1011 versus
1441 961 1570 1012 nos
1624 950 1693 1011 et
1726 939 2277 1012 Dominationem
2331 948 2633 1011 nostram
2691 939 3135 1011 ostenderunt
3188 942 3444 1033 pariter

148 1050 205 1113 et
249 1039 586 1131 fecerunt,
642 1044 816 1113 sicut
870 1041 1073 1114 decet
1126 1044 1505 1115 seruitores
1558 1041 1799 1116 fideles
1855 1066 2024 1135 erga
2081 1043 2396 1116 dominos
2426 1064 2614 1139 ‚suos
2670 1040 2950 1127 facere3
3005 1064 3137 1136 que
3167 1042 3439 1136 quidem

147 1165 256 1217 nos
307 1143 631 1216 inducunt
693 1167 845 1216 cum
903 1149 1006 1218 eis
1058 1140 1406 1237 generose
1463 1132 1541 1217 se
1597 1140 1879 1238 gerere,'
1949 1140 2020 1218 et
2082 1157 2151 1216 ut
2206 1134 2576 1241 principum
2650 1145 2853 1217 decet
2923 1145 3121 1217 bonis
3176 1155 3246 1216 et
3299 1168 3442 1239 ge·-

147 1250 389 1319 nerosis
464 1246 822 1321 favoribus
878 1250 1143 1320 animos
1216 1247 1509 1319 fidelium
1574 1270 1848 1321 suorum
1906 1252 2309 1323 seruitorum
2367 1248 2454 1321 de
2491 1247 2672 1321 bono
2728 1252 2793 1320 in
2844 1249 3085 1320 melius
3133 1270 3441 1351 augere5

147 1373 256 1446 qua
306 1349 390 1423 de
446 1373 524 1422 re
572 1352 870 1423 sincero·
912 1354 1137 1422 animo
1195 1360 1261 1422 et
1315 1362 1544 1423 mente
1600 1355 1763 1424 moti
1818 1351 1918 1424 ad·
1953 1351 2221 1425 nobiles
2269 1352 2724 1439 Scrisiensest,
2780 1340 3438 1425 fidelissimos'seffd·

148 1457 376 1526 nitores
450 1464 759 1543 nostros,
816 1464 1117 1550 propter
1194 1452 1429 1527 eorum
1511 1452 1693 1526 bona
1773 1477 1986 1550 opera
2043 1467 2113 1528 et
2168 1457 2471 1543 seruitia,
2544 1457 2847 1549 inprimis
2928 1452 3440 1546 confirmatum,

148 1556 576 1652 approbamus
658 1568 727 1628 et
800 1557 1213 1629 ratificamus
1293 1579 1536 1630 omnes
1618 1566 1687 1629 et
1769 1560 2071 1651 singulas
2129 1558 2662 1631 consvetudines
2745 1560 3081 1651 antiquas,
3164 1580 3442 1653 semper

146 1659 378 1733 Scrisie
450 1659 859 1734 obseruatas
931 1682 1149 1755 usque
1222 1662 1290 1733 in
1345 1658 1783 1752 hodiernum,
1859 1663 2166 1734 similiter
2237 1664 2502 1733 statutis
2568 1659 2913 1732 ordinibus
2968 1682 3231 1750 eorum,
3305 1683 3441 1754 quo

151 1773 367 1837 statuta
430 1774 592 1835 sunt
665 1766 731 1835 in
805 1762 1096 1859 quodam
1174 1760 1523 1836 volumine
1601 1762 1779 1854 libri,
1864 1776 1932 1835 et
1985 1786 2224 1837 omnes
2291 1762 2461 1837 alias
2517 1786 2755 1836 eorum
2808 1758 3185 1853 libertates,
3267 1786 3441 1859 quan

52 1898 53 1957 i
147 1868 257 1961 ipsi
301 1870 786 1962 progenitores
866 1870 1083 1940 nostri
1166 1865 1522 1955 dederunt,
1606 1878 2106 1941 concesserunt
2175 1878 2245 1939 et
2317 1865 2824 1955 confirmarunt„
2905 1890 3040 1962 que
3112 1870 3181 1940 in
3238 1856 3446 1974 suprss

150 1970 319 2043 dictis
369 1968 786 2064 Priuilegiis‚
841 1973 1205 2043 nominatis
1242 1973 1308 2042 in
1344 1969 1481 2041 hoc
1534 1981 1774 2044 nostro
1812 1970 2213 2063 Priuilegio,
2268 1992 2614 2064 generose
2670 1973 3124 2060 continentur,
3181 1981 3252 2043 et
3285 1974 3444 2043 sin-

152 2094 291 2145 cero
344 2076 574 2145 animo
647 2083 717 2144 et
764 2084 992 2145 mente
1049 2072 1531 2146 confirmamus
1588 2085 1657 2145 et
1708 2072 2123 2147 ratificamus
2178 2077 2404 2146 omnia
2458 2084 2528 2146 et
2580 2072 2846 2165 singula
2903 2096 3105 2168 supra
3163 2060 3444 2168 scripta‘.

150 2178 267 2247 imo
318 2187 663 2272 tamquam
716 2179 870 2248 veri
907 2176 1160 2249 domini
1212 2175 1667 2272 predictorum
1715 2175 2053 2250 Nobilium
2110 2174 2592 2250 Scrisiensium
2662 2198 2786 2271 pro
2850 2170 3112 2248 eorum
3143 2166 3446 2282 fidelium

156 2282 422 2353 seruitiis
478 2290 554 2352 et
606 2278 950 2352 laboribus
1025 2302 1272 2352 versus
1327 2302 1457 2352 nos
1514 2284 1756 2374 gestis5
1832 2281 1919 2354 de
1972 2304 2160 2354 novo
2215 2284 2576 2353 autoritate
2646 2289 2882 2353 nostra
2939 2278 3202 2367 damus,
3258 2274 3446 2355 coffi-

155 2382 429 2457 cedimus
467 2393 543 2456 et
579 2380 997 2457 attribuimus
1045 2406 1286 2457 omnes
1338 2405 1501 2456 suas
1555 2382 1934 2474 libertates,
1990 2387 2472 2473 immunitates„
2532 2382 3091 2469 eonsuetudines,
3149 2398 3316 2477 quas
3354 2367 3443 2483 ab

155 2489 397 2581 antiquo
478 2485 882 2559 habuerunt.
989 2486 1077 2558 Et
1144 2486 1276 2558 hec
1348 2489 1571 2559 omnia
1638 2498 1707 2559 et
1770 2489 2034 2582 singula
2109 2488 2302 2575 alia.,.
2338 2509 2467 2581 que
2542 2489 2609 2558 in
2662 2485 2986 2581 predictis
3057 2482 3448 2579 Priuilegiis

152 2600 510 2661 nostrorum
593 2589 1192 2685 predecessorum,
1265 2590 1351 2662 de
1409 2588 1647 2684 quibus
1702 2591 1836 2663 hoc
1890 2601 2197 2665 nostrum
2276 2587 2711 2682 Priuilegium
2785 2587 2948 2660 facit
3003 2580 3447 2679 mentionem}

152 2714 255 2785 pro
302 2693 629 2788 predictis
681 2692 1038 2766 Nobilibus
1095 2692 1591 2765 Scrisiensibus
1647 2716 2021 2788 eorumque
2077 2691 2440 2766 heredibus
2496 2704 2565 2765 et
2615 2690 3121 2787 posteritatibus
3174 2688 3450 2764 confir-‘-

154 2806 412 2887 mantes.,
469 2794 958 2891 approbantes,
1011 2795 1446 2885 roborantes,
1505 2795 1927 2869 ratificantes
1985 2808 2055 2870 et
2089 2801 2556 2887 nominantes,
2613 2805 2943 2891 perpetuo
2998 2796 3323 2870 ualituros
3378 2805 3455 2867 et

155 2910 653 2972 memoraturos.
706 2898 781 2971 In
825 2922 1105 2995 quorum
1161 2903 1463 2972 omnium
1493 2910 1562 2972 et
1587 2901 2008 2993 singulorum
2062 2899 2270 2973 robur
2324 2911 2394 2973 et
2443 2902 2903 2973 testimonium
2956 2898 3090 2971 hoc
3139 2892 3454 2973 nostrum

158 2999 563 3096 Priuilegium
619 3001 775 3075 fieri
828 3006 1174 3093 iussimus,
1232 3013 1301 3075 et
1351 3007 1606 3077 nostris
1663 3004 1903 3098 sigillis
1958 3002 2408 3099 pendentibus
2463 3007 2846 3076 munientes
2901 2995 3234 3075 roborari.
3263 2993 3450 3081 ‘nass-

160 3112 276 3177 tum
322 3108 387 3179 in
442 3105 696 3203 oppido
751 3104 875 3179 sub
928 3106 1191 3179 Pocitel
1242 3108 1582 3200 vigesima
1653 3110 1937 3202 septima
1994 3108 2105 3179 die
2159 3111 2417 3180 mensis
2465 3104 2782 3179 Octobris
2851 3102 3216 3180 Millesimo
3271 3098 3456 3202 qua-

164 3205 672 3302 dringentesimo
758 3212 1322 3305 quinquagesimo
1395 3213 1632 3305 primo,
1740 3209 1886 3284 Nos
1960 3213 2165 3304 igitur
2235 3207 2850 3306 supplicacionibus
2922 3208 3205 3304 prefatis
3273 3200 3457 3293 Μίιβφ

165 3308 374 3385 ebonis
424 3312 775 3386 Maiestati
845 3322 1082 3386 nostre
1158 3312 1390 3402 modo,
1464 3335 1595 3408 quo
1670 3337 1898 3410 supra,
1967 3315 2298 3409 porectis,
2367 3313 2588 3406 Regia
2642 3311 3060 3405 benignitate
3115 3311 3458 3413 exauditis

164 3410 512 3488 clementer
567 3426 640 3487 et
694 3415 1038 3506 admissis,
1092 3417 1469 3512 prescripta
1525 3419 1841 3512 exempla
1898 3426 1968 3489 et
2014 3419 2251 3512 copias
2307 3416 2640 3489 dictorum
2706 3414 3227 3509 Priuilegiorum
3280 3436 3456 3510 pre-,

160 3517 433 3592 sentibus
534 3519 778 3591 litteris
857 3518 1393 3615 priuilegialibus
1476 3524 1625 3594 sine
1710 3519 2153 3592 diminutione
2234 3530 2303 3593 et
2377 3529 2744 3613 augmento
2826 3518 3051 3613 aliquo
3131 3510 3458 3613 insertas,

52 3618 53 3623 ’
158 3621 353 3714 quoad
407 3644 654 3696 omnes
710 3645 943 3696 earum
997 3626 1476 3714 continentias,
1527 3618 1892 3697 ‘clausulas
1947 3633 2018 3695 et
2069 3623 2393 3697 articulos
2448 3626 2760 3719 quosvis,
2831 3624 2899 3693 in
2954 3631 3272 3725 quantum
3315 3625 3459 3725 rite

160 3729 218 3793 et
259 3723 555 3817 legitime
631 3729 930 3799 existunt
997 3736 1339 3813 emanate,
1410 3723 1806 3824 viribusque
1876 3749 2111 3800 eorum
2165 3732 2424 3802 veritas
2481 3726 2921 3821 suffragatur,
2994 3737 3457 3822 acceptamus,

159 3828 587 3921 approbamus
653 3840 725 3902 et
785 3827 1223 3905 ratificamus.
1330 3828 1823 3904 Nichilominus
1893 3854 2070 3905 vero
2141 3841 2216 3903 ut
2284 3831 2492 3924 inem
2562 3828 2876 3921 Nobiles,
2949 3835 3143 3905 cives
3215 3839 3286 3903 et
3335 3832 3457 3931 ἰιι-Ι

160 3930 292 4003 cole
361 3931 542 4006 dicte
626 3934 921 4006 civitatis
994 3943 1063 4006 et
1134 3943 1316 4007 terre
1387 3945 1624 4007 nostre
1707 3934 1967 4008 Scrisie
2043 3945 2112 4006 et
2179 3932 2510 4007 fidelitate
2581 3943 2651 4006 et
2717 3956 3002 4006 numero
3075 3956 3162 4006 eo
3233 3933 3457 4037 magis

160 4033 447 4109 studeant
516 4039 785 4131 augeri,
867 4058 1002 4131 quo
1075 4059 1156 4111 se
1220 4039 1464 4112 maiori
1533 4037 1779 4111 favore
1851 4047 2092 4111 nostro
2162 4039 2650 4133 pervenientes
2723 4058 2885 4111 esse
2939 4032 3458 4159 conspexerint?

52 4182 53 4221 ;
159 4137 411 4212 easdem
466 4141 730 4213 litteras
787 4149 856 4212 et
906 4143 1205 4235 ipsarum
1262 4142 1496 4238 copias
1554 4151 1622 4213 et
1676 4143 1991 4237 exempla
2046 4138 2353 4238 prefacta
2408 4163 2492 4212 ac
2546 4143 2773 4213 omnia
2827 4143 2896 4215 in
2947 4142 3050 4215 eis
3104 4149 3454 4244 contenta,

158 4258 264 4331 pro
315 4241 578 4317 eisdem
630 4252 961 4338 perpetuo
1015 4244 1304 4317 valitura
1376 4242 1782 4318 roboramus
1838 4255 1905 4317 et
1960 4242 2445 4317 confirmamus
2515 4242 2756 4318 harum
2808 4254 3221 4334 nostrarum,
3292 4242 3458 4345 qui-5

157 4334 266 4415 bus
316 4356 659 4421 secretum
717 4345 1009 4442 sigillum
1062 4358 1394 4438 nostrum,
1451 4372 1585 4444 quo
1644 4359 1711 4420 ut
1764 4347 1921 4421 Rex
1972 4348 2322 4443 Hungarie
2395 4349 2665 4437 utimur,
2699 4344 2828 4420 'est
2881 4366 3281 4445 appensum,
3335 4350 3457 4422 vi*

156 4465 308 4535 gore
389 4459 458 4522 et
527 4452 918 4524 testimonio
997 4451 1373 4524 litterarum
1451 4455 1853 4546 meritoque.
1957 4452 2206 4525 Datum
2284 4451 2476 4524 Bude
2548 4452 2617 4525 in
2687 4446 2871 4525 festo
2941 4449 3129 4525 beati
3189 4444 3456 4531 Thon·

158 4547 469 4644 Apostoli.
524 4552 732 4627 Anno
778 4552 1049 4627 Domini
1103 4552 1468 4628 Millesimo
1524 4553 2197 4651 quadringentesimo
2254 4557 2684 4650 octogesimo
2740 4556 2975 4651 primo.
3055 4552 3460 4650 Regnoru-¹

158 4664 545 4745 nostrorum„
602 4655 949 4751 Hungarie
1007 4666 1136 4729 etc.
1192 4662 1532 4752 vigesimo
1582 4668 1847 4754 quarto,
1904 4657 2233 4732 Bobemie
2291 4680 2460 4732 vero
2516 4656 2914 4733 tredecimo.
3215 4728 3226 4737 .
3291 4746 3304 4757 ⁴
3435 4708 3452 4747 s

712 4860 811 4927 Aa
850 4866 1357 4947 propositionem
1408 4862 1630 4927 Thome
1676 4865 1753 4927 de
1798 4862 2091 4944 Ενάοωά,
2135 4868 2449 4947 prepositi
2499 4862 2875 4928 Tituh‘em.

166 5036 286 5114 ὑῆς.
318 5048 613 5105 membrana
647 5053 784 5120 apud
824 5052 1149 5106 nutantium
1188 5052 1437 5107 Htrkovie
1474 5050 1805 5123 Carolopagi,
1844 5055 1990 5119 cuin·
2026 5053 2287 5107 erroribus
2325 5054 2534 5123 plenum
2561 5062 2970 5125 'mouumwm
3005 5056 3321 5125 accept-u.
