3950 5917
564 335 726 470 aro

654 601 806 672 rtim
860 596 1012 671 aliis
1063 594 1390 671 tractibus
1451 600 1567 671 uni
1619 607 1690 671 et
1741 598 1935 672 alteri
2011 597 2522 672 Provinciamm
2594 600 3096 696 particularium
3168 599 3487 687 adunitis,
3557 623 3597 673 a
3663 603 3843 676 solita

566 621 797 797 ffegni
847 699 1294 798 dispositione
1346 701 1722 775 licenciose
1775 705 2018 796 exigit,
2072 700 2297 775 donec
2347 702 2433 775 ad
2487 712 2870 776 extremum
2923 701 3364 777 comitatibus
3417 706 3616 777 etiam
3653 704 3843 777 Scla-

572 807 855 894 voniae,
907 814 1044 878 tam
1098 804 1549 879 numeralibus
1614 827 1813 902 quam
1885 815 1957 877 et
2035 804 2430 879 militaribus
2502 805 2933 895 officialibus,
3003 806 3530 903 praejudiciose,
3601 817 3669 880 et
3732 807 3841 882 sub

573 909 797 984 forma
862 908 1284 1005 praedocinii
1354 907 1752 998 subtractis,
1841 908 2324 984 transformata
2394 910 2775 1005 Religionis
2845 913 3106 1008 specie,
3177 909 3329 984 cu'm
3398 910 3843 986 haereditariis

575 1015 721 1088 suis
773 1013 1179 1086 coalescere
1230 1010 1460 1086 faciat.
1565 1011 1797 1085 Palam
1850 1022 1959 1087 est
2008 1013 2509 1108 praejudiciosa
2587 1015 3131 1108 generalatuum,
3198 1013 3725 1088 Varasdinensis
3788 1024 3845 1088 et

574 1115 1224 1207 Garolostadiensis,
1286 1126 1438 1188 acta
1493 1115 1739 1190 dudum
1805 1140 1845 1189 a
1894 1114 2228 1211 gubernio
2299 1116 2522 1210 Regni
2593 1117 2888 1207 avulsio,
2957 1127 3097 1190 tota
3168 1116 3499 1192 damnosa
3571 1122 3842 1192 omnium

572 1221 900 1295 malorum
956 1222 1333 1315 scaturigo,
1384 1229 1458 1291 ut
1487 1229 1646 1314 post
1680 1223 1940 1293 scissas
1994 1223 2192 1314 regni
2243 1224 2433 1294 vires
2484 1241 2623 1316 non
2675 1231 2892 1296 restet
2923 1221 3133 1311 aliud,
3186 1241 3386 1317 quam
3439 1221 3843 1318 praesidiatis

566 1327 711 1418 jam
746 1333 989 1396 extera
1041 1326 1320 1397 natione
1353 1323 1624 1396 Patriae
1675 1321 2041 1413 fortalitiis,
2092 1323 2466 1398 ludibrioso
2509 1345 2633 1420 pro
2661 1324 2793 1398 bac
2843 1324 3058 1399 libera
3109 1334 3321 1420 gente
3357 1323 3603 1400 fraeno
3655 1348 3843 1399 coer-

576 1430 757 1516 citis,
809 1426 1123 1502 absoluto
1201 1427 1608 1501 Provinciae
1661 1426 2092 1501 dominentur
2150 1429 2331 1520 jure.
2439 1427 2701 1514 Quanta
2772 1427 2885 1501 bic
2948 1432 3126 1503 inter
3193 1429 3510 1525 populum
3583 1429 3845 1503 divisura

572 1534 865 1625 emergit
941 1529 1295 1605 seditionis
1348 1532 1712 1603 materies!
1789 1540 1954 1627 quot
2004 1532 2292 1606 violenti
2342 1535 2813 1605 extorsionum
2865 1533 3245 1606 excessus!
3306 1533 3593 1628 largiori
3644 1531 3844 1606 dedu-

574 1637 802 1710 ctione
836 1633 1347 1730 haud-indigen
1396 1634 1659 1707 adulari
1678 1649 1847 1708 eum
1884 1644 2226 1731 oporteat,
2276 1657 2576 1711 necesse
2612 1646 2762 1723 est,
2816 1640 2931 1732 qni
2984 1637 3294 1709 militaria
3343 1657 3566 1732 penes
3593 1633 3838 1731 Regni-

574 1739 769 1814 colas
823 1736 1048 1812 cilicia
1100 1760 1381 1812 manere
1435 1737 1851 1828 subinferat3
1904 1737 2362 1835 subripiuntur
2410 1743 2734 1835 opinione
2796 1762 2923 1836 per
2987 1749 3269 1814 exteros
3337 1738 3726 1834 dignitates,
3788 1747 3849 1812 ut

573 1865 836 1919 vacuas
889 1842 1304 1938 periculique
1355 1840 1595 1938 plenas
1646 1842 2046 1936 Regnicolis
2098 1843 2438 1938 linquant3
2490 1866 2574 1916 ac
2628 1843 2784 1916 dnm
2837 1846 3104 1938 integre
3158 1865 3414 1940 perque
3456 1846 3685 1939 inique
3732 1865 3843 1917 so-

572 1947 711 2020 litis
747 1945 1133 2039 hujusmodi
1174 1945 1519 2018 illecebris
1572 1945 1990 2019 subditorum
2028 1945 2157 2022 sibi
2192 1950 2458 2020 animos
2510 1946 2944 2038 infascinant,
2996 1949 3269 2021 nonnisi
3319 1969 3583 2039 graves
3631 1947 3845 2039 Regno

562 2071 804 2140 cans,
856 2052 1339 2145 imentemque
1372 2050 1792 2146 -portionalia
1846 2049 2087 2123 tributa
2137 2060 2637 2145 exaequantem
2693 2072 2832 2146 pro
2871 2050 3154 2125 nmilia
3205 2050 3574 2147 praesidiis
3638 2053 3843 2124 natio-

576 2153 842 2230 nalibus
911 2152 1534 2250 profundendarum
1601 2175 2062 2249 expensarum
2151 2155 2402 2226 molem
2475 2176 2569 2227 ex
2640 2158 3021 2251 composito
3099 2164 3408 2229 causant.
3513 2154 3681 2242 Quis
3729 2171 3844 2227 non

578 2259 812 2333 videat
880 2261 1265 2354 speciosam
1322 2255 1770 2330 Comitatuum
1810 2258 2374 2349 ‚Jurisdictionem
2444 2261 2804 2353 praescitis
2859 2257 3447 2351 subterjacentem
3501 2257 3844 2331 Generali-

566 2362 758 2435 bus‘?
808 2365 1215 2453 interjacent
1250 2364 1405 2456 fvici
1455 2364 1756 2454 contigui
1792 2364 2112 2449 mixtim,
2162 2361 2293 2434 bos
2345 2373 2573 2435 tamen
2621 2361 2868 2455 Regno
2947 2361 3407 2459 obsequiosus
3459 2363 3847 2456 multumque

576 2475 903 2540 oneratos
956 2469 1195 2560 premi,
1250 2466 1425 2537 alios
1477 2486 1652 2538 vero
1697 2463 1965 2557 juribus
2036 2468 2179 2537 suis
2252 2464 2377 2539 sub
2432 2466 2731 2538 violenta
2805 2468 3230 2562 protectione
3300 2468 3637 2540 immerito
3695 2464 3846 2553 frui,

572 2594 662 2642 ac
709 2573 777 2642 in
830 2567 1039 2642 rebus
1094 2571 1294 2641 etiam
1347 2568 1640 2665 politicis
1694 2591 1732 2639 a
1786 2566 2014 2662 Regni
2057 2571 2216 2660 jnre
2276 2569 2784 2664 praejudiciose
2835 2572 3086 2660 eximi;
3139 2591 3294 2644 enon
3345 2571 3497 2643 =nisi
3570 2569 3846 2642 dividere

577 2678 650 2747 in
700 2673 1006 2759 diversa,
1054 2674 1245 2745 vires
1297 2682 1371 2744 ut
1418 2676 1699 2744 vincant
1748 2680 1821 2745 et
1869 2682 2190 2767 regnent,
2241 2682 2354 2748 est
2399 2691 2520 2746 res
2588 2675 2979 2747 intentionis
3025 2677 3559 2770 {praecognitam
3655 2672 3845 2747 Hati-

568 2780 711 2851 lata
748 2786 880 2867 est,
920 2778 996 2850 *si
1030 2796 1274 2849 verum
1327 2774 1528 2850 fateri
1560 2776 1902 2864 volumus,
1957 2777 2188 2872 prisca
2239 2775 2585 2871 dignitatis
2623 2777 2910 2851 Banalis‘
2935 2778 3344 2866 authoritas,
3400 2780 3612 2851 etcui
3645 2797 3845 2871 qnan-

572 2882 735 2954 dam
786 2903 913 2978 per
960 2883 1299 2975 integrum
1371 2903 1634 2976 quaqua
1690 2890 1874 2975 patet
1939 2883 2138 2954 trium
2209 2879 2609 2973 Regnorum
2678 2881 3114 2978 complexum
3182 2882 3386 2979 pleno
3456 2879 3652 2975 fungi
3713 2881 3850 2973 jaro

574 2985 791 3072 licuit,
844 2987 1113 3057 nonnisi
1165 2987 1337 3058 intra
1392 2986 1941 3081 circumscriptos
1993 2983 2274 3058 totidem
2311 2982 2756 3058 Comitatuum
2811 2985 3160 3058 cancellos
3212 2986 3389 3060 adeo
3443 2994 3848 3060 coarctormn

579 3090 1069 3184 conspicimus,
1121 3098 1195 3160 ut
1240 3088 1465 3160 solum
1520 3088 1871 3161 dumtaxat
1922 3088 2302 3161 coloratam
2337 3097 2585 3162 =tantae
2633 3088 2979 3182 dignitatis
3030 3090 3284 3162 titulum
3314 3110 3688 3186 superesse
3732 3086 3851 3159 do-

581 3193 868 3265 leamus.
974 3191 1248 3284 Regnat
1284 3191 1587 3265 ‘Camere
1652 3194 2158 3288 praetextuosis
2225 3195 2568 3265 variarum
2639 3195 3108 3266 extorsionum
3180 3191 3468 3280 actibus,
3554 3215 3639 3265 ac
3684 3196 3856 3289 prout

570 3301 649 3368 :in
704 3295 1053 3391 principali
1105 3296 1496 3390 Hungariae
1531 3294 1806 3389 Regno,
1859 3318 1993 3368 nec
2041 3319 2252 3369 secus
2299 3300 2374 3369 in
2417 3296 2801 3371 Provinciis
2845 3295 3152 3389 eJusdem
3167 3298 3447 3370 solitam
3468 3300 3648 3387 juris
3697 3314 3855 3369 neo-

572 3402 810 3495 quisiti
862 3399 1643 3495 exercettyrranidem.
1748 3399 2054 3494 Longum
2137 3400 2343 3489 foret,
2397 3403 2736 3474 ruinarum
2805 3404 3066 3496 patriae
3119 3403 3527 3497 exprimere
3596 3409 3856 3480 statum

583 3503 1000 3604 nullaenim
1032 3506 1604 3576 constitutionum
1658 3502 1885 3598 Regni
1961 3503 2240 3577 decreta
2289 3512 2676 3599 statutaque
2744 3506 3100 3595 regionam
3167 3503 3562 3600 diplomata,
3633 3501 3855 3576 condi·

566 3612 835 3697 nones,
875 3609 951 3679 si
982 3609 1107 3679 cui
1150 3608 1577 3703 pervolvere
1630 3605 1884 3697 lubeat,
1954 3611 2106 3680 sine
2158 3607 2523 3681 Austriaca
2576 3610 3166 3703 praevaricatione
3201 3608 3411 3680 salva
3467 3627 3854 3703 superman-

564 3714 766 3786 mse
844 3709 1064 3805 aequa
1118 3710 1452 3807 liquescet
1503 3713 1798 3784 trutinio.
1906 3709 2329 3798 Convertite,
2389 3712 2624 3807 inclyti
2676 3711 2906 3785 Status
2959 3733 3044 3783 ac
3109 3710 3405 3784 Ordines
3473 3711 3734 3784 fractos
3780 3713 3860 3779 tet

564 3816 783 3888 malis
835 3817 1103 3888 animos
1133 3836 1281 3911 ·per
1358 3813 1787 3900 Austriacos,
1842 3823 1942 3887 tot
1992 3813 2270 3887 heroica
2323 3815 2611 3906 gloriosi
2663 3813 2973 3889 Nominis
3025 3815 3439 3904 Stemmata3
3493 3813 3630 3888 ahi
3680 3810 3860 3887 Zrinii

576 3915 928 4015 celebrata
904 3927 1147 4030 -toto‘
1155 3914 2303 4091 &Q
2335 3918 2464 3991 nbi
2516 3919 2947 4013 Frangepani
2999 3917 3279 3992 stabiles
3333 3869 3692 4014 quondam
3737 3935 3859 4012 apro

566 4009 1035 4096 defensione
1052 4031 1175 4116 pat
1179 4044 1324 4094 nae
1366 4021 1811 4095 Columnae?
1882 4044 2022 4095 non
2074 4031 2334 4118 quievlt
2401 4031 2901 4119 praeconcepta
2977 4027 3044 4096 in
3116 4023 3463 4096 Austlacis
3534 4019 3863 4118 Despoliai

568 4128 847 4232 imperii
899 4123 1134 4213 libido,
1188 4125 1413 4198 donec
1465 4125 1810 4198 Primores
1862 4125 2088 4218 Regni
2118 4148 2477 4222 procerum
2532 4129 2645 4217 (ut
2679 4127 3050 4200 violentam
3099 4148 3424 4223 nuperum
3453 4123 3861 4199 Draseovim’?

564 4238 907 4303 mortem
903 4231 1479 4325 praetereamus)
1522 4231 1675 4323 iugi
1728 4230 1947 4323 gloria
2001 4239 2494 4325 perennaturos
2548 4229 2984 4304 dulcissimae
3023 4229 3312 4304 Patriae
3347 4227 3637 4303 Iaceret
3687 4227 3854 4302 Mar-

583 4343 657 4427 ι)
663 4355 799 4406 res.
876 4333 1013 4407 Ast
1063 4356 1151 4406 ne
1203 4336 1637 4406 innocentiae
1689 4342 1966 4408 nostrae
2022 4355 2293 4430 quoque
2318 4333 2750 4407 Austriacam
2781 4337 3045 4407 evitare
3065 4337 3534 4408 austeritatem
3594 4331 3857 4410 licuerit.

564 4439 744 4511 ⁸dum
800 4438 1333 4511 commissionali
1384 4446 1485 4510 tot
1537 4436 1805 4529 legibus
1854 4436 2080 4531 Regni
2133 4441 2348 4511 vetito
2393 4436 2654 4529 judicio
2689 4436 3052 4530 subjectae
3106 4440 3857 4530 immanomjam-mor-

562 4551 727 4615 ruem
776 4542 955 4634 (nisi
1008 4550 1153 4614 rata
1205 4541 1335 4613 Dei
1389 4539 1775 4635 benignitas
1827 4540 2083 4614 liberos
2137 4563 2274 4614 non
2330 4561 2494 4614 esse
2541 4543 2865 4635 visisset)
2909 4542 3165 4617 odiose
3197 4541 3654 4616 ¹decreverat.
3710 4538 3858 4626 ,Qus

564 4645 994 4719 saeuientem
1050 4644 1225 4717 banc
1276 4643 1620 4720 Austriaci
1675 4647 2052 4738 regiminiS,
2107 4644 2469 4742 diplomata
2501 4667 2624 4718 sua
2676 4667 2800 4740 pro
2829 4644 3015 4719 libitu
3069 4645 3416 4735 violantis,
3470 4648 3856 4739 iniquitaten

588 4747 769 4823 ferat
835 4748 1171 4821 ulterius?
1242 4747 1437 4823 favet
1486 4748 1765 4838 aether,
1837 4751 2354 4843 certissimaque
2421 4748 2982 4822 concurrentibus
3051 4759 3444 4822 exterorum
3500 4749 3850 4841 Principum

566 4843 1011 4937 foederibus,
1065 4852 1635 4943 redintegrandae
1689 4876 1727 4923 a
1773 4853 1945 4944 jugo
2002 4855 2190 4946 genti
2241 4852 2524 4940 liberae,
2580 4876 2742 4926 sese
2813 4852 3015 4926 offert
3083 4856 3386 4926 occasio.
3494 4851 3853 4925 Succumto

564 4960 813 5062 itaque
858 4957 1128 5049 Justae
1143 4978 1423 5045 causae,
1471 4956 1711 5052 inclyti
1764 4956 1995 5029 Status
2038 4966 2108 5028 et
2142 4956 2461 5045 ordines,
2518 4958 2895 5048 conjunctis
2951 4959 3218 5046 animis,
3271 4979 3358 5028 ac
3412 4956 3568 5029 dum
3617 4967 3854 5027 omnem

566 5084 630 5134 ‚a
682 5059 884 5134 uobis
913 5060 1323 5134 dominandi
1376 5058 1808 5133 ambitionem
1865 5063 2081 5150 (teste
2134 5063 2354 5133 triano
2406 5061 2600 5151 Deo)
2653 5059 2863 5149 longe
2911 5058 3189 5142 abesse,
3242 5070 3592 5155 totamque
3619 5057 3851 5130 dulcis-

563 5167 810 5267 simae
862 5164 1131 5238 Patriae
1183 5187 1459 5238 cansam
1508 5163 1694 5237 felici
1748 5173 2000 5237 eventu
2056 5165 2543 5238 terminandam
2598 5166 3059 5260 assumpsisse
3088 5164 3378 5238 credere
3431 5164 3710 5249 eosdem
3734 5170 3854 5230 vo‘-

572 5269 843 5351 aumas,
886 5289 1046 5342 nec
1094 5291 1304 5343 secus
1376 5268 1458 5341 ad
1516 5268 1901 5342 fidelitatem
1976 5266 2227 5342 labenti
2298 5267 2567 5341 Patriae
2636 5268 3203 5353 consecrandam,
3271 5265 3859 5381 coniungendaque

568 5391 753 5466 ‘cnm
803 5371 1218 5444 exercitibus
1295 5375 1549 5445 nostris
1603 5395 1788 5445 arma
1858 5382 2340 5467 permanenter
2405 5395 2494 5445 ac
2543 5375 2732 5447 serio
2796 5372 3524 5456 οοιιιιιιοιιεῐιιςιιμιιιοι·
3541 5366 3757 5458 „Quod
3797 5363 3858 5436 si
