3950 5917
494 380 654 460 402

1998 584 2055 647 A
2109 596 2284 667 ter-90
2302 610 2326 648 .-

810 773 1271 861 Reverendis,
1344 773 1898 867 Honorabilibus,
1970 774 2471 871 spectabilibus
2545 801 2629 849 ac
2698 777 3129 872 Magnificis,
3211 779 3592 874 Magnificis
3663 784 3808 852 item

493 878 822 974 Egregijs
895 890 964 952 et
1034 878 1412 971 Nobilibus,
1492 903 1626 953 nec
1695 902 1834 952 non
1905 879 2356 954 Prudentibus
2428 904 2513 953 ac
2568 880 3099 979 Circumspectis
3153 882 3236 955 N.
3291 882 3373 956 N.
3428 883 3810 977 Regnorum

495 981 902 1056 Nostrorum
955 983 1364 1074 Dalmatiae,
1422 981 1740 1056 Croatiae
1795 992 1865 1056 et
1917 983 2336 1057 Sclavoniae
2389 984 2750 1060 Universis
2805 985 3106 1061 Statibus
3162 991 3227 1058 dc
3281 986 3646 1060 Ordinibus
3697 991 3811 1059 dcc.

494 1086 839 1161 Fidelibus
886 1086 1102 1162 Nobis
1157 1086 1443 1161 dilectis.

1014 1293 1381 1368 Varasdini
1435 1317 1529 1367 ex
1582 1294 1759 1368 Offo.

2011 1527 2123 1621 (L.
2198 1528 2309 1616 S.)

496 1807 644 1881 Orig.
678 1811 732 1862 in
767 1808 926 1862 Arch.
961 1809 1092 1878 Reg.
1130 1807 1303 1866 Croat.
1338 1808 1469 1861 Acta
1526 1807 1690 1878 Regni
1729 1805 1922 1878 Congr.
1966 1807 2122 1874 1738,
2160 1806 2247 1860 Νι.
2287 1809 2370 1863 1¹.

1874 2405 2455 2488 CCXLIV.

1384 2633 1592 2765 Anno
1654 2690 1889 2764 1745.
1956 2693 2073 2764 die
2132 2691 2203 2763 1.
2251 2692 2542 2786 Aprilis.
2617 2691 2944 2765 Viennae.

500 2956 1056 3035 Instructio
1154 2953 1888 3034 Commissariis
1969 2980 2139 3059 pro
2236 2958 3171 3058 reincorporatione
3276 2952 3826 3032 Inferioris

654 3093 1195 3176 Slavoniae
1262 3096 1894 3199 constitutis,
1960 3120 2002 3173 a
2065 3092 2454 3200 Regina
2516 3093 2815 3173 Maria
2877 3091 3359 3173 Theresia
3425 3092 3679 3169 data.

815 3364 1209 3440 Communis
1293 3388 1375 3437 ac
1443 3365 1728 3437 ulterior
1802 3363 2169 3438 Instructio
2224 3361 2863 3437 commissariorum
2944 3362 3349 3436 Nostrorum
3426 3361 3828 3455 Regiorum,

503 3469 864 3544 Generalis
919 3473 1164 3565 quippe
1217 3472 1432 3543 nostri
1468 3469 1758 3541 Baronis
1805 3467 1889 3540 ab
1925 3465 2446 3560 Engelshoffen,
2503 3466 2786 3541 Comitis
2832 3470 3004 3560 jtem
3043 3466 3424 3539 Alexandri
3461 3462 3830 3538 Patachich

504 3585 576 3648 et
627 3574 918 3646 Baronis
993 3572 1290 3646 Ladislai
1360 3573 1586 3665 Vajai,
1669 3572 1755 3644 ad
1818 3575 2438 3672 incorporationem
2510 3571 2763 3668 Syrmij
2832 3581 2902 3643 et
2953 3569 3301 3643 inferioris
3390 3569 3832 3642 Sclaveniae.

499 3699 625 3774 pro
699 3681 1048 3771 exigentia
1126 3675 1418 3748 Articuli
1487 3676 1587 3747 18
1660 3683 1730 3747 et
1784 3673 1904 3747 50.
1959 3678 2383 3749 novissimae
2462 3675 2749 3747 Diaetae
2833 3696 2960 3747 suo
3041 3675 3246 3747 modo
3325 3672 3832 3760 instituendam,

502 3782 729 3855 denuo
795 3783 1274 3855 exmissorum.
2095 3867 2104 3880 ι

814 3882 1162 3980 Siquidem
1200 3884 1583 3979 praemisso
1620 3884 1690 3953 in
1717 3884 2001 3974 negotio
2029 3881 2609 3984 Incorporationis
2644 3883 2818 3955 ultra
2849 3905 2960 3974 ea,
3001 3905 3178 3977 quae
3199 3886 3341 3975 jam
3371 3883 3602 3956 Annis
3621 3902 3831 3976 prae-

504 3991 723 4061 teritis
779 3988 1153 4060 clementer
1204 3985 1619 4060 resolvimus
1675 3995 1744 4056 et
1793 3985 1988 4058 Bano
2046 3984 2390 4074 Croatiae,
2463 4009 2598 4057 nec
2651 4008 2790 4059 non
2843 3985 3157 4082 praefato
3212 3985 3536 4059 Generali
3597 3994 3828 4058 nostro

502 4089 589 4164 ab
642 4091 1135 4186 Engelshoffen
1219 4089 1331 4162 die
1385 4087 1506 4162 30.
1564 4087 1881 4162 Octobris
1954 4090 2138 4162 Anni
2211 4087 2414 4162 1743
2485 4100 2555 4162 et
2624 4087 2871 4163 Comiti
2942 4081 3336 4180 Patachicb,
3408 4114 3640 4187 aeque
3716 4085 3830 4162 sub

500 4194 615 4269 die
672 4197 741 4268 5.
797 4195 1095 4289 Augusti
1164 4192 1349 4266 Anni
1419 4197 1735 4289 proxime
1801 4196 2174 4288 praeteriti,
2252 4189 2698 4266 conformiter
2763 4194 2848 4267 ad
2921 4198 3335 4290 prae-citatos
3409 4193 3530 4266 18.
3593 4204 3666 4268 et
3716 4189 3826 4267 50.

498 4298 688 4372 Anni
743 4298 939 4371 1741
1001 4297 1380 4389 Articulos,
1460 4306 1779 4392 tanquam
1832 4297 2065 4371 Basim
2122 4306 2189 4370 et
2243 4296 2755 4370 fundamentum
2808 4302 3013 4371 totius
3068 4298 3352 4371 huiusce
3404 4298 3825 4395 Incorpora-

498 4395 706 4477 tionis
776 4403 1058 4476 ulterius
1127 4424 1400 4498 quoque
1471 4400 1771 4494 benigne
1841 4405 2242 4492 insistimus,
2314 4401 2542 4474 medio
2616 4405 2819 4475 etiam
2890 4412 3201 4497 tempore
3258 4407 3624 4498 sequentia
3679 4402 3824 4474 cle-

498 4517 771 4580 menter
823 4507 1382 4579 resolvissemus.
2547 4549 2556 4554 -

814 4607 1139 4698 Primo,
1194 4619 1267 4680 ut
1294 4607 1584 4704 praefati
1623 4607 2090 4699 Commissarij
2132 4610 2345 4682 nostri
2382 4607 2583 4701 Regij
2644 4619 2799 4703 post
2842 4619 3195 4705 acceptam
3249 4610 3428 4681 hanc
3465 4608 3823 4704 benignam

496 4711 1024 4788 Instructionem
1106 4722 1408 4787 nostram
1464 4712 1550 4784 ad
1606 4711 1955 4784 Summum
2011 4715 2184 4784 intra
2243 4712 2343 4784 14
2398 4712 2547 4785 dics
2603 4712 2687 4783 ad
2743 4711 2993 4786 faciem
3063 4715 3201 4786 loci
3247 4717 3502 4805 jterum
3581 4719 3823 4787 exeant

496 4828 576 4889 et
626 4839 750 4913 pro
805 4827 996 4889 certo
1053 4816 1162 4889 die
1217 4839 1303 4888 ac
1353 4817 1539 4906 loce,
1602 4839 1726 4912 per
1778 4818 1969 4910 ipsos
2022 4815 2570 4909 cointelligenter
2624 4815 3076 4905 designando,
3134 4818 3333 4891 simul
3388 4821 3819 4901 conveniant,

498 4930 591 4994 et·
623 4942 843 5016 usque
895 4919 1100 4993 finem
1155 4918 1671 5016 corporationis
1741 4923 1938 4995 istius
1992 4922 2061 4992 in
2120 4919 2430 4994 omnibus
2493 4918 2894 4992 Militaribus
2951 4942 3172 5016 aeque
3227 4944 3336 5002 ac,
3364 4919 3822 4994 Provinciali-

500 5022 633 5097 bus
689 5024 1092 5098 simultanee
1129 5046 1213 5096 ac
1251 5026 1700 5097 communiter
1765 5033 1995 5118 agant.
2071 5023 2282 5117 lgitur
2332 5034 2406 5095 ut
2448 5028 2734 5120 primum
2776 5023 2860 5095 ad
2901 5023 3307 5097 destinatum
3364 5024 3622 5097 Locum
3661 5045 3823 5119 per-

495 5132 846 5218 venerint,
921 5137 990 5200 et
1044 5128 1245 5202 simul
1300 5130 1642 5201 constituti
1696 5125 1973 5219 fuerint,
2045 5150 2130 5198 ac
2184 5127 2272 5199 de
2324 5138 2636 5223 tempore
2708 5137 2778 5199 et
2831 5132 3251 5202 necessitate
3306 5127 3461 5201 fore
3532 5149 3826 5223 compe-

501 5235 746 5318 rerint,
825 5233 997 5304 ultra
1043 5234 1187 5324 jam
1242 5253 1367 5327 per
1421 5229 1793 5305 Consilium
1847 5241 2155 5306 nostrum
2217 5231 2444 5303 Aulae
2495 5231 2825 5303 Bellicum
2900 5230 3309 5328 publicatam
3378 5254 3633 5306 novam
3689 5235 3827 5302 ite-

503 5342 659 5405 rato
730 5354 856 5427 pro
910 5337 1256 5409 universis
1329 5333 1817 5430 praedonibus,
1888 5357 2058 5430 prae
2128 5333 2438 5408 manibus
2509 5334 2901 5428 Judiciarijs
2973 5336 3271 5410 nondum
3349 5332 3826 5425 existentibus,
