3950 5917
3340 409 3495 491 100

1603 1137 2080 1223 cxxn.

1360 1456 1570 1528 Am
1628 1452 1864 1528 1398.
1946 1452 2030 1525 In
2082 1453 2341 1528 Dauo.

173 1742 909 1851 sigismundum
987 1742 1194 1825 Rex
1273 1741 1694 1824 Nicolao
1775 1743 1891 1823 de
1952 1741 2238 1850 Gara,
2322 1742 2622 1848 Bano,
2708 1746 3127 1851 ejusque
3210 1747 3501 1826 fratri

30 1922 31 1941 ι
173 1879 619 1962 J.osnnni
681 1882 1070 1964 insulas
1131 1882 1604 1964 Absarum
1668 1891 1761 1962 et
1824 1880 2207 1962 Cherso
2285 1907 2468 1962 unu
2551 1908 2753 1963 oum
2817 1884 3273 1965 omnibus
3337 1910 3500 1966 ea-

1078 2020 1476 2101 rundem
1559 2020 2233 2126 proventibus
2296 2019 2615 2102 donat.

503 2319 651 2395 Nos
705 2319 1210 2415 sigismundus,
1259 2318 1393 2393 Dei
1445 2322 1662 2413 gratia
1715 2341 1847 2393 rex
1898 2318 2276 2414 Hungarie,
2328 2318 2709 2414 Dalmaeie,
2755 2319 3048 2395 Groaeie
3095 2330 3253 2412 οἱα,
3306 2319 3508 2395 nar-

178 2426 485 2522 otioque
511 2423 1152 2520 Brandeburgensis
1204 2433 1364 2510 ete,
1416 2432 1649 2500 notum
1701 2421 1997 2498 facimus
2046 2426 2419 2515 vniuersis,
2473 2423 2714 2520 quibus
2756 2424 3106 2518 incumbit,
3155 2447 3283 2521 per
3331 2447 3508 2523 pre-

179 2539 468 2610 sentes:
551 2526 749 2616 Quod
801 2532 960 2624 quia
1011 2550 1143 2603 nos
1196 2526 1661 2622 exigentibus,
1712 2530 1852 2599 imo
1903 2526 2260 2624 plurimum
2329 2527 2829 2625 requirentibus
2891 2527 3308 2604 fidelissimis
3361 2528 3503 2602 ob-

180 2636 453 2731 sequiis
471 2684 499 2721 ,
570 2635 976 2728 gratissimis
1049 2632 1577 2729 eomplaeeuciis
1597 2685 1623 2723 ,
1694 2634 2078 2707 strenuosis
2147 2630 2412 2706 actibus
2460 2642 2532 2705 et
2582 2636 2800 2727 gestis
2867 2636 3222 2725 virtuosis,
3301 2631 3508 2707 laude

179 2739 556 2834 dignisque
607 2747 680 2818 et
727 2740 1058 2833 preconio
1131 2735 1517 2810 attollendis
1585 2738 1848 2809 meritis
1915 2738 2052 2807 viri
2112 2734 2458 2830 magnifici
2508 2735 2783 2814 Domini
2832 2736 3103 2812 Nieolai
3153 2736 3242 2811 de
3297 2734 3507 2828 Gara,

181 2843 527 2918 dictorum
578 2862 951 2934 regnorum
1004 2849 1393 2914 nostrorum
1472 2838 1826 2913 Dalmaeie
1879 2849 1950 2912 et
2005 2838 2329 2933 Croaoie,
2372 2862 2510 2914 neo
2558 2862 2699 2916 non
2751 2840 3121 2928 Selsuouie
3170 2840 3369 2933 Beni,
3421 2864 3509 2915 ae

179 2947 552 3036 Johannis,
619 2943 850 3020 hau-is
930 2943 1239 3018 eiusdem
1291 2947 1568 3034 vterini,
1639 2941 1931 3018 filiorum
1986 2943 2253 3018 scilieet
2304 2943 2595 3018 condam
2646 2944 2922 3021 Domini
2972 2944 3240 3020 Nicolai
3291 2944 3507 3024 Pth-

181 3054 310 3126 tini
364 3047 551 3123 Gara
605 3049 694 3121 de
744 3047 1076 3146 predicto,
1127 3071 1254 3145 per
1302 3052 1494 3144 ipsos
1548 3069 1751 3121 saoro
1806 3046 2197 3137 diademati,
2251 3057 2323 3121 et
2370 3070 2498 3146 per
2533 3071 2970 3145 consequens
3021 3059 3260 3125 nostro
3310 3053 3511 3145 regio

28 3212 29 3258 ᾗ
191 3156 466 3228 culmini
519 3174 607 3225 ao
655 3157 780 3226 toti
829 3173 1053 3248 regno
1106 3162 1372 3242 nostro,
1432 3155 1535 3225 vti
1589 3154 1852 3226 eunetis
1904 3151 2140 3247 liquet,
2194 3174 2348 3224 eum
2401 3175 2717 3249 suprema
2773 3151 3115 3228 fidelitatis
3170 3164 3512 3229 constan-

197 3262 330 3345 cia,
394 3256 817 3352 temporibus
887 3266 959 3330 et
1026 3256 1200 3329 loeis
1271 3259 1696 3352 opportunis,
1764 3253 2100 3351 intrepide
2172 3254 2494 3330 exhibitis
2565 3267 2636 3329 et
2692 3259 3049 3352 impensis,
3103 3256 3368 3332 eisdem
3420 3280 3510 3332 ae

195 3360 594 3438 eorumdem
661 3358 1028 3436 heredibus
1100 3358 1433 3457 quandum
1513 3359 1805 3434 insulam
1856 3369 2162 3432 nostram
2213 3362 2475 3453 regiam
2529 3358 2810 3457 Absary
2863 3370 2934 3434 et
2982 3359 3212 3457 Kersy
3261 3362 3516 3459 appel-

28 3462 29 3465 ’
189 3468 427 3556 latam,
479 3468 548 3538 in
600 3486 823 3559 regno
876 3475 1114 3540 nostro
1167 3464 1522 3538 Dalmueie
1591 3461 1769 3536 infra
1823 3462 2145 3536 ambitum
2197 3466 2407 3536 maris
2461 3467 2901 3553 existentem,
2954 3486 3108 3537 oum
3162 3463 3514 3560 quibusnis

190 3568 506 3644 eiusdem
573 3567 997 3657 Vtilitatibus,
1063 3566 1585 3662 integritatibus,
1638 3567 1790 3641 aliis
1846 3566 2090 3641 litteris
2144 3566 2397 3640 exinde
2451 3566 2789 3641 confectis
2840 3566 3317 3657 mediantibus,
3369 3590 3516 3641 no-

185 3685 340 3750 stre
391 3676 589 3767 regie
638 3694 824 3747 noue
878 3673 1277 3746 collusionis
1328 3672 1522 3745 titulo
1573 3670 2082 3768 perhempniter
2131 3680 2203 3745 et
2250 3674 2322 3744 in
2366 3692 2596 3746 ewum
2629 3670 3067 3766 perhibemus
3115 3672 3514 3746 contulisse.

185 3778 364 3853 Ideo
448 3781 668 3850 eciam
754 3798 887 3852 nos
964 3777 1287 3851 volentes
1357 3774 1621 3851 eisdem
1699 3772 2014 3852 fidelibus
2083 3778 2338 3850 nostris
2406 3797 2533 3872 pro
2602 3774 3002 3850 eorumdem
3074 3775 3515 3868 multimodis,

189 3884 499 3981 plurimis
554 3890 625 3952 et
658 3878 1022 3955 vberrimis
1067 3878 1514 3970 ,fidelitatibus
1567 3889 1639 3953 et
1684 3878 1985 3953 fidelium
2039 3876 2528 3975 obsequiorum
2581 3879 2977 3954 eorumdem
3030 3879 3233 3954 laude
3286 3878 3513 3974 dignis

28 4008 29 4061 ς
188 3988 485 4073 neritis,
553 3988 622 4058 in
674 3982 960 4081 prefatis
1012 3984 1165 4061 aliis
1211 3983 1454 4058 litteris
1505 3987 1760 4058 nostris
1829 3986 2164 4058 seriosius
2233 3993 2307 4057 et
2357 3984 2609 4058 elarius
2660 3985 3051 4081 explicatis,
3101 3987 3298 4078 regio
3351 4007 3516 4057 am-

187 4091 395 4189 pliori
445 4086 875 4185 respondere
928 4088 1278 4177 donatiuo,
1330 4090 1744 4163 tricesimam
1778 4096 2087 4161 nostram
2139 4086 2360 4161 insula
2412 4090 2482 4160 in
2533 4086 2800 4185 prefata
2848 4092 3039 4182 exigi
3083 4098 3517 4178 consvetam,

28 4204 31 4241 ⁸
187 4217 328 4270 nee
377 4213 520 4267 non
576 4213 920 4266 cameram
975 4192 1216 4267 salium
1268 4201 1658 4266 nostrorum
1711 4191 2047 4286 regalium
2109 4193 2624 4281 maritimorum,
2675 4195 2747 4266 in
2800 4192 2978 4266 diota
3031 4192 3252 4266 insula
3304 4192 3519 4266 vendi

191 4299 579 4386 solitormu,
632 4296 834 4372 simul
884 4319 1041 4369 eum
1075 4293 1615 4371 obuenoionibus
1669 4305 1741 4369 et
1792 4293 2274 4371 emolumentis
2327 4317 2413 4368 ae
2465 4294 2721 4371 iuribus
2772 4299 3147 4384 vmuersis,
3201 4296 3291 4370 ad
3339 4318 3518 4393 pre-

190 4401 374 4478 fatas
445 4402 862 4475 tricesimam
930 4410 1001 4473 et
1068 4421 1413 4473 eameram
1466 4399 1708 4474 salium
1760 4409 2152 4475 nostrorum
2201 4401 2333 4472 rite
2391 4398 2908 4499 pertinentibus,
2961 4401 3173 4474 veluti
3229 4400 3317 4474 de
3367 4422 3515 4474 no-

192 4511 356 4582 stris
407 4506 624 4599 regiis
674 4501 987 4579 manibus
1037 4507 1436 4580 memoratis
1485 4501 1785 4578 Domino
1853 4501 2145 4577 Nicolao
2196 4501 2392 4578 Bono
2447 4513 2518 4577 et
2565 4502 2864 4578 Johsnni
2912 4502 3108 4578 fratri
3162 4526 3291 4579 suo
3345 4526 3517 4577 ear-

187 4612 330 4686 uli
351 4661 378 4698 ‚
428 4612 872 4705 ipsorumque
923 4605 1290 4682 heredibus
1309 4660 1334 4693 ,
1396 4606 1861 4702 heredumque
1915 4609 2179 4681 eunetis
2232 4604 2585 4682 sobolibus
2639 4618 2710 4680 et
2760 4608 3287 4684 suecessoribus
3338 4611 3511 4688 vni<-

28 4782 29 4785 γ
190 4717 448 4803 uersis,
516 4715 857 4809 premisso
925 4732 1110 4785 noue
1176 4722 1418 4786 nostre
1489 4710 1891 4786 donacionis
1960 4711 2156 4784 titulo
2174 4763 2200 4802 ,
2272 4715 2675 4784 auctoritate
2724 4716 2919 4807 reg-ia
2940 4766 2966 4805 ,
3038 4734 3135 4787 ex
3186 4722 3518 4808 certaque

191 4828 434 4895 nostre
500 4813 884 4892 Maiestatis
953 4819 1259 4891 soieneia
1278 4868 1304 4907 ,
1374 4813 1465 4889 de
1514 4812 1940 4889 Prolatorum
1995 4823 2067 4888 et
2112 4813 2457 4889 Beronum
2536 4825 2928 4891 nostrorum
2999 4816 3290 4890 oonsilio
3339 4837 3520 4913 pre-

189 4931 460 4997 maturo
530 4918 841 4994 dedimus
859 4971 886 5008 ,
966 4918 1371 4993 domuimus
1425 4929 1497 4993 et
1546 4923 1615 4994 in
1670 4939 1872 4993 euum
1926 4918 2360 5008 contulimus,
2410 4923 2551 4992 imo
2605 4918 2872 5009 damus,
2927 4920 3288 5012 donamus,
3343 4940 3523 5017 per-

191 5025 536 5101 henniter
605 5034 676 5098 et
725 5021 1043 5098 effeetiue
1114 5023 1563 5115 conferimus,
1638 5045 1765 5121 per
1829 5026 2050 5119 ipsos,
2122 5044 2499 5119 eorumque
2570 5021 2869 5099 heredes
2938 5033 3011 5097 et
3077 5026 3523 5121 posteritates

193 5134 563 5206 vniuersas
631 5137 966 5226 perpetuo
1020 5137 1092 5202 et
1138 5126 1683 5202 inenodabiliter
1731 5124 2224 5223 possidendas,
2265 5126 2655 5216 tenendas,
2707 5130 2963 5225 pariter
3013 5137 3088 5201 et
3135 5125 3522 5216 habendas,

193 5234 399 5331 pleno
451 5234 631 5322 iure,
681 5234 1065 5329 patrocinio
1133 5233 1567 5329 presencium
1637 5230 2008 5319 mediante,
2060 5233 2213 5306 sine
2265 5229 2594 5305 duntaxat
2641 5230 3017 5328 preludieio
3068 5235 3237 5306 iuris
3289 5231 3519 5305 alieni.

193 5335 570 5416 Presentes
621 5346 850 5410 autem
897 5339 971 5410 in
1019 5339 1285 5433 speeie,
1347 5334 1507 5411 dum
1559 5333 1760 5411 nobis
1828 5333 2084 5426 fuerint
2142 5342 2515 5433 reportate,
2568 5334 2851 5411 easdem
2905 5338 2974 5409 in
3027 5339 3246 5411 nostri
3296 5337 3523 5434 priui-

397 5519 1180 5592 (rmtfflvstetmut.)
2999 5489 3100 5566 22
