3950 5917
473 371 630 468 *su

477 605 706 698 aliquo
762 604 974 692 titulo,
1046 604 1315 700 aliquod
1371 602 1760 689 dominium,
1813 613 2249 701 potestatem,
2300 628 2432 677 nec
2485 605 3017 680 iurisdictionem
3087 609 3157 678 in
3207 606 3567 696 Dalmatia,
3624 629 3783 678 cum

481 710 694 781 simus
748 706 1056 802 dispositi
1107 718 1178 778 et
1230 707 1632 782 intendimus
1685 712 1925 780 viuere
1981 719 2050 779 et
2100 712 2275 781 mori
2335 707 2460 779 sub
2515 709 2781 782 eadem'
2828 707 3103 783 Corona
3182 709 3507 802 Vngarie.
3614 709 3783 782 Post

477 810 637 901 hoc,
693 833 844 882 cum
914 819 1180 906 tempus
1250 810 1586 884 videbitur
1654 822 1906 908 aptum,
1978 835 2109 884 vos
2160 813 2246 883 ad
2299 815 2564 906 regiam
2616 812 3039 887 Maiestatem
3110 824 3181 887 et
3242 835 3396 885 cum
3466 812 3779 886 distincta

477 916 688 1003 serieq
745 937 875 1009 qua
912 918 1240 1010 poteritis,
1297 926 1720 1011 exponentes
1756 915 2271 992 tribulationes..'
2301 920 2675 1008 angustias,
2729 921 3115 1012 passiones„
3170 916 3590 1006 obsidiones,
3642 916 3778 1010 bys

479 1018 896 1113 temporibus
950 1041 1075 1114 per
1116 1041 1243 1092 nos
1281 1021 1551 1115 passas,
1605 1019 1693 1091 ob
1749 1018 2134 1092 fidelitatem
2191 1043 2316 1092 sue
2370 1042 2628 1092 corone
2683 1020 3115 1110 seruandam„
3164 1043 3364 1115 quam
3411 1042 3563 1090 cum
3599 1043 3780 1113 gra-

479 1122 794 1194 uitatibus
847 1127 1161 1195 maximis
1217 1126 1639 1196 seruauimus
1695 1134 1763 1194 et
1815 1147 2096 1196 seruare
2148 1123 2555 1197 intendimus
2608 1146 2829 1218 vsque
2882 1124 2967 1195 ad
3014 1133 3322 1197 mortem.
3401 1122 3779 1196 Narrabitis

478 1226 719 1298 damna
779 1225 972 1298 nobis
1023 1227 1204 1298 illata
1258 1231 1326 1298 in
1365 1249 1610 1322 campo
1664 1238 1899 1300 nostro
1954 1249 2080 1323 per
2131 1247 2364 1320 regem
2419 1228 2675 1318 Boane,
2730 1228 3032 1300 Priorem
3068 1228 3376 1314 Aureae,
3431 1226 3777 1299 Clissien-

480 1352 599 1402 ses
653 1341 722 1400 et
776 1330 947 1403 alios
1000 1335 1525 1403 circumvicinos
1579 1330 1718 1403 Sue
1747 1331 2120 1406 Maiestatis
2174 1332 2464 1420 emulos,
2520 1343 2806 1404 mortem
2861 1343 2930 1404 et
2980 1335 3430 1426 captiuitatem
3486 1341 3778 1403 nostro-

479 1458 654 1524 rum,
709 1457 1079 1530 eorumque
1133 1434 1616 1523 redemtiones,
1673 1435 2075 1507 feminarum
2127 1446 2508 1506 nostrarum
2564 1447 2795 1532 turpes
2846 1447 2915 1507 et
2966 1436 3364 1532 inhonestos
3418 1445 3775 1532 tractatus,

457 1527 815 1610 tractuum
855 1548 938 1609 ·et
990 1539 1362 1610 reddituum
1418 1549 1803 1611 nostrorum
1851 1537 2075 1611 binam
2132 1539 2668 1611 deuastationem
2723 1550 2791 1611 et
2835 1539 3278 1635 perditionem
3332 1535 3774 1610 molendino:-

478 1665 653 1729 rum,
708 1642 1235 1715 destructionem
1291 1644 1523 1722 vitium
1567 1653 1670 1714 et·
1698 1641 2041 1726 arborum,
2094 1647 2315 1737 campi
2366 1648 2890 1738 prostrationem
2946 1653 3016 1715 et
3065 1643 3467 1718 incisionem
3520 1652 3592 1714 et
3639 1642 3775 1713 alia

481 1747 712 1834 multa„
786 1746 872 1818 de
936 1744 1173 1841 quibus
1246 1751 1415 1818 estis
1485 1746 1686 1841 plene
1755 1747 2116 1819 informati.
2225 1746 2375 1831 Que
2444 1750 2679 1839 grauia
2752 1747 3044 1820 fuissent
3108 1757 3176 1817 et
3229 1757 3465 1818 esseut
3525 1744 3783 1818 nedum

461 1848 1018 1945 ’'SpalatensibuS,
1091 1849 1212 1923 sed
1280 1854 1641 1945 potentiori
1707 1854 1964 1924 civitati
2034 1853 2319 1945 partium
2389 1854 2706 1938 istarum3
2782 1862 2853 1921 et
2905 1860 3489 1944 quantumcunque
3539 1852 3781 1942 grauia

461 1952 727 2046 ‘fuerint
781 1965 848 2025 et
901 1954 1055 2041 siut,
1109 1957 1178 2026 in
1229 1953 1474 2026 eadem
1529 1965 1921 2027 constanter
1990 1977 2443 2049 perseuerare
2516 1954 3023 2051 disposuimus3.
3091 1965 3158 2026 et
3209 1965 3285 2024 vt
3336 1954 3466 2025 hec
3520 1962 3591 2025 et
3644 1952 3779 2023 alia

459 2057 698 2158 :futura
753 2055 1031 2130 illariter
1081 2057 1400 2132 tollerare
1454 2057 1806 2130 valeamus
1854 2069 1921 2129 et
1955 2063 2296 2153 possimus
2351 2061 2601 2147 animo,
2660 2059 3138 2154 supplicamus,
3199 2058 3509 2150 dignetur
3544 2053 3779 2128 lllaie⁶

463 2172 624 2238 :stas
675 2155 926 2233 Vestra
982 2158 1180 2235 nobis
1244 2160 1607 2238 subuenire
1662 2161 1748 2235 de
1801 2161 2131 2257 aliquibus
2205 2185 2461 2234 corone
2532 2171 2793 2248 vestre„
2850 2173 2918 2233 et
2970 2161 3166 2234 nobis
3240 2159 3510 2233 vtilibus
3585 2162 3779 2250 satis..¹

459 2264 636 2337 'cum
707 2265 793 2336 ad
865 2269 1422 2340 sustentationem
1496 2269 1635 2340 vite
1704 2278 1963 2346 nostre„
2032 2290 2163 2360 que
2229 2267 2425 2337 nobis
2481 2290 2518 2336 a
2576 2277 2753 2337 terra
2829 2277 3134 2361 surrepta
3194 2276 3299 2337 est
3351 2274 3472 2359 pro
3529 2286 3781 2355 magna

465 2380 700 2466 parte,
755 2373 909 2462 quia
961 2368 1120 2441 Rex
1170 2369 1402 2441 Bosne
1457 2380 1527 2440 et
1581 2367 1872 2442 Clissani
1925 2392 2175 2463 magno
2229 2380 2537 2464 tempore
2594 2394 2685 2441 ex
2728 2381 2871 2442 toto
2926 2392 3054 2443 uos
3104 2378 3467 2444 tenuerunt
3519 2365 3783 2456 obses]-

461 2495 606 2558 „sos
660 2483 730 2570 et
782 2497 958 2544 nunc
1012 2484 1244 2545 tenent
1296 2496 1417 2567 pro
1472 2496 1718 2568 magna
1771 2484 1991 2569 parte„
2048 2496 2199 2545 cum
2257 2473 2496 2568 aliquis
2550 2484 2935 2547 nostrorum
2982 2473 3326 2545 hominum
3363 2494 3497 2543 non
3535 2470 3787 2544 audeat

484 2599 709 2671 neque
763 2581 979 2672 possit
1048 2583 1150 2649 ire
1203 2577 1376 2649 infra
1442 2588 1718 2667 terram,
1791 2588 1860 2649 et
1914 2581 2016 2650 sic
2070 2576 2300 2648 durior
2350 2582 2485 2649 imo
2542 2576 2901 2650 durissima
2952 2583 3059 2650 est
3109 2579 3250 2650 vita
3303 2586 3580 2663 nostra3
3644 2574 3786 2672 da„-

483 2678 647 2752 bunt
701 2692 767 2754 et
821 2681 950 2752 hec
999 2679 1195 2754 nobis
1249 2704 1491 2778 pacem
1544 2691 1614 2754 et
1666 2681 2103 2754 concordiam
2158 2703 2310 2753 cum
2363 2683 2605 2756 vicinis
2658 2685 2939 2771 uostris,
3013 2703 3165 2753 cum
3237 2678 3475 2775 quibus
3548 2700 3783 2783 sumus

460 2773 553 2882 sin
591 2784 964 2857 differentia
1002 2797 1071 2857 et
1105 2784 1472 2875 discordia„
1527 2795 1596 2857 et
1648 2785 1828 2880 quod
1880 2786 2179 2858 deterius
2234 2795 2379 2864 estq>
2419 2789 2649 2879 sepius
2701 2808 2841 2857 non
2894 2794 3291 2881 exspectato
3344 2784 3594 2855 iudicio
3649 2804 3780 2878 nos

481 2887 848 2985 predantur
901 2897 970 2960 et
1021 2889 1449 2962 damnificant
1517 2899 1587 2966 et
1655 2913 1995 2984 nunquam
2067 2892 2214 2962 sine
2287 2889 2533 2962 damno
2602 2900 2838 2963 nostro
2908 2892 3198 2960 transire
3268 2908 3656 2983 possumuS„
3715 2891 3789 2956 e‘t

485 2996 856 3076 immeritoz,
942 2997 1005 3063 in
1078 3017 1208 3088 qua
1276 3017 1451 3089 pace
1522 3003 1592 3065 et
1654 2996 1879 3086 quiete
1951 2997 2309 3080 viuentes‚
2380 2993 2530 3065 Deo
2603 3003 2671 3080 et
2731 2991 3069 3065 Maiestati
3122 2991 3372 3065 Vestre
3446 2993 3787 3062 continuis

486 3095 672 3166 horis
739 3101 1092 3188 regratiari
1165 3120 1299 3170 non
1358 3096 1802 3172 cessabimus,
1873 3097 1961 3170 Et
2031 3097 2135 3170 his
2200 3101 2492 3193 peractis
2564 3095 3037 3193 procurabitis,
3111 3095 3288 3189 quod
3359 3094 3789 3191 priuilegium

460 3198 888 3298 libertatum,
940 3205 1570 3296 praerogativarum
1627 3212 1696 3271 et
1746 3205 2229 3273 immunitatum
2284 3212 2688 3289 nostrarum,
2746 3199 2993 3273 dudum
3044 3199 3240 3272 nobis
3295 3187 3787 3271 concessarum

488 3325 611 3398 per
664 3301 882 3378 felicis
953 3310 1281 3378 memorie
1351 3305 1579 3403 plures
1650 3303 1915 3398 Regum
1961 3305 2292 3401 Vngarie‚
2366 3303 2868 3392 confirmentur,
2939 3314 3008 3375 et
3061 3308 3121 3375 si
3172 3301 3373 3376 vobis
3445 3299 3787 3392 videbitur

459 3407 750 3503 'tempus
803 3407 1099 3482 faciendi
1151 3414 1334 3507 ipsas
1389 3431 1629 3484 omnes
1683 3420 1952 3482 nostras
2006 3409 2353 3482 libertates
2408 3408 2708 3481 districte
2762 3405 2981 3479 notari
3026 3410 3095 3479 in
3137 3411 3335 3479 nouis
3371 3405 3788 3498 Priuilegiisn

490 3507 754 3584 faciatis
809 3516 874 3585 in
926 3513 1106 3586 bona
1157 3514 1353 3605 hora,
1424 3523 1495 3585 et
1545 3515 1865 3609 optimum
1935 3515 2062 3584 erit
2114 3523 2272 3585 tunc
2326 3534 2447 3586 eas
2510 3510 2898 3583 confirmari
2968 3509 3233 3583 faciatis
3289 3519 3357 3582 et
3409 3508 3556 3580 fieri
3610 3531 3792 3604 pro-—

459 3611 834 3704 scurahitis„
889 3639 1021 3710 quo
1062 3619 1326 3692 meliori
1380 3617 1585 3692 modo
1642 3622 1966 3711 poteritis.
2048 3616 2534 3700 procurabitis„
2591 3615 2767 3710 quod
2827 3613 3194 3688 habeamus
3250 3612 3556 3685 confines
3614 3615 3796 3702 inter

487 3742 616 3796 nos
672 3730 741 3792 et
795 3720 1181 3795 Clissenses
1233 3726 1352 3812 ita,
1408 3721 1587 3817 quod
1640 3720 1887 3794 flumen
1945 3721 2199 3792 Salone
2272 3724 2360 3792 sit
2410 3731 2715 3793 nostrum
2785 3742 3034 3792 versus
3098 3719 3443 3814 Spalatum
3494 3726 3563 3788 et
3613 3711 3797 3796 vltra

489 3829 576 3896 sit
629 3829 860 3913 castri,
932 3836 1002 3896 et
1054 3825 1187 3898 hoc
1241 3829 1459 3919 magis
1505 3846 1635 3919 pro
1688 3847 1860 3919 pace
1914 3823 2222 3898 habenda
2280 3847 2433 3896 cum
2488 3821 2763 3910 Castro,'
2839 3846 3034 3918 quam
3092 3846 3213 3919 pro
3268 3822 3551 3894 vtilitate
3606 3831 3796 3891 con·-

487 3928 860 4023 sequenda.
967 3927 1450 4018 Procurabitis,
1522 3927 1704 4024 quod
1770 3939 1949 4001 mete
2015 3939 2084 4000 et
2136 3926 2309 4004 fines
2381 3932 2513 4000 sint
2580 3933 2755 4000 inter
2824 3950 2951 4000 nos
3009 3938 3079 3999 et
3132 3937 3424 3998 castrum
3477 3923 3798 4026 Almissi,

459 4036 580 4130 ¹ita
636 4033 815 4132 quod
869 4032 1120 4114 flumen
1172 4033 1562 4108 discurrens
1632 4054 1846 4128 prope
1899 4038 2119 4128 ipsum
2192 4042 2488 4105 castrum
2545 4038 2633 4105 sit
2683 4041 2863 4103 meta
2936 4041 3009 4103 et
3058 4029 3344 4103 confinis
3416 4032 3592 4101 inter
3658 4050 3799 4106 nos

456 4146 562 4220 ‘et
613 4147 953 4228 eastrum3
1021 4141 1113 4210 ita
1159 4136 1348 4233 quod
1397 4147 1744 4210 terrenum
1799 4140 1966 4210 citra
2019 4135 2270 4209 flumen
2336 4159 2584 4210 uersus
2657 4134 3003 4230 Spalatum
3059 4138 3145 4212 sit
3195 4142 3502 4207 nostrum
3569 4151 3800 4228 vsq'ue

455 4231 563 4330 [in
613 4237 829 4334 mare,
881 4251 952 4318 et
999 4239 1135 4314 hoc
1205 4245 1424 4338 magis
1476 4264 1612 4339 pro.
1654 4263 1853 4338 pace,
1922 4252 2000 4313 vt
2053 4264 2280 4342 supra.
2380 4237 2869 4329 Procurabitis.,
2939 4240 3123 4335 quod
3189 4237 3387 4316 nobis
3418 4245 3421 4250 ⁴
3447 4239 3517 4309 in
3562 4239 3800 4332 patri—

487 4339 791 4428 monium
845 4357 913 4420 et
966 4352 1525 4426 sustentationem
1576 4353 1880 4418 nostram
1934 4342 2178 4419 dentur
2234 4346 2455 4419 insule
2507 4343 2712 4432 Fare,
2784 4339 3075 4417 Curzule
3138 4351 3211 4414 et
3264 4341 3555 4433 Bracie‚‚
3610 4339 3803 4438 quod

459 4451 693 4538 ‚nobis
748 4452 1164 4528 coucedatur
1213 4449 1614 4542 iurisdictio,
1662 4471 1860 4546 quam
1913 4447 2123 4523 habet
2168 4452 2362 4544 regia
2396 4447 2751 4540 Maiestas,
2805 4449 3097 4539 scilicet,
3152 4445 3335 4543 quod
3388 4443 3476 4520 ad
3528 4459 3667 4517 eas.
3705 4442 3802 4540 de

458 4554 691 4632 ,uobis
761 4558 928 4651 ipsis
979 4579 1116 4652 per
1164 4565 1471 4634 nostrum
1520 4553 1851 4628 Comitem
1905 4563 1975 4627 et
2029 4551 2397 4628 Consilium
2446 4556 2746 4626 mittatur
2796 4548 3076 4642 Comes,
3147 4573 3302 4624 cum
3355 4549 3605 4624 salario
3656 4547 3801 4630 illis

459 4657 640 4750 ,ὀπί
693 4659 948 4751 uellite,
1001 4682 1155 4734 cum
1209 4663 1313 4734 eis
1349 4662 1604 4736 -viuere
1655 4656 2054 4747 valeamus3
2117 4668 2189 4730 et
2239 4660 2299 4732 si
2351 4679 2488 4732 uon
2540 4666 2779 4745 totum,
2842 4666 3136 4753 partem,
3208 4659 3407 4753 quam
3452 4654 3801 4750 poteritis.

492 4757 951 4840 Procurabitis
1021 4761 1333 4850 obtinere
1400 4763 1661 4840 litteras
1721 4766 1963 4854 ‚regins
2036 4761 2124 4834 ad
2194 4781 2525 4838 summum
2591 4759 2987 4858 Pontificem
3010 4812 3037 4849 a
3106 4758 3289 4856 quod
3349 4755 3803 4852 nugotinum,

463 4861 1169 4968 Archi-Episcopum
1218 4877 1549 4958 nosti-um,
1589 4865 1692 4939 ‹ad
1743 4866 1940 4940 aliam
1993 4861 2381 4940 Ecclesiam
2433 4875 2818 4962 permutare
2864 4864 3188 4948 dignetur
3259 4865 3463 4934 extra
3509 4869 3807 4955 regnum

492 4995 715 5063 suum,
780 4984 850 5050 et
899 4972 1098 5048 nobis
1153 4969 1475 5046 debono
1545 4980 1821 5068 pastore
1894 4968 2286 5062 providere,
2358 4993 2507 5041 cum
2581 4991 2714 5065 quo
2788 4965 3072 5065 pacifice
3142 4969 3385 5040 viuere
3450 4968 3803 5061 possimus

489 5081 643 5156 sine
697 5078 1045 5154 scandalo.
1124 5073 1492 5156 Praeterea
1537 5076 1821 5172 ,possitis
1859 5083 1929 5148 et
1961 5073 2341 5149 lbertatem
2392 5072 2701 5150 habeatis
2753 5095 2876 5167 pro
2916 5071 3282 5154 obtinendo
3333 5067 3534 5158 vobis
3578 5090 3802 5163 ,comf-

487 5185 702 5258 missa
745 5180 1154 5277 expendere
1208 5179 1493 5264 ducatos
1535 5177 1729 5254 'Mille
1783 5181 1932 5254 auri
1979 5187 2053 5254 et
2101 5176 2347 5252 abinde
2401 5175 2600 5265 inl'raq
2672 5175 2790 5250 rbi
2843 5186 2912 5254 et
2961 5180 3031 5249 in
3085 5173 3327 5272 quibus
3378 5169 3581 5246 vobis
3622 5183 3805 5262 ‘me-

489 5286 624 5360 lior
659 5285 1014 5362 videbitur.
1074 5285 1276 5360 Nullo
1329 5283 1563 5376 modo,
1615 5283 1935 5382 nulloque
1990 5282 2253 5373 colore,
2307 5281 2425 5358 vel
2472 5283 2779 5375 ingenio„
2835 5280 3080 5356 malum
3132 5278 3377 5358 dicetis
3429 5277 3517 5360 de
3558 5278 3807 5374 a‘iqup

496 5384 659 5461 ciue
704 5400 972 5479 nostro,
1037 5410 1172 5462 nec
1202 5381 1506 5462 ‘forense
1560 5383 1833 5460 Corone
1885 5383 2192 5480 Vngarie
2245 5395 2315 5459 et
2358 5384 2773 5475 Beronibus,
2844 5407 2977 5457 nec
3028 5381 3344 5474 Prelat'is,
3414 5403 3547 5454 nec
3600 5380 3811 5455 alicui

3046 5531 3083 5538 ..
3170 5531 3177 5534 .
3220 5527 3229 5536 .
3282 5509 3289 5518 ⁸
3478 5509 3560 5550 ι’)
