3950 5917
3271 471 3418 548 371

116 695 305 748 vcro
358 678 719 772 quispiam,
772 672 1152 772 patentibus
1206 675 1396 749 hisce
1467 676 1708 752 litteris
1760 679 2015 750 nostris
2083 678 2306 775 palam
2356 673 2475 753 vel
2544 678 2812 752 occulte
2882 701 3137 770 averso
3191 703 3232 752 a
3285 703 3426 777 pu-

119 775 288 851 blici
338 775 501 851 boni
554 782 780 851 animo
832 782 1164 854 resistere
1215 801 1530 875 praesum
1582 783 1772 872 serit,
1827 779 2233 855 indubitatos
2287 790 2473 855 certa
2528 792 2600 855 et
2651 780 3011 856 manifesta
3055 782 3314 879 Legum
3358 793 3432 860 et

124 879 544 955 Libertatum
621 880 892 956 Patriae
959 883 1346 980 proditores
1417 893 1488 958 et
1604 891 1792 960 ostes
1863 888 2274 983 semetipsos
2344 884 2804 960 declarabunt.
2908 886 3201 962 Zelosos
3252 909 3430 962 vero

20 1033 23 1052 .
118 982 397 1057 Patriae
453 984 664 1060 Cives
720 985 1250 1059 cumulatissime
1332 990 1626 1062 omnium
1682 987 2080 1080 dignitatum
2151 986 2448 1063 manebit
2497 1011 2795 1078 merceS,
2863 1001 3427 1087 praematuraque

20 1055 23 1140 l
118 1090 591 1265 {¹2:ng
607 1087 915 1204 Nominis
997 1100 1323 1186 sequetur
1399 1091 1639 1183 gloria.
1747 1091 1992 1165 Datum
2081 1094 2148 1164 in
2229 1093 2477 1190 oppido
2554 1091 2845 1167 Miskolz
2927 1094 3044 1167 18.
3122 1094 3427 1168 Januarii

286 1214 333 1265 o
594 1247 612 1265 .

2022 1403 2431 1477 Franciscus
2486 1401 2819 1502 Rakoczy
2870 1403 3217 1503 Princeps.

1626 1584 1738 1678 (L.
1813 1584 1927 1676 S·)

113 2138 880 2243 Responsoriae
943 2138 1221 2218 sset
1260 2138 1414 2220 00.
1469 2139 1962 2247 Croniae,
2026 2142 2331 2220 datae
2381 2140 2825 2245 Prin-cipi
2871 2141 3423 2224 Francisco

1540 2277 2017 2381 Rakoczffl

1195 2549 1655 2624 Illustrissime
1708 2549 1999 2622 Domine
2054 2548 2345 2624 Comes!

428 2755 843 2852 Accepimus
881 2777 1029 2846 eas,
1086 2778 1254 2851 quas
1291 2755 1377 2828 ad
1423 2778 1553 2829 nos
1607 2779 1701 2828 ex
1753 2756 2001 2853 oppido
2055 2755 2343 2836 Miskolz
2400 2760 2867 2836 transmisistis
2919 2759 3204 2849 litteras,
3257 2766 3417 2862 qni-

20 2909 21 2912 =
110 2858 243 2932 hus
300 2856 495 2934 nobis
553 2856 1014 2952 significastis,
1088 2870 1419 2954 quatenns
1473 2871 1749 2935 nostros
1821 2864 2086 2935 animos
2159 2884 2480 2959 armaque
2553 2874 2784 2938 nostra
2855 2884 2990 2940 uua
3057 2864 3414 2942 vobiscum

20 3013 21 3034 ἶ
113 2965 696 3060 conjungeremus
753 2974 988 3036 contra
1045 2962 1314 3035 domum
1372 2961 1831 3052 Austriacam,
1887 2965 2333 3061 ejusdemque
2388 2965 2647 3039 Domus
2692 2969 3215 3059 augustissimae
3268 2968 3418 3042 Im-

20 3051 23 3128 ἶ
106 3077 505 3160 peratorem
576 3066 992 3163 Leopoldum
1064 3071 1580 3163 pientissimum,
1652 3067 1918 3161 Regem
1998 3078 2301 3141 nostrum
2376 3071 2912 3143 invictissimum.
3020 3069 3189 3145 Cum
3244 3097 3417 3147 vero

108 3170 241 3246 has
298 3173 472 3244 inter
516 3180 795 3244 cunctas
832 3170 1329 3245 Revolutiones
1365 3169 1682 3244 Croatiae
1718 3171 1948 3244 Status
1976 3181 2047 3243 et
2072 3171 2366 3244 Ordines
2422 3183 2813 3246 constanter
2847 3196 3166 3249 mansere
3219 3200 3419 3250 sem-

108 3296 240 3369 per
288 3273 470 3364 Deo,
522 3273 727 3366 Regi,
779 3273 1024 3369 Regno
1082 3286 1151 3347 et
1206 3273 1524 3347 Coronae
1577 3273 1843 3365 fideles,
1925 3297 2057 3370 qua
2114 3273 2470 3367 Catholici,
2540 3281 2610 3350 in
2664 3287 2981 3372 quantum
3051 3300 3416 3373 numquam

108 3376 203 3449 ad
255 3381 599 3452 novitates
652 3376 1077 3451 Lutheranae
1130 3389 1202 3451 et
1254 3376 1694 3452 Calvinianae
1750 3387 1986 3451 sectae
2040 3379 2339 3476 prolapsi
2387 3379 2691 3454 fuerunt:
2744 3380 2905 3454 ideo
2956 3379 3219 3454 bellicis
3271 3403 3415 3454 ve-

112 3483 277 3556 stris
332 3481 879 3577 expeditionibus
932 3486 1196 3573 intenti‚
1254 3483 1505 3576 vigiliis
1560 3480 2007 3571 excubamus,
2082 3492 2154 3554 ut
2218 3504 2342 3579 par
2392 3486 2539 3579 pari
2615 3481 2908 3564 referre.
2976 3487 3115 3560 imo
3186 3495 3411 3558 castra

110 3606 442 3679 armaque
494 3596 729 3659 vestra
782 3585 1152 3659 retundere
1204 3586 1588 3674 valeamus,
1645 3589 2094 3683 imperterrite
2165 3588 2598 3680 invigilaturi.
2704 3586 2951 3670 Datum
3006 3610 3100 3662 ex
3154 3586 3416 3662 Castris

105 3688 589 3766 Ormosdinum
643 3691 822 3763 inter
873 3700 944 3763 et
995 3688 1451 3764 Varasdinum
1501 3688 1622 3763 25.
1680 3690 1985 3764 Januarii
2039 3688 2263 3763 1704.

1887 3892 2140 3968 Comes
2188 3894 2418 3970 Banus
2472 3905 2818 3992 totumque
2869 3896 3206 3992 Regnum.

94 4146 269 4215 ssep·
303 4164 349 4202 ο
372 4147 719 4217 Ιιιιιισαήρω
754 4147 1046 4204 lomi-ii
1080 4147 1379 4217 sinicensis,
1412 4151 1468 4202 iu
1502 4147 1703 4204 numu
1739 4147 2030 4204 Camiotiae
2082 4152 2182 4218 uiti,
2234 4151 2387 4206 nobb
2422 4168 2452 4206 a
2500 4152 2629 4209 Rev.
2665 4153 2728 4207 Ι).
2767 4153 2919 4210 Petro
2962 4154 3230 4225 mutuor
3262 4170 3417 4209 oon-

418 4236 695 4292 manicata.

1448 4568 2067 4588 m

2834 5548 2988 5623 47*
