<?xml version="1.0" encoding="UTF-8"?>
<!DOCTYPE html PUBLIC "-//W3C//DTD XHTML 1.0 Transitional//EN"
    "http://www.w3.org/TR/xhtml1/DTD/xhtml1-transitional.dtd">
<html xmlns="http://www.w3.org/1999/xhtml" xml:lang="en" lang="en">
 <head>
  <title>
</title>
<meta http-equiv="Content-Type" content="text/html;charset=utf-8" />
  <meta name='ocr-system' content='tesseract 3.04.00' />
  <meta name='ocr-capabilities' content='ocr_page ocr_carea ocr_par ocr_line ocrx_word'/>
</head>
<body>
  <div class='ocr_page' id='page_1' title='image "./juraregnicroati00etcgoog/juraregnicroati00etcgoog_0015.png"; bbox 0 0 3950 5917; ppageno 0'>
   <div class='ocr_carea' id='block_1_1' title="bbox 166 634 3520 989">
    <p class='ocr_par' dir='ltr' id='par_1_1' title="bbox 166 634 3520 989">
     <span class='ocr_line' id='line_1_1' title="bbox 166 634 3516 733; baseline 0.001 -28"><span class='ocrx_word' id='word_1_1' title='bbox 166 637 523 727; x_wconf 72' lang='lat' dir='ltr'><strong>attingunt.</strong></span> <span class='ocrx_word' id='word_1_2' title='bbox 633 634 714 707; x_wconf 90' lang='lat' dir='ltr'><strong>ln</strong></span> <span class='ocrx_word' id='word_1_3' title='bbox 761 635 868 708; x_wconf 85' lang='lat' dir='ltr'><strong>bis</strong></span> <span class='ocrx_word' id='word_1_4' title='bbox 921 634 1029 709; x_wconf 85' lang='lat' dir='ltr'><strong>fas</strong></span> <span class='ocrx_word' id='word_1_5' title='bbox 1082 645 1192 710; x_wconf 81' lang='lat' dir='ltr'><strong>est</strong></span> <span class='ocrx_word' id='word_1_6' title='bbox 1242 637 1522 726; x_wconf 86' lang='lat' dir='ltr'><strong>videre,</strong></span> <span class='ocrx_word' id='word_1_7' title='bbox 1591 646 1840 733; x_wconf 88' lang='lat' dir='ltr'><strong>quanto</strong></span> <span class='ocrx_word' id='word_1_8' title='bbox 1918 639 2139 710; x_wconf 89' lang='lat' dir='ltr'><strong>studio</strong></span> <span class='ocrx_word' id='word_1_9' title='bbox 2195 648 2264 710; x_wconf 89' lang='lat' dir='ltr'><strong>et</strong></span> <span class='ocrx_word' id='word_1_10' title='bbox 2318 641 2740 710; x_wconf 87' lang='lat' dir='ltr'><strong>conscientia</strong></span> <span class='ocrx_word' id='word_1_11' title='bbox 2816 658 3214 710; x_wconf 88' lang='lat' dir='ltr'><strong>communes</strong></span> <span class='ocrx_word' id='word_1_12' title='bbox 3285 638 3516 731; x_wconf 84' lang='lat' dir='ltr'><strong>legis-</strong></span> 
     </span>
     <span class='ocr_line' id='line_1_2' title="bbox 168 760 3520 859; baseline 0.001 -25"><span class='ocrx_word' id='word_1_13' title='bbox 168 760 425 834; x_wconf 75' lang='lat' dir='ltr'><strong>latores</strong></span> <span class='ocrx_word' id='word_1_14' title='bbox 482 764 739 850; x_wconf 88' lang='lat' dir='ltr'><strong>nostri,</strong></span> <span class='ocrx_word' id='word_1_15' title='bbox 805 785 1023 857; x_wconf 89' lang='lat' dir='ltr'><strong>usque</strong></span> <span class='ocrx_word' id='word_1_16' title='bbox 1087 773 1383 837; x_wconf 82' lang='lat' dir='ltr'><strong>aetatem</strong></span> <span class='ocrx_word' id='word_1_17' title='bbox 1436 763 1698 838; x_wconf 74' lang='lat' dir='ltr'><strong>Mariae</strong></span> <span class='ocrx_word' id='word_1_18' title='bbox 1752 764 2156 856; x_wconf 88' lang='lat' dir='ltr'><strong>Theresiae,</strong></span> <span class='ocrx_word' id='word_1_19' title='bbox 2209 763 2527 859; x_wconf 79' lang='lat' dir='ltr'>Regnum</span> <span class='ocrx_word' id='word_1_20' title='bbox 2582 762 2940 854; x_wconf 86' lang='lat' dir='ltr'><strong>Groatiae,</strong></span> <span class='ocrx_word' id='word_1_21' title='bbox 3010 764 3391 837; x_wconf 76' lang='lat' dir='ltr'><strong>Dalmatiae</strong></span> <span class='ocrx_word' id='word_1_22' title='bbox 3444 774 3520 838; x_wconf 85' lang='lat' dir='ltr'><strong>et</strong></span> 
     </span>
     <span class='ocr_line' id='line_1_3' title="bbox 170 887 2858 989; baseline 0.002 -30"><span class='ocrx_word' id='word_1_23' title='bbox 170 887 555 963; x_wconf 78' lang='lat' dir='ltr'><strong>Slavoniae</strong></span> <span class='ocrx_word' id='word_1_24' title='bbox 607 912 648 961; x_wconf 87' lang='lat' dir='ltr'><strong>a</strong></span> <span class='ocrx_word' id='word_1_25' title='bbox 701 887 950 983; x_wconf 84' lang='lat' dir='ltr'><strong>Regno</strong></span> <span class='ocrx_word' id='word_1_26' title='bbox 1003 889 1399 985; x_wconf 82' lang='lat' dir='ltr'><strong>Hungariae</strong></span> <span class='ocrx_word' id='word_1_27' title='bbox 1453 891 1888 989; x_wconf 83' lang='lat' dir='ltr'><strong>partibusque</strong></span> <span class='ocrx_word' id='word_1_28' title='bbox 1942 896 2007 964; x_wconf 91' lang='lat' dir='ltr'><strong>ei</strong></span> <span class='ocrx_word' id='word_1_29' title='bbox 2054 895 2346 968; x_wconf 75' lang='lat' dir='ltr'><strong>annexis</strong></span> <span class='ocrx_word' id='word_1_30' title='bbox 2410 891 2858 965; x_wconf 76' lang='lat' dir='ltr'><strong>distinxerint.</strong></span> 
     </span>
    </p>
   </div>
   <div class='ocr_carea' id='block_1_2' title="bbox 490 1092 3514 1191">
    <p class='ocr_par' dir='ltr' id='par_1_2' title="bbox 490 1092 3514 1191">
     <span class='ocr_line' id='line_1_4' title="bbox 490 1092 3514 1191; baseline 0.002 -28"><span class='ocrx_word' id='word_1_31' title='bbox 490 1092 753 1166; x_wconf 82' lang='lat' dir='ltr'><strong>Fontes</strong></span> <span class='ocrx_word' id='word_1_32' title='bbox 808 1116 895 1164; x_wconf 90' lang='lat' dir='ltr'><strong>ac</strong></span> <span class='ocrx_word' id='word_1_33' title='bbox 944 1094 1309 1184; x_wconf 84' lang='lat' dir='ltr'><strong>tabularia,</strong></span> <span class='ocrx_word' id='word_1_34' title='bbox 1361 1095 1544 1169; x_wconf 89' lang='lat' dir='ltr'><strong>unde</strong></span> <span class='ocrx_word' id='word_1_35' title='bbox 1597 1095 2003 1169; x_wconf 86' lang='lat' dir='ltr'><strong>documenta</strong></span> <span class='ocrx_word' id='word_1_36' title='bbox 2059 1099 2332 1191; x_wconf 87' lang='lat' dir='ltr'><strong>accepi,</strong></span> <span class='ocrx_word' id='word_1_37' title='bbox 2385 1099 2456 1167; x_wconf 89' lang='lat' dir='ltr'><strong>in</strong></span> <span class='ocrx_word' id='word_1_38' title='bbox 2508 1094 2644 1168; x_wconf 88' lang='lat' dir='ltr'><strong>fine</strong></span> <span class='ocrx_word' id='word_1_39' title='bbox 2698 1093 3059 1188; x_wconf 73' lang='lat' dir='ltr'><strong>cuiuslibet</strong></span> <span class='ocrx_word' id='word_1_40' title='bbox 3120 1094 3514 1170; x_wconf 78' lang='lat' dir='ltr'><strong>documenti</strong></span> 
     </span>
    </p>
   </div>
   <div class='ocr_carea' id='block_1_3' title="bbox 172 1218 3513 1445">
    <p class='ocr_par' dir='ltr' id='par_1_3' title="bbox 172 1218 3513 1445">
     <span class='ocr_line' id='line_1_5' title="bbox 172 1218 3513 1321; baseline 0.001 -28"><span class='ocrx_word' id='word_1_41' title='bbox 172 1222 741 1293; x_wconf 81' lang='lat' dir='ltr'><strong>commemoravi.</strong></span> <span class='ocrx_word' id='word_1_42' title='bbox 848 1218 1125 1294; x_wconf 78' lang='lat' dir='ltr'><strong>Modum</strong></span> <span class='ocrx_word' id='word_1_43' title='bbox 1191 1221 1569 1314; x_wconf 89' lang='lat' dir='ltr'><strong>scribendi,</strong></span> <span class='ocrx_word' id='word_1_44' title='bbox 1642 1246 1845 1319; x_wconf 79' lang='lat' dir='ltr'><strong>quem</strong></span> <span class='ocrx_word' id='word_1_45' title='bbox 1899 1246 2026 1297; x_wconf 87' lang='lat' dir='ltr'><strong>sen</strong></span> <span class='ocrx_word' id='word_1_46' title='bbox 2078 1226 2147 1297; x_wconf 94' lang='lat' dir='ltr'><strong>in</strong></span> <span class='ocrx_word' id='word_1_47' title='bbox 2203 1223 2671 1319; x_wconf 86' lang='lat' dir='ltr'><strong>originalibus,</strong></span> <span class='ocrx_word' id='word_1_48' title='bbox 2736 1246 2862 1297; x_wconf 89' lang='lat' dir='ltr'><strong>sen</strong></span> <span class='ocrx_word' id='word_1_49' title='bbox 2914 1227 2984 1298; x_wconf 88' lang='lat' dir='ltr'><strong>in</strong></span> <span class='ocrx_word' id='word_1_50' title='bbox 3037 1225 3513 1321; x_wconf 87' lang='lat' dir='ltr'><strong>transsumptis</strong></span> 
     </span>
     <span class='ocr_line' id='line_1_6' title="bbox 172 1346 1811 1445; baseline 0.002 -25"><span class='ocrx_word' id='word_1_51' title='bbox 172 1349 395 1444; x_wconf 83' lang='lat' dir='ltr'><strong>copiis</strong></span> <span class='ocrx_word' id='word_1_52' title='bbox 450 1350 726 1435; x_wconf 89' lang='lat' dir='ltr'><strong>inveni,</strong></span> <span class='ocrx_word' id='word_1_53' title='bbox 782 1346 1029 1445; x_wconf 87' lang='lat' dir='ltr'><strong>ubique</strong></span> <span class='ocrx_word' id='word_1_54' title='bbox 1084 1348 1377 1423; x_wconf 81' lang='lat' dir='ltr'><strong>fideliter</strong></span> <span class='ocrx_word' id='word_1_55' title='bbox 1426 1355 1811 1426; x_wconf 80' lang='lat' dir='ltr'><strong>reservavi.</strong></span> 
     </span>
    </p>
   </div>
   <div class='ocr_carea' id='block_1_4' title="bbox 174 1553 3517 1910">
    <p class='ocr_par' dir='ltr' id='par_1_4' title="bbox 174 1553 3517 1910">
     <span class='ocr_line' id='line_1_7' title="bbox 494 1553 3517 1652; baseline -0 -26"><span class='ocrx_word' id='word_1_56' title='bbox 494 1553 756 1639; x_wconf 79' lang='lat' dir='ltr'><strong>Quodsi</strong></span> <span class='ocrx_word' id='word_1_57' title='bbox 796 1575 972 1650; x_wconf 89' lang='lat' dir='ltr'><strong>opus</strong></span> <span class='ocrx_word' id='word_1_58' title='bbox 1010 1554 1232 1629; x_wconf 85' lang='lat' dir='ltr'><strong>hocce</strong></span> <span class='ocrx_word' id='word_1_59' title='bbox 1270 1558 1413 1630; x_wconf 90' lang='lat' dir='ltr'><strong>suis</strong></span> <span class='ocrx_word' id='word_1_60' title='bbox 1450 1554 1832 1630; x_wconf 80' lang='lat' dir='ltr'><strong>defectibus</strong></span> <span class='ocrx_word' id='word_1_61' title='bbox 1870 1566 2186 1650; x_wconf 85' lang='lat' dir='ltr'><strong>urgetur,</strong></span> <span class='ocrx_word' id='word_1_62' title='bbox 2237 1555 2365 1631; x_wconf 87' lang='lat' dir='ltr'><strong>bos</strong></span> <span class='ocrx_word' id='word_1_63' title='bbox 2402 1558 2826 1652; x_wconf 88' lang='lat' dir='ltr'><strong>potissimum</strong></span> <span class='ocrx_word' id='word_1_64' title='bbox 2871 1554 3316 1645; x_wconf 78' lang='lat' dir='ltr'><strong>festinationi,</strong></span> <span class='ocrx_word' id='word_1_65' title='bbox 3351 1557 3517 1626; x_wconf 88' lang='lat' dir='ltr'><strong>item</strong></span> 
     </span>
     <span class='ocr_line' id='line_1_8' title="bbox 174 1679 3517 1781; baseline 0 -26"><span class='ocrx_word' id='word_1_66' title='bbox 174 1679 501 1755; x_wconf 73' lang='lat' dir='ltr'><strong>brevitati</strong></span> <span class='ocrx_word' id='word_1_67' title='bbox 555 1704 641 1754; x_wconf 91' lang='lat' dir='ltr'><strong>ac</strong></span> <span class='ocrx_word' id='word_1_68' title='bbox 681 1680 988 1756; x_wconf 87' lang='lat' dir='ltr'><strong>turbatae</strong></span> <span class='ocrx_word' id='word_1_69' title='bbox 1041 1683 1357 1758; x_wconf 85' lang='lat' dir='ltr'><strong>hodierni</strong></span> <span class='ocrx_word' id='word_1_70' title='bbox 1409 1687 1737 1781; x_wconf 85' lang='lat' dir='ltr'><strong>temporis</strong></span> <span class='ocrx_word' id='word_1_71' title='bbox 1784 1685 2198 1775; x_wconf 89' lang='lat' dir='ltr'><strong>condicioni,</strong></span> <span class='ocrx_word' id='word_1_72' title='bbox 2248 1684 2551 1759; x_wconf 84' lang='lat' dir='ltr'><strong>lectores</strong></span> <span class='ocrx_word' id='word_1_73' title='bbox 2602 1683 2897 1757; x_wconf 87' lang='lat' dir='ltr'><strong>tribuant</strong></span> <span class='ocrx_word' id='word_1_74' title='bbox 2947 1681 3179 1755; x_wconf 89' lang='lat' dir='ltr'><strong>velim.</strong></span> <span class='ocrx_word' id='word_1_75' title='bbox 3251 1683 3326 1756; x_wconf 90' lang='lat' dir='ltr'><strong>Si</strong></span> <span class='ocrx_word' id='word_1_76' title='bbox 3361 1683 3517 1779; x_wconf 86' lang='lat' dir='ltr'><strong>plus</strong></span> 
     </span>
     <span class='ocr_line' id='line_1_9' title="bbox 176 1809 3143 1910; baseline -0.001 -26"><span class='ocrx_word' id='word_1_77' title='bbox 176 1813 293 1884; x_wconf 83' lang='lat' dir='ltr'><strong>otii</strong></span> <span class='ocrx_word' id='word_1_78' title='bbox 344 1809 788 1903; x_wconf 79' lang='lat' dir='ltr'><strong>habuissem,</strong></span> <span class='ocrx_word' id='word_1_79' title='bbox 842 1811 1144 1886; x_wconf 86' lang='lat' dir='ltr'><strong>fortasse</strong></span> <span class='ocrx_word' id='word_1_80' title='bbox 1197 1814 1464 1909; x_wconf 88' lang='lat' dir='ltr'><strong>plenius</strong></span> <span class='ocrx_word' id='word_1_81' title='bbox 1516 1811 2027 1909; x_wconf 82' lang='lat' dir='ltr'><strong>perfectiusque</strong></span> <span class='ocrx_word' id='word_1_82' title='bbox 2082 1835 2254 1909; x_wconf 88' lang='lat' dir='ltr'><strong>opus</strong></span> <span class='ocrx_word' id='word_1_83' title='bbox 2307 1816 2375 1886; x_wconf 92' lang='lat' dir='ltr'><strong>in</strong></span> <span class='ocrx_word' id='word_1_84' title='bbox 2429 1814 2656 1887; x_wconf 85' lang='lat' dir='ltr'><strong>lucem</strong></span> <span class='ocrx_word' id='word_1_85' title='bbox 2706 1811 3143 1910; x_wconf 85' lang='lat' dir='ltr'><strong>prodivisset.</strong></span> 
     </span>
    </p>
   </div>
   <div class='ocr_carea' id='block_1_5' title="bbox 177 2015 3519 2244">
    <p class='ocr_par' dir='ltr' id='par_1_5' title="bbox 177 2015 3519 2244">
     <span class='ocr_line' id='line_1_10' title="bbox 496 2015 3518 2111; baseline 0 -23"><span class='ocrx_word' id='word_1_86' title='bbox 496 2015 836 2109; x_wconf 81' lang='lat' dir='ltr'><strong>Agnosco</strong></span> <span class='ocrx_word' id='word_1_87' title='bbox 891 2015 1236 2108; x_wconf 79' lang='lat' dir='ltr'><strong>lubenter,</strong></span> <span class='ocrx_word' id='word_1_88' title='bbox 1290 2019 1582 2090; x_wconf 89' lang='lat' dir='ltr'><strong>amicum</strong></span> <span class='ocrx_word' id='word_1_89' title='bbox 1633 2016 1718 2088; x_wconf 88' lang='lat' dir='ltr'><strong>D.</strong></span> <span class='ocrx_word' id='word_1_90' title='bbox 1771 2016 2255 2092; x_wconf 80' lang='lat' dir='ltr'><strong>Professorem</strong></span> <span class='ocrx_word' id='word_1_91' title='bbox 2305 2017 2629 2091; x_wconf 85' lang='lat' dir='ltr'><strong>Mathiam</strong></span> <span class='ocrx_word' id='word_1_92' title='bbox 2681 2015 2903 2091; x_wconf 78' lang='lat' dir='ltr'><strong>Mesic</strong></span> <span class='ocrx_word' id='word_1_93' title='bbox 2965 2020 3034 2089; x_wconf 91' lang='lat' dir='ltr'><strong>in</strong></span> <span class='ocrx_word' id='word_1_94' title='bbox 3088 2017 3518 2111; x_wconf 85' lang='lat' dir='ltr'><strong>corrigendis</strong></span> 
     </span>
     <span class='ocr_line' id='line_1_11' title="bbox 177 2144 3519 2244; baseline 0.001 -27"><span class='ocrx_word' id='word_1_95' title='bbox 177 2146 426 2218; x_wconf 70' lang='lat' dir='ltr'><strong>nevis</strong></span> <span class='ocrx_word' id='word_1_96' title='bbox 481 2144 1000 2240; x_wconf 73' lang='lat' dir='ltr'><strong>typographicis</strong></span> <span class='ocrx_word' id='word_1_97' title='bbox 1054 2145 1287 2217; x_wconf 88' lang='lat' dir='ltr'><strong>utilem</strong></span> <span class='ocrx_word' id='word_1_98' title='bbox 1342 2145 1503 2218; x_wconf 88' lang='lat' dir='ltr'><strong>mibi</strong></span> <span class='ocrx_word' id='word_1_99' title='bbox 1555 2169 1640 2219; x_wconf 93' lang='lat' dir='ltr'><strong>ac</strong></span> <span class='ocrx_word' id='word_1_100' title='bbox 1693 2146 1892 2219; x_wconf 88' lang='lat' dir='ltr'><strong>simul</strong></span> <span class='ocrx_word' id='word_1_101' title='bbox 1943 2145 2196 2220; x_wconf 85' lang='lat' dir='ltr'><strong>fastidii</strong></span> <span class='ocrx_word' id='word_1_102' title='bbox 2264 2146 2535 2242; x_wconf 89' lang='lat' dir='ltr'><strong>plenam</strong></span> <span class='ocrx_word' id='word_1_103' title='bbox 2598 2167 2879 2244; x_wconf 88' lang='lat' dir='ltr'><strong>operam</strong></span> <span class='ocrx_word' id='word_1_104' title='bbox 2934 2145 3519 2235; x_wconf 88' lang='lat' dir='ltr'><strong>commodavisse,</strong></span> 
     </span>
    </p>
   </div>
   <div class='ocr_carea' id='block_1_6' title="bbox 176 2272 3516 2501">
    <p class='ocr_par' dir='ltr' id='par_1_6' title="bbox 176 2272 3516 2501">
     <span class='ocr_line' id='line_1_12' title="bbox 176 2272 3516 2374; baseline -0.001 -26"><span class='ocrx_word' id='word_1_105' title='bbox 176 2273 405 2348; x_wconf 73' lang='lat' dir='ltr'><strong>hocve</strong></span> <span class='ocrx_word' id='word_1_106' title='bbox 466 2294 599 2346; x_wconf 91' lang='lat' dir='ltr'><strong>sno</strong></span> <span class='ocrx_word' id='word_1_107' title='bbox 655 2272 1045 2366; x_wconf 82' lang='lat' dir='ltr'><strong>adjumento</strong></span> <span class='ocrx_word' id='word_1_108' title='bbox 1100 2296 1430 2371; x_wconf 75' lang='lat' dir='ltr'><strong>ocyorem</strong></span> <span class='ocrx_word' id='word_1_109' title='bbox 1486 2275 1857 2349; x_wconf 88' lang='lat' dir='ltr'><strong>editionem</strong></span> <span class='ocrx_word' id='word_1_110' title='bbox 1912 2277 2145 2372; x_wconf 87' lang='lat' dir='ltr'><strong>operis</strong></span> <span class='ocrx_word' id='word_1_111' title='bbox 2200 2276 2474 2350; x_wconf 89' lang='lat' dir='ltr'><strong>multum</strong></span> <span class='ocrx_word' id='word_1_112' title='bbox 2526 2278 2986 2374; x_wconf 86' lang='lat' dir='ltr'><strong>promovisse.</strong></span> <span class='ocrx_word' id='word_1_113' title='bbox 3050 2274 3202 2361; x_wconf 82' lang='lat' dir='ltr'><strong>Quo</strong></span> <span class='ocrx_word' id='word_1_114' title='bbox 3238 2276 3516 2347; x_wconf 87' lang='lat' dir='ltr'><strong>nomine</strong></span> 
     </span>
     <span class='ocr_line' id='line_1_13' title="bbox 178 2399 1484 2501; baseline -0.002 -24"><span class='ocrx_word' id='word_1_115' title='bbox 178 2413 449 2501; x_wconf 71' lang='lat' dir='ltr'><strong>gratum</strong></span> <span class='ocrx_word' id='word_1_116' title='bbox 495 2399 729 2475; x_wconf 90' lang='lat' dir='ltr'><strong>eidem</strong></span> <span class='ocrx_word' id='word_1_117' title='bbox 785 2404 1082 2475; x_wconf 90' lang='lat' dir='ltr'><strong>animum</strong></span> <span class='ocrx_word' id='word_1_118' title='bbox 1132 2402 1484 2499; x_wconf 83' lang='lat' dir='ltr'><strong>profiteor.</strong></span> 
     </span>
    </p>
   </div>
   <div class='ocr_carea' id='block_1_7' title="bbox 182 2606 3513 2812">
    <p class='ocr_par' dir='ltr' id='par_1_7' title="bbox 182 2606 3513 2812">
     <span class='ocr_line' id='line_1_14' title="bbox 498 2606 3513 2704; baseline 0 -24"><span class='ocrx_word' id='word_1_119' title='bbox 498 2606 715 2680; x_wconf 90' lang='lat' dir='ltr'><strong>Utere</strong></span> <span class='ocrx_word' id='word_1_120' title='bbox 784 2608 893 2681; x_wconf 87' lang='lat' dir='ltr'><strong>bis</strong></span> <span class='ocrx_word' id='word_1_121' title='bbox 963 2607 1214 2682; x_wconf 85' lang='lat' dir='ltr'><strong>Lector</strong></span> <span class='ocrx_word' id='word_1_122' title='bbox 1260 2607 1645 2682; x_wconf 79' lang='lat' dir='ltr'><strong>benevole!</strong></span> <span class='ocrx_word' id='word_1_123' title='bbox 1717 2608 1803 2682; x_wconf 93' lang='lat' dir='ltr'><strong>ad</strong></span> <span class='ocrx_word' id='word_1_124' title='bbox 1861 2611 2518 2704; x_wconf 86' lang='lat' dir='ltr'><strong>quantulumcunque</strong></span> <span class='ocrx_word' id='word_1_125' title='bbox 2571 2613 2675 2684; x_wconf 91' lang='lat' dir='ltr'><strong>rei</strong></span> <span class='ocrx_word' id='word_1_126' title='bbox 2726 2612 3070 2683; x_wconf 71' lang='lat' dir='ltr'><strong>liter-ariae</strong></span> <span class='ocrx_word' id='word_1_127' title='bbox 3121 2610 3384 2682; x_wconf 88' lang='lat' dir='ltr'><strong>lucrum</strong></span> <span class='ocrx_word' id='word_1_128' title='bbox 3440 2618 3513 2681; x_wconf 85' lang='lat' dir='ltr'><strong>et</strong></span> 
     </span>
     <span class='ocr_line' id='line_1_15' title="bbox 182 2734 1749 2812; baseline -0.001 -1"><span class='ocrx_word' id='word_1_129' title='bbox 182 2759 391 2811; x_wconf 74' lang='lat' dir='ltr'><strong>carae</strong></span> <span class='ocrx_word' id='word_1_130' title='bbox 444 2736 724 2810; x_wconf 84' lang='lat' dir='ltr'><strong>Patriae</strong></span> <span class='ocrx_word' id='word_1_131' title='bbox 779 2734 1143 2811; x_wconf 80' lang='lat' dir='ltr'><strong>Oroaticae</strong></span> <span class='ocrx_word' id='word_1_132' title='bbox 1199 2738 1749 2812; x_wconf 85' lang='lat' dir='ltr'><strong>emolumentum.</strong></span> 
     </span>
    </p>
   </div>
   <div class='ocr_carea' id='block_1_8' title="bbox 491 3027 2096 3152">
    <p class='ocr_par' dir='ltr' id='par_1_8' title="bbox 491 3027 2096 3152">
     <span class='ocr_line' id='line_1_16' title="bbox 491 3027 2096 3152; baseline -0.002 -51"><span class='ocrx_word' id='word_1_133' title='bbox 491 3028 888 3123; x_wconf 81' lang='lat' dir='ltr'><strong>Zagrabiae</strong></span> <span class='ocrx_word' id='word_1_134' title='bbox 943 3027 1054 3152; x_wconf 71' lang='lat' dir='ltr'><strong>die</strong></span> <span class='ocrx_word' id='word_1_135' title='bbox 1113 3028 1230 3102; x_wconf 85' lang='lat'><strong>10.</strong></span> <span class='ocrx_word' id='word_1_136' title='bbox 1285 3031 1546 3103; x_wconf 86' lang='lat' dir='ltr'><strong>mensis</strong></span> <span class='ocrx_word' id='word_1_137' title='bbox 1592 3027 1818 3101; x_wconf 85' lang='lat' dir='ltr'><strong>Martii</strong></span> <span class='ocrx_word' id='word_1_138' title='bbox 1875 3027 2096 3100; x_wconf 82' lang='lat'><strong>1861.</strong></span> 
     </span>
    </p>
   </div>
  </div>
 </body>
</html>
