3950 5917
3318 422 3480 497 403

150 633 562 707 Generalem
617 634 1051 730 Amnystiam
1104 657 1259 706 cum
1304 632 1732 730 praefixione
1784 633 2114 724 Termini,
2187 631 2312 706 sub
2369 656 2502 727 quo
2551 641 2772 706 semet
2826 653 3058 702 coram
3114 633 3280 728 ipsis
3355 640 3478 704 aut

147 736 641 832 Superioritate
697 759 820 809 sua
866 738 1322 832 personaliter
1376 740 1624 811 sistere
1682 744 1750 807 et
1804 740 1916 830 qui
1968 736 2241 809 illorum
2291 733 2516 808 taliter
2569 747 2814 826 semet,
2869 733 3215 807 benevole
3264 737 3473 808 stite-

143 844 278 913 rint
330 851 401 912 et
456 842 780 920 militares
833 839 984 912 fieri
1038 840 1320 929 nollent
1380 850 1449 911 ut
1502 840 1813 935 deposito
1866 842 2154 935 praevie
2206 839 2602 912 Juramento
2661 848 2880 911 semet
2934 839 3049 916 uni
3101 837 3220 910 vel
3274 835 3474 910 alteri

144 942 484 1016 Locorum
540 941 1019 1016 communitati
1083 893 1362 1016 inscribi
1434 965 1704 1030 curare
1781 942 2211 1039 ibidemque
2241 952 2637 1015 constanter
2702 940 3006 1014 habitare
3057 951 3131 1013 et
3182 963 3476 1036 perma-

147 1070 341 1137 nere,
393 1046 478 1119 ab
531 1046 1104 1141 ulterioribusque
1157 1046 1629 1136 Praedocinijs
1687 1045 2033 1119 abstinere
2096 1050 2411 1144 poenitus
2486 1045 2807 1136 debeant,
2880 1027 3174 1117 Nomine
3229 1054 3472 1117 nostro

143 1148 368 1243 Regio
423 1173 548 1244 per
601 1159 811 1221 totum
869 1150 1210 1245 Syrmium
1267 1160 1337 1222 et
1388 1148 1786 1222 inferiorem
1842 1148 2286 1223 Sclavoniam
2355 1146 2789 1246 publicabunt
2844 1152 3201 1221 memorati
3247 1146 3472 1220 Com-

146 1256 441 1344 missarij
499 1256 716 1326 nostri
769 1253 1001 1346 Regij,
1057 1265 1127 1326 ut
1181 1253 1314 1325 hoc
1369 1256 1573 1326 etiam
1628 1253 1834 1324 modo
1889 1254 2349 1349 tranquillitati
2402 1263 2471 1326 et
2524 1255 2871 1327 securitati
2910 1251 3232 1324 Publicae
3284 1251 3475 1324 Par-—

142 1360 308 1428 tium
358 1357 623 1429 illarum
680 1358 1074 1428 consulatur
1145 1367 1215 1430 et
1275 1360 1747 1453 prospiciatur.
1819 1357 1971 1428 Hoc
2042 1379 2250 1454 porro
2319 1360 2733 1452 praemisso,
2806 1379 2958 1428 cum
3014 1356 3100 1427 ad
3170 1353 3476 1427 mentem

142 1464 496 1555 praecitati
529 1459 821 1532 Articuli
861 1458 979 1532 18.
1039 1458 1261 1532 1741.
1320 1460 1406 1533 ad
1443 1460 1621 1532 hanc
1675 1460 1926 1555 Syrmij
1968 1471 2038 1534 et
2072 1459 2419 1534 inferioris
2474 1460 2891 1533 Sclavoniae
2945 1458 3474 1555 Incorporatio-

142 1585 299 1635 nem
354 1566 559 1635 etiam
611 1563 1011 1655 Regnorum
1063 1572 1451 1635 nostrorum
1503 1564 1928 1656 Dalmatiae,
2002 1562 2323 1637 Croatiae
2403 1575 2473 1637 et
2532 1563 2949 1636 Sclavoniae
3027 1563 3257 1636 Banus
3314 1585 3472 1634 cum

146 1664 445 1738 Statibus
501 1676 571 1738 et
631 1665 991 1739 Ordinibus
1065 1666 1438 1739 eorundem
1493 1665 1889 1760 Regnorum
1966 1664 2495 1741 Commissarios
2551 1666 3092 1740 denominandos
3147 1665 3468 1756 habeant,

146 1791 368 1865 eoque
426 1769 582 1858 line„
651 1779 722 1842 ut
775 1793 977 1841 unum
1051 1770 1472 1864 alterumque
1545 1768 2101 1843 Commissarium
2176 1794 2270 1843 ex
2322 1782 2514 1867 parte
2588 1774 2788 1843 etiam
2845 1770 2985 1842 Sua
3059 1769 3144 1841 ad
3201 1780 3470 1865 tempus

146 1883 212 1946 et
262 1872 519 1945 Locum
576 1873 1002 1965 designatum
1077 1896 1351 1945 eorsum
1408 1872 1803 1969 expediant,
1863 1872 2039 1970 Ipsis
2085 1876 2231 1967 jam
2286 1876 2724 1946 commissum
2782 1884 3024 1962 esset3
3076 1873 3288 1966 Igitur

457 1975 926 2064 Secundo,
997 1976 1127 2048 Ubi
1164 1976 1232 2048 hi
1271 1999 1539 2072 quoque
1593 1974 2054 2070 praefatorum
2091 1977 2490 2071 Regnorum
2525 1978 2847 2073 Deputati
2901 1999 2988 2049 eo
3031 1976 3466 2066 advenerint,

146 2075 608 2171 Commissarij
658 2085 873 2153 nostri
907 2080 1107 2173 Regij
1168 2080 1488 2152 cumillis
1544 2102 1812 2176 quoque
1867 2103 1958 2152 ex
1995 2091 2187 2176 parte
2242 2080 2495 2177 Syrmij
2553 2085 2617 2153 dc
2672 2081 3088 2153 Sclavoniae
3144 2102 3468 2152 commu-

142 2185 316 2255 niter
367 2191 577 2276 agant
627 2186 693 2255 in
751 2182 1062 2255 omnibus
1118 2193 1188 2254 et
1240 2182 1591 2255 tractanda
1646 2194 1962 2272 tractent,
2021 2183 2629 2278 concludendaque
2685 2183 3117 2272 concludant„
3174 2207 3258 2254 ac
3287 2206 3466 2278 pro-

142 2285 299 2358 inde
353 2287 625 2359 insimul
679 2309 829 2358 cum
886 2291 1054 2381 ipsis
1108 2289 1176 2358 in
1234 2286 1575 2383 Syrmium
1616 2298 1682 2358 et
1728 2286 2126 2369 inferiorem
2166 2286 2609 2359 Sclavoniam
2648 2287 3095 2374 descendant,
3154 2309 3247 2359 ex
3303 2309 3467 2358 mu-

145 2399 256 2461 tuo
314 2389 400 2460 ad
458 2392 757 2462 invicem
831 2388 1134 2463 Consilio
1192 2399 1258 2461 et
1312 2389 1567 2462 auxilio
1641 2412 1764 2485 pro
1839 2391 2145 2464 resoluto
2211 2393 2359 2482 jam
2431 2388 2995 2464 Confiniariorum
3060 2390 3463 2480 Nummero,

141 2515 340 2588 quem
381 2493 466 2565 ad
496 2492 758 2566 Statum
798 2495 1203 2589 completum
1244 2515 1377 2587 quo
1418 2497 1612 2565 citius
1651 2496 1809 2588 poni
1849 2504 1918 2566 et
1949 2499 2017 2566 in
2057 2493 2303 2566 eodem
2344 2498 2773 2585 conservari,
2813 2494 3192 2567 nullatenus
3234 2505 3462 2566 autem

141 2596 417 2668 diminui
489 2597 832 2684 volumus,
912 2595 1423 2690 eorundemque
1484 2596 1928 2687 officialibus,
2001 2598 2265 2670 incluso
2314 2601 2457 2690 jam
2529 2598 2860 2670 hactenus
2934 2600 3204 2687 exciso,
3272 2597 3465 2669 velut

20 2727 21 2732 ¹
137 2722 271 2772 non
314 2699 718 2782 sufficiente.
776 2710 1000 2795 aptum
1040 2709 1109 2772 et
1145 2699 1516 2787 sufficienS.
1573 2722 1708 2772 non
1750 2700 2023 2795 quidem
2051 2712 2242 2773 recte
2279 2712 2562 2792 tantum,
2617 2712 2935 2796 quantum
2973 2701 3464 2773 antecedenter

138 2801 482 2898 superflue
552 2802 700 2876 fors
772 2801 1175 2890 habuerunt.J
1250 2803 1375 2875 sed
1449 2813 1767 2897 quantum
1821 2808 1989 2900 ipsis
2045 2827 2084 2876 a
2137 2808 2580 2900 proportione
2630 2804 2912 2877 Numeri
2966 2807 3056 2875 ita
3112 2827 3461 2877 necessa-

136 2910 310 2979 rium
366 2930 528 2980 esse
581 2904 947 2994 videbitur,
1026 2916 1099 2979 ut
1153 2909 1218 2979 in
1275 2906 1391 2978 illo
1450 2917 1517 2978 et
1569 2925 1833 3001 poenes
1889 2907 2053 2980 illud
2108 2908 2314 2982 valde
2368 2908 2547 2981 bene
2602 2918 2672 2981 et
2710 2907 3002 2980 comode
3039 2929 3177 2981 non
3233 2918 3464 2981 tamen

136 3009 563 3082 abundanter
598 3022 667 3083 et
704 3009 1043 3106 superflue
1098 3007 1475 3083 subsistere
1529 3013 1815 3105 possint.
1920 3011 2297 3084 Terrenum
2351 3013 2568 3108 primo
2624 3033 2887 3107 poenes
2954 3009 3363 3103 Danubium,
3420 3036 3461 3084 a

132 3112 743 3186 Petro-Varadino
815 3114 1200 3208 incipiendo
1275 3137 1495 3208 usque
1568 3113 1898 3203 Semblim
1972 3137 2105 3208 quo
2160 3125 2345 3187 trans
2397 3113 2815 3188 Danubiales
2856 3112 3310 3189 Confiniarios
3367 3139 3462 3187 ex

141 3214 584 3290 Comitatibus
648 3217 833 3289 Bach
891 3221 955 3289 dc
1006 3213 1332 3310 Bodrogh
1403 3215 1727 3288 transferi
1796 3227 1867 3288 et
1917 3218 2322 3290 translocari
2393 3219 2738 3306 volumus,
2813 3240 2896 3288 ac
2968 3216 3126 3291 dein
3191 3240 3456 3313 poenes

132 3318 416 3392 fluvium
472 3321 729 3394 Savum
770 3344 808 3392 a
851 3320 1157 3392 Semblin
1211 3319 1652 3393 ascendendo
1707 3342 1958 3393 versus
2012 3320 2400 3411 Turcicum‚
2455 3321 2874 3409 excindant3
2928 3315 3044 3392 isso
3100 3341 3273 3392 vero
3329 3341 3458 3414 pro

138 3421 438 3496 confinio
494 3423 720 3496 taliter
772 3427 1015 3496 exciso
1072 3427 1248 3496 inter
1301 3422 1462 3494 illud
1511 3432 1579 3494 et
1621 3422 1954 3518 reliquum
2009 3422 2190 3519 quod
2244 3435 2555 3496 remanet
2606 3425 2858 3521 Syrmij
2918 3432 2986 3495 et
3039 3419 3457 3496 Sclavoniae

128 3526 478 3600 inferioris
533 3527 948 3616 Terrenum,
1003 3523 1280 3599 Lineam
1341 3525 1823 3600 Confiniariam
1878 3526 2153 3617 ducant,
2209 3530 2445 3621 sicque
2476 3527 2984 3600 contribuentes
3040 3551 3079 3600 a
3133 3523 3458 3600 Militibus
3551 3591 3554 3594 n

130 3627 568 3724 Confiniarijs
620 3632 941 3703 effective
998 3640 1341 3726 separent.
1397 3630 1608 3702 Facta
1665 3641 1892 3703 autem
1947 3630 2166 3703 hacce
2223 3633 2683 3726 separatione,

444 3734 806 3826 Tertio,
859 3734 1102 3806 Totum
1141 3733 1301 3806 illud
1340 3734 1743 3824 Terrenum,
1799 3733 1981 3830 quod
2020 3757 2145 3831 pro
2187 3731 2524 3825 confinio,
2573 3743 2643 3806 et
2679 3731 2994 3806 militibus
3033 3730 3457 3825 confiniarijs

126 3840 420 3933 praevio
485 3837 692 3910 modo
744 3841 1063 3911 excisum
1113 3847 1182 3910 et
1236 3847 1623 3932 separatum
1676 3833 1907 3928 fuerit,
1981 3861 2105 3934 pro
2159 3849 2351 3935 parte
2406 3837 2956 3912 confiniariorum
3011 3838 3454 3932 relinquatur,

127 3951 201 4013 et
251 3944 433 4013 inter
480 3940 678 4036 Ipsos
734 3941 1127 4014 modalitate
1181 3944 1249 4014 in
1308 3942 1738 4036 supracitatis
1812 3941 1898 4013 de
1953 3941 2078 4014 30.
2133 3937 2452 4016 Octobris
2507 3951 2576 4015 et
2629 3943 2700 4015 5.
2753 3940 3050 4034 Augusti
3117 3945 3454 4015 emanatis

123 4042 446 4138 benignis
495 4044 875 4140 Rescriptis
918 4043 1192 4118 Nostris
1248 4066 1584 4140 expressa
1616 4043 2127 4135 subdividatur;
2181 4045 2564 4141 eademque
2634 4044 2925 4119 confinia
2982 4048 3165 4118 circa
3197 4048 3454 4137 omnia,

124 4170 308 4323 glas
361 4151 792 4243 requiruntur
839 4148 1180 4238 Militaria,
1255 4148 1483 4220 medio
1540 4147 1871 4222 dictorum
1924 4147 2300 4242 Regiorum
2356 4162 2743 4223 nostrorum
2801 4160 2871 4223 et
2923 4149 3451 4222 Provincialium

188 4254 777 4326 ommissariorum
830 4249 1056 4325 debito
1114 4253 1317 4326 modo
1375 4261 1446 4324 et
1498 4251 1737 4324 ordine
1790 4252 2212 4347 relegentur„
2268 4249 2612 4326 residuum
2667 4276 2840 4326 vero
2895 4262 3108 4325 totum
3165 4263 3234 4324 et
3285 4256 3452 4326 uni-

122 4377 438 4444 versum,
521 4357 702 4452 quod
757 4379 796 4428 a
847 4358 1135 4450 praevio
1190 4355 1395 4429 modo
1453 4358 1694 4429 exciso
1753 4353 2154 4429 confiniario
2210 4356 2518 4429 Terreno
2576 4360 2644 4429 in
2699 4357 2974 4454 Syrmio
3031 4365 3097 4428 et
3130 4354 3452 4448 jnferiori

124 4457 504 4531 Sclavonia
561 4459 964 4548 remanebit,
1030 4459 1436 4550 Terrenum,
1500 4482 1651 4531 cum
1706 4463 2050 4534 universis
2107 4460 2417 4551 ejusdem
2470 4460 2646 4534 locis
2701 4453 3160 4555 locorumque
3197 4460 3453 4533 Incolis

121 4569 197 4634 et
250 4560 843 4650 Inhabitatorihus,
897 4565 1202 4657 ipsisque
1247 4561 1579 4635 hactenus
1633 4562 2174 4646 incumbentibus
2238 4569 2499 4637 cunctis
2546 4564 2869 4640 oneribus
2913 4562 3234 4653 Publicis,
3288 4564 3451 4635 Do-

118 4668 467 4762 minisque
545 4670 846 4763 ipsorum
920 4665 1432 4754 TerrestribuS,
1503 4663 1797 4739 Nomine
1856 4666 2093 4763 Regio
2169 4678 2236 4739 et
2308 4668 2639 4763 Suprema
2711 4665 3140 4741 Authoritate
3213 4678 3448 4740 nostra

118 4768 368 4842 Banali
407 4779 475 4842 et
509 4769 922 4843 Provinciali
962 4768 1361 4864 Regnorum
1392 4769 1797 4859 Dalmatiae,
1855 4769 2174 4843 Croatiae
2212 4783 2280 4844 et
2316 4772 2731 4844 Sclavoniae
2760 4767 3224 4845 Jurisdictioni
3283 4794 3446 4844 mox

118 4883 192 4945 et
234 4872 322 4945 de
360 4871 544 4947 facto
600 4879 1099 4968 incorporetur,
1155 4883 1224 4945 et
1258 4872 1393 4943 hoc
1446 4872 1665 4945 Titulo
1722 4872 2186 4969 praefatorum
2241 4874 2639 4970 Regnorum
2697 4873 3205 4966 Commissarijs
3262 4897 3445 4948 con-

118 4980 457 5072 signetur.
564 4977 717 5050 Hoc
773 4978 956 5049 facto

440 5080 784 5168 Quarto
885 5080 1296 5153 Universum
1345 5077 1565 5150 hocce
1620 5081 2126 5175 incorporatum
2173 5080 2550 5155 Terrenum
2601 5091 2910 5178 spectato
2952 5085 3081 5154 situ
3130 5082 3444 5154 locorum

116 5186 373 5257 intres
412 5184 814 5274 Comitatus,
871 5182 1343 5280 Syrmiensem
1382 5191 1639 5277 utpote,
1693 5181 2133 5277 Poseganum
2189 5195 2258 5257 et
2310 5185 2855 5273 Veroczensem.,
2912 5186 3176 5259 incluso
3236 5189 3439 5258 etiam

116 5289 226 5359 sic
267 5288 451 5361 dicto
495 5287 716 5383 Valpo
774 5311 898 5362 seu
953 5286 1407 5361 Valkoviensi
1462 5285 1821 5377 Comitatu.,
1879 5286 2369 5379 subdividatur3
2426 5299 2494 5362 et
2544 5289 2707 5361 licet
2761 5288 3029 5410 quidem
3085 5289 3488 5396 praelibati

114 5389 325 5487 Regij
388 5390 854 5484 Commissarij
900 5394 1115 5464 nostri
1151 5393 1528 5487 proiectum
1565 5391 1946 5464 istiusmodi
1983 5391 2470 5466 subdivisionis
2515 5392 2729 5468 Nobis
2761 5393 3498 5570 Jam5ieith1bu1ssent
