3950 5917
532 395 696 470 ue

538 613 849 678 nostrum
907 615 977 676 et
1030 603 1196 676 Bani
1271 607 1510 682 vestri.
1585 626 1719 700 quo
1789 626 1917 677 nos
1971 607 2398 692 iusserimus,
2471 614 2540 677 et
2591 625 2723 700 quo
2779 606 3202 687 necessitas,
3238 605 3631 697 ιεᾳιιίεἰθιίῑ,
3692 627 3801 701 pro

542 708 770 802 Regni
823 707 1233 780 defensione
1285 707 1777 804 proficiscetur.
1884 708 2049 779 Item
2108 708 2502 780 conclusum
2559 718 2701 780 est:
2788 707 2966 803 quod
3004 711 3478 806 ⁸vnusquisque
3529 718 3798 779 vestrum

544 812 636 882 de
691 812 976 904 singulis
1030 810 1523 905 Johagionibus
1578 817 1855 900 vestris,
1909 833 2031 906 pro
2087 821 2392 906 tempore
2445 813 2532 884 ad
2584 811 2648 883 id
2704 833 2826 906 per
2877 833 3008 883 vos
3063 810 3468 906 deputando,
3525 822 3805 884 teneatur

544 918 873 1010 pecunias
929 916 1388 989 exercituales
1442 920 1510 988 in
1565 916 1855 987 medium
1929 919 2424 989 communitatis
2480 926 2548 988 et
2601 915 2684 986 ad
2740 936 2977 986 manus
3032 914 3370 986 hominum
3424 924 3798 1002 vestrorum,

546 1040 674 1112 per
741 1041 873 1091 vos
945 1019 1028 1090 ad
1102 1020 1167 1091 id
1242 1020 1801 1115 deputandorum,
1882 1023 2408 1111 assignare,'²et
2458 1042 2588 1090 nec
2643 1041 2765 1092 eas
2817 1021 3168 1114 quisquam
3248 1018 3490 1089 audeat
3563 1022 3804 1113 propria

548 1127 951 1195 auctoritate
1025 1145 1145 1218 pro
1202 1145 1281 1196 se
1335 1146 1691 1219 usurpare,
1765 1122 1941 1219 quod
1999 1126 2056 1194 si
2110 1124 2308 1196 tales.
2374 1125 2475 1195 sic
2530 1132 2603 1193 vt
2657 1122 3015 1216 prefertur„
3089 1126 3411 1218 pecunias
3479 1143 3699 1193 eorum
3747 1126 3804 1194 in

546 1227 840 1299 medium
898 1233 1109 1298 vestri
1167 1230 1597 1318 assignantes
1671 1227 1754 1299 ad
1811 1228 2367 1299 exercituandum
2422 1226 2675 1312 idonei
2757 1236 2825 1298 et
2875 1227 3076 1298 vtiles
3134 1224 3330 1298 vohis
3387 1228 3513 1297 visi
3562 1224 3804 1316 fuerint,

545 1341 618 1400 et
672 1353 794 1424 pro
849 1330 1230 1403 huiusmodi
1302 1335 1611 1426 pecuniis
1663 1331 1846 1402 s'oli.
1848 1334 2138 1416 seruire„
2211 1341 2281 1401 et
2332 1330 2658 1401 homines
2695 1335 3030 1408 statueret
3059 1340 3135 1402 et
3186 1340 3421 1401 tenere
3473 1329 3801 1417 voluerint,

544 1433 911 1506 dummodo
968 1435 1170 1506 vtiles
1226 1437 1382 1520 siut„
1436 1435 1677 1506 talibus
1732 1456 1967 1506 rursus
2023 1437 2346 1529 pecunias
2401 1437 2700 1540 ipsorum
2754 1437 3040 1521 restitui,
3095 1442 3163 1507 et
3217 1434 3391 1504 vltro
3445 1433 3573 1504 hoc
3631 1437 3804 1504 etiam

543 1542 649 1608 eis
696 1538 851 1632 plus
906 1542 1367 1632 pecuniarum
1431 1550 1631 1634 provt
1684 1537 1768 1609 ad
1826 1538 2072 1612 bellum
2102 1541 2520 1640 paraciores
2575 1537 2846 1630 fuerint,
2902 1537 3043 1609 dari
3099 1536 3488 1610 debeantur.
3565 1536 3806 1632 Domini

542 1644 719 1712 vero
772 1639 1019 1712 Prelati
1055 1649 1122 1713 'et
1166 1641 1475 1714 Baroues
1531 1641 1954 1730 eandm-mu„
1998 1645 2144 1712 siue
2193 1663 2334 1713 non
2363 1641 2797 1722 Banderiati
2854 1639 2918 1714 in
2956 1642 3069 1713 illo
3101 1639 3350 1734 Regno
3388 1627 3614 1712 nostro
3648 1638 3804 1711 bona

546 1745 901 1832 habentes,
976 1756 1334 1817 teneantur
1380 1746 1804 1837 Jobagiones
1866 1750 2180 1840 ipsorum
2231 1744 2430 1817 vohis
2487 1740 2998 1817 connumerari
3030 1749 3448 1839 permittere,-
3503 1747 3806 1840 pecunias

547 1859 773 1920 tamen
829 1850 1288 1924 exercituales
1342 1853 1528 1928 iuxta
1584 1850 1963 1935 huiusmodi
2003 1853 2712 1946 connumeracionem
2785 1852 3048 1946 possint
3115 1848 3330 1928 libere
3403 1870 3522 1946 pro
3575 1869 3648 1918 se
3696 1870 3803 1918 re-

548 1956 779 2045 cipere
832 1963 901 2024 et
956 1954 1216 2025 tollere.
1306 1953 1401 2025 lta
1457 1954 1815 2025 videlicet.
1873 1953 2051 2048 quod
2106 1964 2350 2046 gentes
2406 1976 2640 2025 eorum
2694 1975 2968 2048 semper
3019 1956 3084 2023 in
3137 1953 3252 2024 illo
3306 1932 3547 2044 Regno
3598 1960 3805 2022 nostro

546 2067 818 2150 paratas
874 2067 1172 2142 teneant
1245 2067 1313 2127 et
1366 2058 1449 2129 ad
1505 2061 2029 2153 requisicionem
2088 2055 2436 2151 Capitanei
2488 2059 2700 2129 vestri
2754 2080 2879 2153 per
2930 2078 3087 2142 vos,
3142 2056 3346 2127 modo
3418 2077 3547 2150 quo
3600 2076 3798 2148 supra

545 2160 869 2253 eligendi,
927 2165 1215 2248 tociens,
1274 2165 1604 2256 quociens
1676 2183 1848 2257 opus
1919 2160 2145 2248 fuerin
2220 2182 2342 2256 pro
2397 2159 2801 2233 defensione
2853 2159 3073 2254 Regni
3128 2162 3278 2232 sine
3332 2158 3595 2254 aliquali
3644 2157 3809 2228 diffi-

546 2264 795 2336 cultate
851 2273 917 2334 et
974 2268 1372 2353 renitencia,
1427 2277 1541 2336 aut
1594 2269 1836 2358 quouis
1892 2268 2155 2361 quesito
2213 2264 2448 2336 colore
2503 2268 2766 2336 mittere
2820 2262 3112 2335 debeant
3163 2275 3232 2334 et
3284 2273 3648 2335 teneantur.
3744 2259 3806 2331 Si

538 2390 678 2460 que
732 2365 906 2439 vei-o
961 2372 1369 2450 necessitas,
1450 2367 1627 2463 quod
1684 2369 1872 2439 Deus
1927 2377 2214 2450 auertat..
2270 2367 2468 2440 vobis
2522 2378 2592 2438 et
2644 2368 2735 2439 illi
2787 2366 3030 2460 Regno
3086 2378 3340 2440 nostro·
3379 2371 3443 2440 in
3497 2375 3806 2461 posterum

542 2493 637 2540 ex
692 2482 884 2566 parte
928 2470 1345 2543 Thurcorum
1401 2473 1516 2543 vel
1572 2475 1773 2544 etiam
1827 2472 2107 2542 aliarum
2163 2470 2540 2543 Nacionum
2591 2473 2923 2559 eueniret,
2977 2482 3045 2544 et
3095 2470 3479 2544 huiusmodi
3529 2467 3809 2562 gentibus

546 2578 800 2646 vestris
854 2575 938 2646 ad
995 2574 1495 2648 defendendum
1551 2598 1631 2648 se
1686 2586 1920 2647 contra
1976 2574 2212 2647 hostes
2268 2597 2468 2669 pares
2526 2598 2685 2647 esse
2749 2597 2884 2647 non
2939 2578 3276 2670 possetis3
3349 2585 3602 2646 extunc
3650 2575 3803 2646 etin

544 2702 633 2748 eo
689 2702 854 2752 casu
910 2700 1154 2750 omnes
1209 2680 1403 2750 simul
1457 2701 1580 2773 per
1633 2681 1896 2771 singula
1953 2683 2169 2772 capita
2228 2682 2586 2772 insurgere
2642 2689 2711 2751 et
2763 2678 3052 2752 hostium
3108 2676 3464 2751 conatibus
3515 2680 3807 2750 resistere

542 2785 933 2868 teneamini,
989 2782 1442 2855 decernentes
1516 2782 1895 2856 huiusmodi
1965 2782 2235 2855 modum
2294 2785 2867 2855 exercituacionis
2937 2786 3125 2854 iuxta
3197 2786 3609 2877 prescriptos
3660 2782 3809 2852 arti-

544 2887 739 2956 culos
794 2883 880 2956 ab
930 2884 1268 2973 omnihus„
1324 2897 1458 2958 tam
1498 2887 1761 2959 scilicet
1797 2885 2176 2975 Nobilibus,
2231 2909 2429 2982 quam
2485 2891 2683 2959 etiam
2743 2886 3027 2958 Prelatis
3065 2896 3133 2958 et
3169 2882 3552 2959 Batonibus
3603 2888 3811 2957 cuius·-

541 2994 648 3059 uis
704 2997 919 3061 status
982 3000 1052 3061 et
1112 2990 1535 3064 condicionis
1589 2990 1861 3076 fuerint,
1924 2994 1992 3062 in
2054 2990 2357 3085 predicto
2412 2989 2656 3085 Regno
2711 2999 2947 3064 nostro
2999 2988 3176 3062 hona
3230 2988 3652 3074 habentibus,
3701 2986 3806 3058 fir·

543 3095 744 3164 miter
793 3114 1069 3188 semper
1121 3093 1375 3168 dehere
1445 3094 1823 3168 obseruari.
1930 3094 2143 3166 lmmo
2214 3094 2665 3167 decreuimus·
2718 3094 2951 3166 harum
3024 3104 3412 3166 nostrarum
3479 3097 3709 3186 vigore
3755 3099 3812 3160 et

552 3200 942 3269 testimonio
1011 3198 1380 3271 litterarum
1454 3199 1815 3271 mediante.
1920 3198 2165 3271 Datum
2229 3197 2416 3271 Bnde
2487 3198 2658 3271 feria
2733 3209 2933 3271 sexta
3002 3201 3312 3293 proxima
3388 3208 3544 3271 ante
3596 3196 3812 3268 festum

530 3311 780 3372 sancte
832 3309 901 3373 et
954 3300 1297 3375 indiuidua
1348 3302 1713 3374 Trinitatis.
1819 3303 2025 3374 Anno
2094 3302 2366 3375 Domini
2437 3301 2798 3375 Millesimo
2877 3300 3548 3396 quadringentesimo
3613 3320 3816 3371 nona·-

542 3425 811 3497 gesuno
866 3427 1072 3478 nono.

1641 3635 1959 3715 (Siyillnm
2008 3636 2265 3715 Reqium
2322 3643 2745 3717 oppressum.)

526 3865 684 3954 (hig.
723 3874 880 3927 carth.
928 3877 981 3927 in
1017 3876 1243 3930 Archivo
1280 3876 1444 3946 Regni
1482 3875 1736 3930 Cro-tiae.
1773 3875 1906 3928 Priv.
1943 3875 2029 3927 Νι.
2065 3877 2153 3931 89.
