3950 5917
3304 416 3461 495 129

122 626 268 702 lius
322 625 646 700 duxerint
678 624 1144 725 deputandos.
1238 624 1401 702 'Nec
1454 626 1543 701 de
1596 629 1765 724 ipsis
1814 626 1990 701 locis
2044 622 2116 699 et
2165 629 2368 701 terris
2431 626 2571 701 ullo
2624 642 2934 724 unquam
2969 624 3278 724 tempore
3329 642 3464 725 per

126 754 301 823 mos,
355 753 814 805 successores
883 740 1199 821 nostros,-
1256 732 1376 804 uel
1435 733 1609 806 alios
1661 754 1792 806 nos
1845 734 2368 804 intromittemus
2419 732 2535 803 uel
2585 732 3054 855 impediemus,
3161 731 3460 805 Renun-

130 840 398 907 flantes
470 857 557 907 ac
616 839 688 909 in
743 858 868 908 eos
922 828 1461 910 transferrentes
1508 840 1643 925 ius,
1697 839 1758 908 si
1807 835 1991 930 quod
2045 838 2648 947 acquisiuissemus
2699 839 2770 908 in
2818 837 2944 909 eis.
3048 834 3149 907 Ita
3201 845 3463 929 tamen,

142 939 327 1035 quod
382 942 583 1035 ipsas
634 949 883 1031 terras,
955 951 1212 1031 castra,
1282 949 1355 1012 et
1404 941 1586 1027 loca,
1643 950 1714 1012 et
1765 938 2074 1014 subditos
2127 950 2388 1031 earum,
2455 962 2591 1011 nec
2659 962 2800 1013 non
2853 954 3096 1014 omnes
3167 942 3459 1032 amicoS,

142 1042 631 1135 adhaerentes»,
712 1053 782 1115 et
804 1067 1168 1168 sequaces
1229 1053 1507 1118 nostros
1573 1053 1711 1115 tam
1760 1042 2056 1134 nobiles,
2129 1066 2330 1139 quam
2398 1042 2741 1138 ignobiles
2810 1051 3103 1115 tractent
3174 1043 3466 1117 dulciter

142 1156 216 1219 et
265 1145 597 1240 benigne,
648 1150 962 1222 remissis
1016 1146 1329 1220 omnibus
1381 1148 1645 1238 iniuriJs
1692 1156 1762 1219 et
1796 1147 2106 1235 offensis,
2161 1157 2232 1219 et
2284 1150 2460 1221 sicut
2507 1144 2856 1220 faciebant
2906 1157 3065 1220 ante
3116 1150 3465 1223 nouitates

132 1253 531 1346 praesentis
587 1266 909 1343 guerrae,
962 1262 1031 1323 et
1084 1255 1261 1324 sicut
1313 1253 1373 1324 si
1423 1249 1625 1323 nobis
1686 1264 2049 1345 numquam
2103 1248 2600 1326 adhaesissent.
2687 1250 2778 1324 Et
2829 1273 2872 1322 e
2925 1268 3268 1325 conuerso
3323 1273 3459 1325 nos

132 1356 594 1450 promittimus
666 1352 903 1426 facere
973 1365 1046 1426 et
1098 1376 1381 1429 seruare
1436 1356 1524 1425 de
1579 1354 1891 1427 omnibus
1961 1357 2226 1444 amicis,
2299 1351 2850 1446 adhaerentibus,
2922 1365 2994 1427 et
3044 1353 3458 1451 sequacibus

144 1462 284 1530 suis
340 1467 484 1528 tam
533 1456 902 1550 nobilibus,
955 1480 1161 1555 quam
1210 1457 1644 1553 ignobilibus.
1749 1458 1921 1530 Item
1974 1458 2156 1553 quod
2211 1461 2463 1554 captivi
2515 1483 2610 1532 ex
2660 1469 2960 1555 utraque·
2994 1468 3187 1555 parte
3239 1458 3464 1532 libere

126 1562 564 1634 relaxentur.
668 1561 839 1634 Item
894 1562 1075 1658 quod
1128 1585 1223 1634 ex
1268 1572 1555 1658 utraque
1604 1573 1799 1658 parte
1850 1566 2298 1651 remittantur,
2353 1571 2426 1635 et
2476 1586 2571 1637 ex
2623 1576 2826 1635 nunc·
2852 1565 3188 1637 remissae
3242 1564 3464 1636 intel·-

140 1665 443 1759 ligantur
493 1686 735 1739 omnes
790 1666 1124 1757 offensae,
1184 1669 1502 1755 iniuriae,
1558 1676 1627 1738 et
1681 1666 1968 1761 dampna
2014 1670 2406 1763 praeterita,
2477 1688 2618 1740 non
2685 1666 3127 1759 intelligendo
3203 1665 3466 1758 debita,

136 1767 384 1864 quibus
422 1767 553 1842 sibi
586 1772 885 1841 inuicem
937 1780 1336 1843 tenerentur
1388 1770 1712 1866 spetiales
1764 1792 2136 1866 personae,
2194 1770 2279 1843 de
2316 1770 2557 1867 quibus
2609 1769 2729 1843 fiat
2776 1772 3028 1845 iustitia
3080 1769 3462 1844 hincinde.

130 1871 333 1962 Item,
408 1871 593 1969 quod
664 1871 844 1946 bona
899 1872 1034 1946 fide
1085 1872 1593 1970 prohibebimus
1647 1884 1717 1946 et
1769 1873 2230 1948 ordinabimus
2300 1898 2453 1947 cum
2526 1873 2803 1965 effectu,
2875 1873 3055 1969 quod
3108 1878 3176 1947 ln
3232 1876 3459 1970 aliqua

130 1986 506 2068 terrarum,
560 1999 688 2050 seu
737 1977 1143 2068 Insularum,
1198 1988 1311 2049 aut
1363 1978 1699 2069 locorum,
1771 2000 1947 2073 quae
2000 1988 2455 2075 peruenturae
2511 1989 2666 2053 sunt
2719 1977 2803 2050 ad
2859 1987 3166 2050 nostrum
3223 1978 3462 2051 domi-

116 2082 347 2172 -nium,
405 2089 481 2153 et
532 2102 708 2175 quae
756 2085 891 2153 iam
935 2091 1420 2177 peruenerunt,
1472 2105 1613 2155 non
1668 2080 2035 2155 armabitur
2083 2085 2155 2154 in
2209 2094 2510 2173 cursum,
2541 2104 2790 2185 neque
2843 2080 3284 2154 exercebitur
3333 2086 3458 2181 pi-

126 2186 377 2276 ratica,
463 2206 590 2258 seu
670 2185 987 2258 damnum
1040 2195 1156 2257 aut
1205 2186 1533 2258 violentia
1612 2184 1946 2280 aliquibus
2016 2185 2519 2279 nauigantibus,
2575 2208 2735 2259 nec
2802 2184 3333 2281 receptabuntur
3383 2185 3456 2260 in

128 2310 375 2360 eorum
430 2286 762 2383 portubus
817 2292 1133 2382 cursarij,
1189 2299 1259 2361 et
1309 2289 1627 2380 malefici,
1699 2288 1823 2361 sed
1874 2293 2104 2386 potius
2154 2289 2599 2363 turbabuntur
2650 2300 2719 2362 et
2771 2289 3207 2378 arcebuntur,
3280 2282 3459 2364 sieut

114 2391 340 2464 decet
408 2391 708 2485 Regiam
775 2396 1094 2466 iustitiam
1166 2402 1237 2465 et
1285 2393 1659 2465 honorem.
1736 2403 1807 2464 et
1858 2415 1900 2465 e
1955 2415 2299 2469 conuerso
2367 2398 2439 2469 in
2511 2416 2748 2466 eorum
2816 2396 3018 2465 terris
3093 2404 3163 2465 et
3210 2395 3456 2467 insulis

112 2499 263 2591 ipsi
315 2498 780 2591 promiserunt
832 2519 913 2571 se
947 2495 1250 2570 facturos
1285 2496 1449 2569 illud
1496 2497 1700 2569 idem.
1770 2496 2142 2570 Praeterea
2195 2501 2639 2622 promittimus
2692 2494 2906 2568 uerbo
2962 2508 3199 2570 nostro
3253 2502 3452 2592 regio

18 2642 21 2657 ·
126 2603 508 2672 vniuersos
561 2610 631 2672 et
684 2601 991 2694 singulos
1046 2606 1263 2687 ciues,
1318 2599 1624 2674 subditos
1681 2610 1751 2671 et
1801 2600 2041 2676 fideles
2095 2605 2307 2699 ipsius
2344 2603 2617 2675 Domini
2669 2601 2907 2690 DuciS,
2965 2611 3034 2672 et
3074 2605 3460 2674 communis

128 2703 613 2794 venetiarum,
666 2708 1025 2778 uenientes
1071 2704 1158 2776 ad
1176 2715 1439 2793 terras,
1493 2715 1732 2800 portus
1778 2715 1856 2777 et
1889 2705 2190 2811 Insulas,
2227 2716 2309 2779 et
2342 2708 2497 2779 loca
2552 2728 2863 2801 quaeque
2918 2703 3183 2778 subdita
3232 2727 3462 2807 prae-

18 2850 19 2853 *
124 2808 518 2879 sentialiter
578 2811 766 2880 etin
827 2802 1122 2882 futurum
1200 2811 1540 2881 maiestati
1618 2802 1923 2932 nostrae,
1998 2801 2256 2882 habere
2306 2821 2376 2882 et
2427 2808 2662 2882 haberi
2743 2809 2981 2885 facere
3061 2809 3320 2899 saluos,
3377 2819 3449 2883 et

18 2990 21 3005 ἰ
125 2931 429 2983 securos
483 2933 638 2982 cum
690 2917 1033 3008 personis,
1104 2911 1331 2986 bonis
1360 2921 1430 2984 et
1479 2914 1806 3005 navigijs,
1878 2922 2081 3010 atque
2130 2913 2341 2988 rebus
2410 2910 2846 2999 eorumdem·
2917 2912 3099 3009 quod
3173 2934 3450 3006 secure,

18 3054 19 3067 ÷
128 3024 199 3086 et
251 3018 485 3109 quiete
538 3020 805 3138 possint
856 3021 984 3105 ire,
1041 3027 1226 3088 stare
1281 3025 1351 3087 et
1400 3014 1655 3103 redire,
1712 3041 1796 3089 ac
1836 3020 2130 3090 transire
2183 3041 2310 3113 per
2344 3017 2563 3091 dictos
2612 3027 2914 3113 portus,
2931 3027 3152 3090 terras
3192 3027 3262 3090 et
3294 3017 3453 3092 loca

128 3139 288 3190 cam
340 3122 672 3212 nauigijs,
750 3125 1066 3215 personis
1121 3130 1192 3190 et
1243 3122 1706 3211 mercimonijs
1778 3124 1947 3210 suis,
2028 3142 2191 3217 ymo
2261 3126 2453 3217 ipsos
2530 3118 2970 3193 tractabimus
3044 3131 3114 3192 et
3171 3112 3457 3196 tractari

133 3223 451 3294 uolumus
524 3222 809 3296 dulciter
864 3235 931 3297 et
984 3224 1282 3317 benigne
1339 3223 1463 3297 sub
1516 3222 1759 3296 fauore
1815 3230 1884 3296 et
1937 3227 2155 3318 gratia
2210 3235 2486 3299 nostra:
2560 3234 2631 3296 et
2683 3247 2725 3296 e
2781 3233 3018 3296 contra
3072 3224 3253 3296 idem
3307 3225 3456 3297 do—

124 3330 353 3399 minus
435 3324 599 3398 Dux
676 3338 747 3400 et
798 3350 1155 3399 commune
1231 3326 1547 3399 tractabit
1621 3338 1898 3402 nostros
1979 3329 2098 3399 tali
2176 3329 2446 3400 uinculo
2525 3330 2887 3401 interiecto
2960 3332 3028 3399 ἰιι
3078 3328 3449 3429 praedictis

126 3428 452 3503 omnibus
509 3440 582 3503 et
634 3433 935 3525 singulis,
993 3430 1192 3519 Quod
1247 3435 1307 3504 si
1355 3435 1644 3527 partium
1709 3434 1931 3528 aliqua
1984 3429 2142 3504 huic
2195 3431 2603 3504 ordinationi
2657 3440 2727 3503 et
2780 3428 3208 3526 dispositioni
3262 3455 3454 3506 con·-

18 3538 19 3541 ’
124 3534 444 3624 cordiae,
499 3542 701 3631 atque
747 3540 902 3632 paci
953 3540 1281 3608 niteretur
1335 3538 1701 3624 contraire,
1765 3546 1835 3608 et
1889 3558 2041 3607 eam
2094 3534 2498 3630 infringere,
2563 3535 2678 3608 uel
2730 3536 2992 3608 uiolare
3047 3546 3441 3629 conaretur,

122 3640 395 3735 aliquas
450 3646 698 3729 terras,
755 3650 1007 3731 castra,
1060 3640 1318 3713 insulas
1375 3648 1489 3711 aut
1538 3648 1775 3735 portus
1831 3640 1915 3713 de
1967 3643 2084 3732 ijs,
2140 3663 2316 3737 quae
2368 3642 2750 3715 renuntiata
2806 3650 2960 3713 sunt
3016 3639 3450 3737 occupando,

120 3743 233 3815 nel
290 3742 501 3814 aliter
567 3746 721 3837 paci
791 3742 1378 3836 contrafaciendO,
1448 3764 1544 3814 ex
1593 3752 1755 3816 tunc
1805 3766 1965 3839 pars
2022 3745 2236 3817 altera
2289 3744 2358 3817 id
2411 3744 2577 3816 Sedi
2629 3743 3080 3838 Apostolicae
3131 3749 3448 3818 intimare

120 3845 406 3937 debeat,
466 3855 536 3919 et
572 3845 882 3921 dominus
919 3847 1104 3944 Papa
1154 3851 1399 3940 uigore
1446 3847 1971 3941 emologationis
2012 3849 2194 3940 (sic)
2250 3858 2322 3920 et
2352 3851 2711 3942 potestatis
2767 3846 2967 3920 datae
3001 3871 3129 3944 per
3161 3871 3319 3939 nos,
3375 3859 3452 3921 et

116 3973 247 4048 per
278 3954 486 4047 ipsos
521 3960 762 4024 tenore
798 3953 1258 4047 praesentium
1290 3952 1690 4041 litterarum,
1732 3960 2049 4024 teneatur
2091 3961 2161 4022 et
2198 3952 2359 4023 uelit
2392 3949 2567 4023 infra
2607 3954 2894 4045 spatium
2947 3955 3147 4024 unius
3184 3955 3451 4025 mensis

121 4055 558 4152 simpliciter,
630 4065 702 4128 et
755 4055 839 4127 de
891 4056 1122 4151 plano,
1194 4053 1452 4150 absque
1507 4057 1788 4150 strepitu
1859 4063 1929 4126 et
1981 4053 2197 4148 figura
2246 4052 2506 4145 iudicij,
2580 4053 2802 4127 solum
2853 4062 3131 4148 recepta
3188 4053 3321 4126 fide
3376 4064 3449 4127 et

120 4156 630 4233 certificatione
698 4160 1085 4232 uiolationis
1141 4169 1212 4231 et
1261 4157 1686 4231 infractionis
1758 4158 2177 4248 antedictae,
2248 4156 2335 4229 ad
2389 4155 2896 4232 obseruantiam
2967 4156 3192 4231 dictae
3246 4157 3458 4230 ordi-

118 4266 429 4337 nationis
485 4272 556 4336 et
608 4261 1073 4359 dispositionis
1143 4263 1352 4353 illum,
1420 4263 1535 4335 uel
1585 4263 1741 4336 illos
1798 4265 2210 4355 astringere,
2264 4271 2335 4334 et
2386 4283 2678 4334 censura
2731 4260 3230 4336 Ecclesiastica
3282 4284 3457 4333 me-

120 4367 362 4442 diante
412 4369 487 4439 in
539 4389 903 4462 personas,
955 4367 1070 4439 uel
1123 4370 1675 4439 communitatem
1728 4364 2340 4438 contrafacientem
2412 4367 2787 4440 sententias
2839 4363 3165 4438 uidelicet
3215 4367 3455 4439 inter-

113 4471 283 4545 dicti
342 4480 415 4544 et
467 4473 1193 4545 excommunicationis
1266 4468 1712 4567 proferende,
1785 4494 1825 4542 a
1879 4492 2011 4566 qua
2064 4470 2448 4543 nullatenus
2502 4468 2966 4561 absoluantur,
3042 4469 3264 4542 donec
3316 4493 3460 4567 per

110 4587 394 4673 partem
444 4573 864 4671 praedictam
917 4573 1427 4670 infringentem,
1481 4575 1595 4647 uel
1627 4572 2005 4668 infringere
2034 4583 2537 4670 procurantem,
2590 4575 2765 4670 parti
2797 4572 2995 4646 alteri
3045 4572 3450 4653 obseruauti

114 4677 443 4769 satisfiat,
514 4689 718 4776 prout
776 4682 905 4752 erit
948 4681 1221 4773 iustum,
1272 4678 1484 4769 illum,
1536 4678 1651 4751 uel
1702 4677 1886 4769 illos,
1937 4678 2373 4752 nihilominus
2428 4675 2884 4751 denuntiando
2939 4675 3316 4773 fidefragos
3371 4689 3445 4753 et

112 4788 466 4881 periuros.
574 4781 654 4857 Si
702 4792 926 4856 autem
998 4783 1220 4881 aliqua
1292 4781 1563 4875 damna,
1641 4782 1760 4856 nel
1806 4784 2120 4876 iniuriae,
2201 4793 2317 4855 aut
2364 4780 2785 4856 offensiones
2857 4784 3446 4857 committerentur

114 4910 249 4984 per
306 4885 621 4963 subditos
672 4896 1111 4984 utrorumque
1164 4888 1561 4979 alterutrim,
1615 4909 1710 4961 ex
1751 4894 1914 4960 tunc
1963 4910 2091 4983 per
2124 4908 2282 4979 nos,
2335 4886 2451 4960 uel
2495 4896 2773 4959 nostros
2827 4883 3177 4961 Officiales
3229 4887 3444 4960 loco-

114 5016 273 5065 ram
356 4995 690 5089 ipsorum,
769 5002 840 5065 et
888 4989 1231 5066 Rectores
1309 4990 1799 5089 pertinentibus
1852 4989 1941 5064 ad
2001 4989 2314 5081 eosdem,
2393 5000 2464 5062 et
2529 5012 2655 5086 per
2721 4993 2939 5087 ipsos,
3014 4990 3133 5063 uel
3199 5010 3446 5063 eorum

116 5095 473 5171 Rectores
528 5105 602 5168 et
649 5094 1000 5170 Officiales
1048 5095 1539 5193 pertinentibus
1593 5096 1682 5169 ad
1714 5117 1846 5170 nos
1907 5093 2086 5167 infra
2140 5097 2428 5190 spatium
2480 5097 2680 5168 unius
2734 5097 2991 5168 mensis
3044 5115 3085 5165 a
3126 5101 3450 5187 tempore

120 5200 490 5298 depositae
570 5199 962 5296 quaerellae
1040 5200 1347 5296 plenaria
1427 5199 1805 5275 satisfactio
1884 5197 2333 5296 impendatur,
2406 5220 2540 5272 nec
2605 5221 2735 5297 per
2784 5199 2919 5271 hoc
2980 5194 3316 5269 ordinatio
3368 5205 3448 5269 et

120 5304 518 5403 dispositio,
599 5301 970 5377 concordia
1024 5314 1096 5378 et
1146 5327 1285 5401 pax
1335 5304 1795 5399 intelligantur
1868 5304 2194 5394 uiolatae,
2275 5301 2401 5376 sed
2451 5305 2521 5375 in
2575 5325 2700 5378 sua
2750 5300 3066 5375 firmitate
3146 5299 3447 5375 debeant

112 5430 567 5508 permanere,
621 5406 710 5479 ad
759 5429 938 5504 quae
988 5429 1147 5502 nos,
1200 5416 1273 5482 et
1320 5411 1479 5505 ipsi,
1533 5417 1909 5506 spontanea
1961 5429 2110 5483 nos·
2147 5403 2529 5503 obligamus
2579 5406 2949 5483 uoluntate.
3045 5402 3442 5482 Praemiss-

336 5542 492 5613 (rm
520 5540 563 5597 ι
602 5540 779 5597 mvn.
811 5548 867 5597 a
896 5539 1115 5614 merc.)
2868 5506 2970 5582 17
