3950 5917
484 367 641 448 4¹76

482 589 557 672 et
607 581 880 664 usitata,
933 577 1002 648 ιιι
1037 507 1377 648 Comitatu
1429 571 1564 647 boc
1616 595 1887 670 quoque
1942 576 2096 668 geri
2137 576 2551 670 tractarique
2604 570 2984 670 oportebit·
3039 572 3356 667 adeoque
3410 576 3478 646 ιιι
3531 578 3806 668 gremio

481 682 690 769 illius,
744 679 901 750 dum
942 687 1012 750 et
1045 675 1315 773 quando
1371 699 1668 749 necesse
1704 676 1932 765 fuerit,
1989 674 2371 750 Generales
2425 699 2578 750 cum
2632 676 3029 750 Interventu
3081 680 3314 767 etiam,
3386 679 3498 771 qui
3547 679 3808 752 adesse

422 801 437 818 “
483 786 853 871 voluerint,
906 769 1353 853 Dominorum
1406 777 1861 853 Terrestrium
1916 778 2446 875 Eorundemque
2499 778 2931 868 officialium,
2985 783 3271 876 praevie
3352 803 3631 875 semper
3681 804 3812 876 por

488 875 894 961 Curentales
950 886 1085 976 (uti
1136 885 1349 956 moris
1395 887 1539 970 est)
1593 881 2124 973 invitandorum
2178 881 2777 978 Congregationes
2857 903 2983 979 pro
3037 882 3410 956 tractandis
3465 883 3814 974 eJusmodi

485 989 771 1087 publicis
824 986 1142 1084 Negotijs
1193 983 1665 1074 habebuntur;
1744 985 2082 1074 Quantum
2141 979 2764 1076 Contributionale,
2836 996 3196 1082 postquam
3249 1008 3344 1057 ex
3394 987 3812 1059 instituenda

488 1091 866 1167 Comitatus
923 1089 1442 1186 Conscriptione
1497 1112 1717 1184 aequa
1771 1099 1842 1161 et
1883 1091 2072 1181 justa
2125 1089 2302 1163 illius
2355 1089 2715 1185 Proportio
2767 1089 2948 1162 inter
2980 1087 3165 1160 Loca
3216 1085 3590 1164 Comitatus
3645 1090 3812 1161 ela-

488 1196 726 1269 borata
780 1193 1009 1281 fuerit,
1066 1216 1108 1264 a
1163 1189 1757 1265 Contribuentibus
1811 1192 1899 1265 de
1950 1203 2262 1288 tempore
2315 1194 2387 1266 in
2439 1202 2720 1287 tempus
2787 1190 2914 1265 sub
2968 1214 3186 1264 onere
3240 1191 3610 1264 dandarum
3668 1193 3813 1265 de-

489 1322 697 1396 super
748 1297 1111 1369 Rationum
1163 1294 1392 1369 medio
1447 1299 1963 1370 constitutorum
2021 1293 2382 1370 Generalis
2431 1305 2502 1369 et
2553 1294 2988 1367 Particularis
3057 1292 3432 1372 Comitatus
3492 1295 3812 1391 Percep—

342 1499 346 1510 ἶ
483 1415 736 1490 torum,
790 1398 1019 1472 debite
1074 1421 1348 1496 semper
1400 1402 1719 1492 exigetur
1771 1406 1842 1472 et
1882 1397 2167 1490 ,defectu
2224 1396 2486 1494 absque
2551 1401 2735 1472 omni
2788 1398 3249 1494 persolvetur,
3321 1398 3613 1470 solutum
3669 1399 3812 1470 de-

487 1529 670 1580 mum
724 1503 812 1577 ad
867 1503 1155 1576 Cassam
1211 1500 1742 1577 Comitatensem
1798 1503 2187 1596 colligetur,
2252 1501 2412 1575 inde
2463 1525 2641 1577 vero
2695 1501 2782 1574 ad
2835 1499 3120 1575 Cassam
3175 1500 3497 1574 Nostram
3543 1501 3812 1573 Milita-

488 1633 636 1684 rem
717 1630 887 1701 erga
952 1606 1372 1693 Quietantias
1451 1606 1589 1677 illic
1667 1605 2146 1702 percipiendas
2225 1604 2518 1679 fideliter
2586 1603 3199 1693 administrabitur3
3278 1603 3522 1677 Omnia
3601 1604 3816 1675 deni-

488 1737 662 1809 que,
727 1734 905 1807 quae
959 1709 1043 1781 ab
1094 1709 1347 1783 Incolis
1426 1732 1832 1806 quocunque
1901 1709 2093 1782 titulo
2172 1707 2600 1804 praestanda
2661 1712 2970 1798 veniunt,
3052 1727 3140 1780 eo
3193 1728 3329 1803 quo
3379 1716 3694 1803 spectant
3743 1711 3822 1779 in

489 1828 804 1912 tempore
876 1836 1097 1909 aeque
1175 1811 1698 1909 praestabuntur
1777 1822 1847 1886 et
1899 1810 2590 1914 administrabuntur;
2659 1834 2867 1909 super
2944 1809 3256 1884 omnibus
3337 1820 3562 1883 autem
3641 1833 3821 1906 per-

497 1923 743 2017 ceptis
772 1926 841 1991 et
894 1919 1197 2009 erogatis
1278 1921 1681 1991 constitutus
1763 1914 2139 1990 Comitatus
2198 1895 2574 2012 Perceptor
2638 1938 2807 1987 mox
2859 1914 3048 1987 finito
3099 1935 3284 1986 anno
3334 1912 3607 1987 Militari
3659 1937 3820 1985 cum

494 2023 837 2119 requisitis
890 2018 1133 2093 Probis
1173 2029 1241 2092 et
1272 2020 1721 2094 Documentis
1776 2019 2201 2094 sufficienter
2249 2022 2618 2096 instructas
2671 2016 3029 2108 Rationes,
3082 2025 3284 2113 prout
3316 2020 3386 2089 in
3421 2016 3823 2112 Hungariae

491 2150 629 2202 nec
675 2148 813 2200 non
870 2121 1287 2197 Sclavoniae
1362 2122 1612 2217 Regno
1690 2141 1821 2197 usu
1890 2127 2108 2213 venit,
2189 2121 2561 2213 exhibebit,
2641 2123 2888 2196 nolens
2964 2142 3141 2194 vero
3193 2119 3314 2194 vel
3363 2122 3822 2194 intermittens

497 2229 941 2325 compulsivis
996 2230 1201 2299 etiam
1254 2226 1527 2320 mediis,
1580 2226 1840 2300 idcirco
1872 2229 2361 2323 praescriptis,
2432 2249 2559 2322 per
2607 2223 3078 2319 magistratum
3133 2231 3440 2319 cogetur.
3543 2222 3826 2296 Elabo-

495 2344 643 2407 rata
695 2354 871 2405 vero
955 2332 1174 2402 semel
1250 2335 1427 2403 inter
1496 2329 2023 2406 Contribuentes
2077 2353 2206 2404 suo
2261 2330 2469 2425 legali
2548 2328 2754 2402 modo
2833 2328 3194 2423 Proportio
3274 2326 3534 2422 absque
3618 2331 3826 2418 gravi

496 2441 765 2510 ratione
840 2432 1243 2531 publicaque
1319 2431 1695 2507 Comitatus
1773 2434 2361 2507 Determinatione
2429 2433 2548 2506 vel
2599 2435 2671 2506 in
2723 2433 2999 2504 minimo
3079 2432 3415 2503 immutari
3493 2429 3824 2525 nequibit.

490 2539 712 2635 ¹Cujus
767 2541 999 2612 intuitu
1054 2562 1165 2627 ea,
1240 2561 1415 2632 quae
1463 2537 1692 2632 Leges
1746 2535 1971 2630 Regni
2028 2546 2097 2609 et
2149 2540 2504 2629 signanter
2570 2532 2922 2609 Articulus
2992 2535 3476 2628 sexagesimus
3546 2534 3828 2606 Tertius

498 2644 686 2718 Anni
738 2642 1082 2715 Millesimi
1136 2640 1739 2737 Septingentesimi
1788 2638 2127 2733 Vigesimi
2180 2639 2390 2713 Tertii
2443 2643 2514 2712 in
2564 2641 2964 2735 praemissis
3016 2636 3516 2734 praescribunt,
3571 2646 3830 2709 exacte

499 2743 860 2820 observari
932 2742 1292 2816 debebunt.
1398 2741 1782 2816 Processus
1855 2751 1953 2838 et,
1996 2740 2265 2835 Litigia,
2346 2765 2525 2838 quae
2578 2746 2756 2815 inter
2808 2741 3205 2814 Terrestres
3259 2740 3620 2830 Dominus,
3707 2740 3830 2813 vel

499 2849 676 2923 alios
728 2846 1039 2934 Nobiles,
1094 2845 1342 2918 ibidem
1400 2850 1553 2919 sive
1606 2849 1677 2917 ιιι
1728 2843 2206 2940 personalibus
2277 2848 2432 2919 sive
2483 2843 2785 2919 realibus
2836 2853 3212 2933 vertentur,
3297 2867 3379 2915 ac
3431 2846 3505 2916 vi
3554 2844 3824 2937 Legum

500 2951 729 3044 Regni
779 2951 963 3024 Foro
1036 2948 1480 3022 Comitatensi
1558 2947 1991 3042 dijudicanda
2071 2957 2486 3045 competunt,
2564 2943 3004 3041 Magistratus
3057 2969 3181 3043 pro
3238 2943 3830 3021 administratione

503 3053 818 3128 Justitiae
888 3075 1013 3148 per
1058 3051 1300 3125 Partes
1372 3074 1499 3126 suo
1553 3052 1760 3125 modo
1840 3054 2206 3148 requisitus
2262 3062 2331 3123 et
2383 3052 2874 3147 interpellatus,
2957 3053 3257 3124 servatis
3311 3050 3397 3123 de
3442 3051 3603 3141 jure
3660 3073 3832 3123 ser-

501 3157 777 3242 vandiS,
829 3158 897 3227 ιιι
952 3156 1087 3228 boc
1140 3154 1268 3229 sibi
1322 3155 1718 3230 concredito
1775 3153 2113 3230 Comitatu
2166 3154 2596 3248 dijudicanda
2650 3163 2956 3230 assumet
3008 3163 3078 3227 et
3113 3151 3408 3241 decidet,
3462 3153 3830 3226 Partibus-

510 3283 644 3355 que
695 3259 1033 3333 Justitiam
1108 3262 1302 3352 juxta
1356 3258 1583 3353 Regni
1635 3259 1865 3351 Leges
1918 3269 2171 3333 exacte
2223 3269 2294 3332 et
2347 3260 2668 3333 celeriter
2749 3255 3264 3344 administrabit,
3344 3256 3647 3330 admissa
3701 3278 3830 3352 pro

511 3363 831 3459 qualitate
887 3362 1262 3437 Causarum
1316 3371 1387 3435 et
1436 3361 1823 3436 Dictamine
1875 3357 2134 3457 Legum
2190 3366 2365 3436 intra
2418 3363 2538 3435 vel
2590 3372 2790 3435 extra
2843 3361 3259 3450 Dominium,
3311 3363 3371 3433 si
3425 3380 3638 3433 causa
3691 3383 3832 3456 ap-

506 3465 840 3563 pellabilis
910 3469 1025 3556 sit,
1107 3491 1148 3537 a
1200 3463 1804 3541 vice-Comitibus
1876 3476 1947 3538 et
1996 3464 2349 3539 Judicibus
2426 3464 2768 3539 Nobilium
2844 3469 2915 3537 ιιι
2966 3462 3277 3536 Partibus
3355 3466 3494 3555 (uti
3544 3462 3832 3555 dicitur)

507 3567 1037 3666 procedentibus
1107 3570 1193 3643 ad
1248 3569 1504 3644 Sedem
1555 3569 1993 3643 Judiciariam
2058 3567 2458 3659 ComitatuS,
2539 3568 2825 3663 singulis
2879 3568 3104 3641 Annis
3183 3571 3450 3661 quoties
3529 3589 3834 3641 necesse

512 3674 718 3746 fuerit
769 3675 837 3745 in
896 3672 1232 3746 Comitatu
1311 3673 1539 3747 debite
1611 3695 1832 3769 aeque
1904 3671 2415 3765 celebrandam,
2492 3672 2656 3746 inde
2710 3682 2937 3746 autem
2992 3670 3078 3743 ad
3107 3667 3457 3756 Tabulam
3509 3669 3838 3744 Nostram

507 3777 834 3851 Banalem
889 3776 1393 3872 Appellatione.
1483 3776 1874 3850 Occasione
1925 3798 2103 3849 vero
2158 3774 2722 3851 celebrandarum
2773 3773 3057 3848 Sedium
3094 3774 3550 3848 Domiualium
3600 3772 3838 3848 Judox

508 3879 852 3953 Nobilium
907 3902 1058 3952 cum
1114 3880 1352 3952 Jurato
1404 3880 1798 3954 Assessore
1876 3889 2285 3976 praesentes
2364 3901 2639 3976 semper
2711 3878 2967 3952 adesse
3022 3875 3389 3968 debebunt,
3470 3876 3840 3999 diligenter

508 3984 655 4074 illa,
707 4004 882 4079 quae
936 3981 1180 4075 ijsdem
1254 3982 1631 4070 secundum
1708 3986 2202 4080 praescriptum
2276 3982 2534 4078 Legum
2616 3980 3034 4073 incumbunt,
3113 3984 3429 4054 curaturi.
3533 3981 3627 4052 Et
3677 3986 3841 4077 quia

511 4086 983 4181 Magistratum
1062 4086 1353 4177 huJ‘usce
1408 4084 1783 4160 Comitatus
1862 4086 2168 4160 adinstar
2219 4087 2505 4160 aliorum
2561 4075 3012 4160 Comitatuum
3084 4085 3244 4177 jure
3322 4087 3528 4157 etiam
3612 4081 3838 4177 Gindfi

510 4190 819 4285 gaudere
870 4186 1169 4283 benigne
1219 4189 1544 4281 velimus,
1609 4189 1786 4264 Hinc
1830 4194 1990 4282 Jure
2043 4190 2179 4263 boc
2220 4194 2301 4263 ιιι
2337 4190 2633 4264 solerter
2683 4187 3158 4286 perquirendis
3212 4198 3284 4259 et
3319 4210 3444 4283 pro
3500 4186 3843 4264 demerito

511 4292 873 4390 puniendis
951 4291 1417 4367 Praedonibus
1499 4293 1788 4388 aliisque
1870 4292 2426 4369 malefactoribus
2505 4293 2598 4366 ad
2643 4295 3065 4387 exigentiam
3141 4296 3557 4366 sancitarum
3627 4303 3845 4370 eate-

511 4419 642 4470 nus
694 4393 965 4470 Patriae
1017 4394 1307 4491 Legum,
1385 4419 1509 4493 pro
1565 4401 1792 4492 quiete
1848 4406 1918 4471 et
1969 4396 2482 4494 Tranquillitate
2535 4396 2817 4493 ‚publica
2887 4405 3175 4471 utentur.
3267 4395 3549 4469 Statum
3621 4418 3843 4494 pono

510 4499 961 4573 Personalem
1041 4509 1109 4573 et
1162 4497 1564 4574 Salarialem
1644 4499 2250 4595 Magistratualium
2332 4500 2708 4575 Comitatus
2787 4501 3012 4593 hujus,
3087 4522 3220 4596 per
3280 4499 3428 4572 Nos
3503 4520 3636 4595 pro
3691 4505 3846 4597 pri-

512 4625 625 4675 ma
697 4602 832 4678 bac
909 4607 1068 4676 vice
1148 4627 1318 4698 erga
1388 4603 1934 4699 Propositionem
2005 4605 2385 4678 clementer
2451 4626 2577 4700 per
2644 4603 2793 4679 Nos
2845 4601 3499 4698 resoluti„0Supremi
3553 4601 3844 4677 Comitis

512 4706 798 4802 Josephi
848 4706 1151 4804 Maylatb
1203 4707 1290 4780 de
1342 4708 1717 4805 Szekbely,
1801 4706 2186 4782 Consiliarii
2238 4707 2475 4781 Nostri
2523 4708 2770 4797 Intimi,
2850 4705 3140 4804 praefati
3212 4707 3458 4779 Portus
3511 4716 3586 4779 et
3639 4707 3846 4781 Urbis

517 4808 974 4883 Fluminensis
1044 4814 1388 4905 totiusque
1457 4809 1797 4884 Littoralis
1869 4813 2244 4904 Hungarici
2299 4809 2817 4912 Gubernatoris,
2896 4808 3196 4904 benigne
3251 4809 3850 4885 denominaternm

518 4910 1035 5005 (subdivisione
1112 4913 1486 4988 Comitatus
1566 4915 1766 5009 hujus
1851 4919 2103 5011 pariter
2163 4918 2364 5008 juxta
2436 4915 2842 5011 Opinionem
2913 4913 3226 5007 ejusdem
3283 4916 3354 4986 ιιι
3418 4912 3594 4987 duos
3659 4913 3851 4988 Pre-

515 5029 791 5104 cessus,
847 5017 1131 5089 alterum
1182 5015 1615 5109 Maritimum,
1688 5019 1969 5092 alterum
2028 5016 2426 5116 Colapiuum
2477 5018 2988 5108 nominandum,
3057 5015 3495 5106 instituenda,
3577 5017 3851 5093 indivi-

517 5120 701 5194 duali
778 5129 1006 5193 autem
1084 5117 1467 5198 Processus
1547 5125 1745 5197 unius
1816 5120 1903 5195 ab
1958 5122 2175 5197 altero
2228 5113 2591 5196 Divisione
2642 5121 2782 5219 Ipsi
2832 5119 3262 5215 magistratui
3309 5144 3399 5193 ac
3447 5125 3856 5217 respective

515 5221 967 5298 Universitati
1035 5211 1410 5300 Comitatus
1489 5226 1976 5322 relinquenda)
2055 5226 2153 5299 illi
2228 5224 2684 5315 conformem,
2761 5227 2874 5322 qui
2947 5228 3016 5298 ιιι
3068 5223 3225 5316 aliis
3289 5244 3570 5319 quove
3620 5223 3854 5321 Regni

517 5321 914 5425 Hungariae
992 5327 1423 5426 Partiumque
1502 5331 1724 5406 eidem
1805 5329 2228 5405 adnexarum
2305 5325 2760 5405 comitatibus
2836 5330 3241 5426 praeexistit
3307 5350 3400 5401 uc
3445 5332 3852 5426 respectu
