3950 5917
1529 1180 2051 1271 Lxxtv.

1147 1526 1356 1601 Anno
1416 1525 1650 1601 1283.
1718 1526 1846 1601 12.
1897 1527 2099 1620 Haje‘.
2151 1525 2456 1621 Spalale'.

116 1819 687 1921 Joannnes‚
781 1814 1404 1921 spalatensis
1466 1812 2316 1921 Archiepiscopus
2380 1826 2473 1896 et
2529 1818 2833 1895 totius
2894 1814 3461 1922 Dalmatiae,

133 1956 642 2059 croatiae,
712 1952 1447 2060 Slavoniaeque
1508 1951 1912 2059 Primus,
1985 1951 2573 2059 Episcopum
2643 1951 3461 2060 Scardonensem‚

128 2120 237 2176 ne
299 2098 398 2175 in
466 2093 830 2173 alienis
874 2092 1536 2173 Dioecesibus
1597 2103 2186 2197 potestatem
2247 2092 2619 2172 ordinis
2690 2102 2783 2171 et
2830 2093 3462 2198 jurisdictio-

790 2240 933 2311 nis
996 2230 1610 2336 episcopalis
1684 2241 2188 2338 exerceat,
2263 2234 2528 2311 serio
2591 2241 2931 2311 monet.

452 2530 497 2604 J
500 2529 814 2605 ohannes
866 2528 1092 2605 diuina
1146 2533 1603 2606 miseracione
1655 2528 2080 2627 spalatensis
2131 2527 2743 2628 Archiepiscopus.,
2822 2532 3047 2604 tocius
3097 2530 3469 2623 Dalmatie‚

144 2636 455 2726 statie,
508 2632 1019 2729 Sclauonieque
1086 2633 1377 2727 Primus,
1455 2631 1839 2709 venerabili
1888 2633 2084 2707 fratri
2135 2633 2412 2707 domino
2463 2631 2547 2707 N.
2598 2656 2726 2731 per
2775 2634 3067 2707 eandem
3138 2637 3468 2731 episcopo

146 2739 650 2830 monensi,
701 2739 994 2812 salutem
1043 2740 1116 2813 in
1168 2738 1466 2812 domino.
1544 2737 1871 2813 'restante
1926 2759 2130 2813 sacro
2186 2733 2497 2811 Concilio
2550 2760 2731 2812 anno
2786 2741 3109 2836 preterito
3162 2741 3235 2810 in
3279 2736 3471 2835 Spa-

138 2846 287 2922 icto
334 2841 727 2935 celebrato,
780 2842 1144 2918 ordinasse
1196 2863 1283 2915 ac
1334 2841 1619 2915 firmiter
1663 2844 2064 2939 precepisse
2125 2842 2523 2934 recolimus,
2594 2840 2777 2937 quod
2843 2842 3065 2916 nullus
3119 2841 3471 2937 suffraga-

138 2969 437 3025 neos-m
500 2954 925 3041 nostrornm,
975 2948 1049 3020 in
1096 2944 1542 3043 preludicium
1610 2947 1918 3038 alterius,
1988 2947 2287 3020 clericos
2358 2948 2637 3019 alterius
2687 2946 3038 3021 dioecesis
3089 2944 3178 3018 ad
3229 2958 3472 3021 sacros

154 3052 435 3129 ordines
498 3072 946 3150 promouere,
1016 3058 1132 3125 aut
1198 3052 1335 3125 alia
1408 3051 1886 3126 ecclesiastica
1955 3060 2028 3123 et
2091 3050 2509 3146 episcopalia
2581 3060 3013 3125 sacramenta
3085 3053 3475 3126 ministrare

144 3150 2140 3356 Ymfflfflssfflfflfflssfflfflffisff
2160 3152 3479 3332 Jssssrffiiffiirffliossssffiaeis

156 3369 387 3463 gracia
441 3363 929 3459 Traguriensis
980 3367 1376 3460 episcopus,
1428 3367 1500 3436 in
1546 3361 1735 3436 festo
1787 3360 1973 3435 beati
2022 3361 2367 3457 Dompnii‚
2420 3361 2854 3457 presentibus
2906 3365 3162 3437 nostris
3215 3361 3476 3435 suffra·-

150 3473 423 3566 gneis,
479 3477 555 3541 et
584 3471 916 3543 vninerso
953 3468 1172 3560 clero,
1224 3488 1358 3542 vos
1391 3467 1765 3560 infregisse
1798 3469 2102 3560 grauiter
2134 3464 2334 3539 nobis
2388 3476 2498 3539 est
2531 3475 2975 3562 conquestum
3029 3465 3293 3558 dicens,
3341 3485 3479 3541 vos

150 3574 653 3649 fflem‘censes
724 3568 1037 3645 clericos
1098 3569 1186 3646 ad
1239 3592 1483 3646 sacros
1553 3570 1832 3644 ordines
1899 3573 2370 3666 promouisse‚
2442 3593 2527 3643 ac
2580 3573 2686 3644 eis
2738 3567 3002 3644 Grisma
3075 3568 3479 3664 contulisse,

154 3700 283 3753 nec
328 3698 481 3751 non
532 3674 871 3773 baptisma
914 3676 1382 3773 paruulorum,
1435 3697 1522 3748 ec
1557 3675 1689 3747 alia
1743 3684 2176 3749 sacramenta
2228 3676 2705 3749 ecclesiastica
2758 3685 2830 3748 et
2872 3676 3292 3772 episcopalia
3341 3697 3480 3748 ce-

160 3781 510 3872 lebrasse,
558 3782 635 3853 in
688 3783 795 3855 sui
845 3778 1289 3876 preiudicium
1342 3787 1414 3853 et
1464 3798 1861 3874 grauamen.
1944 3774 2116 3852 Oum
2169 3778 2330 3852 dicti
2384 3776 2635 3852 Clerici
2687 3777 3181 3855 Sibenicenses
3237 3789 3308 3853 et
3357 3788 3482 3852 to-

154 3897 285 3960 tmn
338 3883 776 3976 Sibe-nicam,
856 3882 1145 3958 subiecti
1197 3885 1333 3958 sint
1383 3881 1471 3955 de
1524 3886 1673 3955 iure
1726 3886 2055 3978 episcopo
2111 3891 2182 3955 et
2226 3886 2658 3978 episcopatui
2707 3882 3178 3978 Traguriensi,
3249 3904 3483 3956 excu-

160 4001 391 4067 santes
448 4009 585 4062 nos
638 3989 868 4061 omnia
923 3985 1315 4084 supradicto
1384 3996 1625 4061 nostro
1695 3985 2015 4059 mandato
2070 3994 2142 4058 et
2193 3991 2595 4059 auctoritate
2645 3985 2928 4061 fecisse.
3006 3987 3202 4060 Hanc
3271 3995 3487 4060 totam

160 4117 346 4171 suain
400 4093 903 4189 querimoniam
955 4090 1155 4164 nobis
1197 4091 1636 4186 impingendo
1691 4100 1762 4162 et
1814 4101 2053 4163 contra
2103 4111 2236 4163 nos
2289 4090 2803 4185 conquerendo,
2854 4092 3212 4187 plurimum
3256 4086 3487 4182 nobis,

164 4204 311 4296 quin
364 4200 617 4295 pocius
669 4218 874 4292 supra
920 4194 1196 4269 modum
1242 4192 1566 4287 debitum,
1619 4197 1882 4269 exstitit
1932 4192 2224 4267 infestus
2269 4203 2341 4265 et
2380 4194 2741 4286 molestus,
2792 4204 3132 4289 tamquam
3185 4196 3490 4286 grauiter

172 4306 493 4377 nuntiatus
550 4310 620 4373 et
672 4298 987 4373 afflictus.
1092 4298 1183 4371 Et
1232 4302 1294 4373 si
1344 4297 1525 4372 bene
1576 4300 1908 4389 recolitis,
1963 4320 2121 4369 cum
2173 4319 2389 4393 nuper
2439 4300 2510 4371 in
2563 4302 2912 4371 societate·
2948 4297 3140 4370 Pauli
3190 4296 3363 4369 Bani
3399 4294 3491 4371 ad

170 4429 289 4481 nos
338 4407 782 4496 accessistis,
833 4424 1042 4499 snper
1092 4401 1342 4476 eodem
1393 4402 1580 4476 facto
1634 4425 1774 4476 non
1811 4402 2034 4477 solum
2068 4424 2110 4473 a
2145 4400 2740 4496 Traguriensibus‚
2795 4403 2921 4475 sed
2975 4404 3179 4474 etiam
3215 4423 3257 4472 a
3296 4399 3489 4497 Spa-

170 4509 571 4599 bannitus,
624 4510 1073 4603 grauissimas
1124 4508 1666 4581 lamentaciones
1720 4517 1791 4578 et
1832 4504 2172 4580 terribiles
2225 4510 2762 4603 conquestiones
2813 4508 2884 4578 in
2927 4508 3294 4602 presencia
3347 4504 3490 4579 do-

174 4619 323 4688 nini
372 4614 742 4711 potestatis
803 4609 1230 4707 spalatensis
1284 4621 1356 4684 et
1408 4616 1706 4684 omnium
1758 4609 2083 4683 nobilium
2136 4610 2662 4706 Spalatensium‚
2711 4631 2851 4682 non
2906 4607 3164 4706 absque
3234 4631 3490 4705 magno

172 4721 383 4792 nostri
436 4716 672 4790 cordis
724 4713 993 4806 dolore,
1048 4725 1120 4788 et
1171 4715 1360 4788 multi
1412 4718 1804 4788 certaminis
1858 4737 2113 4808 agone,
2168 4717 2478 4810 opposita
2533 4719 2736 4786 etiam
2789 4723 3024 4786 contra
3063 4736 3194 4788 nos
3239 4715 3484 4809 rigida,

170 4822 361 4911 dura,
417 4842 670 4917 aspera
724 4828 796 4893 et
846 4822 1137 4893 molesta
1192 4819 1688 4914 appellacione‚
1743 4819 2143 4891 audiuimus,
2252 4817 2474 4913 Super
2528 4816 2767 4913 quibus
2824 4817 3136 4893 omnibus
3190 4821 3494 4912 grauiter

170 4925 405 4999 aflicti
455 4934 532 4997 et
581 4921 979 5020 perturbati,
1034 4923 1122 4995 ad
1171 4925 1578 4997 instanciam
1632 4932 1704 4995 et
1754 4943 2002 5018 preces
2054 4922 2298 4993 multas
2354 4925 2651 4994 omnium
2706 4920 3294 5017 suffraganeorum
3347 4942 3491 4993 no-

174 5040 495 5122 strorum,
568 5030 683 5123 qui
732 5037 1099 5124 presentes
1152 5029 1223 5101 in
1273 5025 1456 5099 festo
1520 5029 1741 5100 sancti
1795 5025 2095 5121 dompnii
2148 5028 2579 5115 exstiterunt,
2649 5027 2874 5099 taliter
2938 5036 3177 5100 vestre
3228 5023 3493 5096 frater-

172 5137 359 5209 niati
412 5130 781 5207 scribimus
835 5140 905 5205 et
952 5153 1081 5228 per
1128 5130 1266 5205 hoc
1310 5152 1602 5227 presens
1657 5134 1981 5226 scriptum
2051 5138 2359 5203 nostrum
2431 5128 2714 5202 firmiter
2765 5139 2836 5201 et
2888 5130 3191 5201 districte
3251 5130 3493 5223 preci-

174 5242 388 5334 pimus
443 5247 519 5312 et
565 5236 1013 5334 precipiendo
1065 5234 1513 5309 mandamus:
1621 5234 1970 5322 Quatenus
2024 5236 2094 5307 in
2148 5243 2378 5326 antea,
2433 5237 2609 5308 sicut
2667 5237 2975 5329 graciam
3045 5230 3228 5303 beati
3279 5229 3491 5305 dom·-

170 5347 303 5439 μῆ
335 5351 413 5417 et
443 5348 763 5415 nostram
816 5361 1050 5413 caram
1098 5339 1394 5430 habetis,
1447 5347 1518 5411 et
1554 5338 1717 5411 dicti
1768 5338 2040 5431 concilij
2097 5360 2341 5434 penam
2394 5339 2597 5413 uultis
2651 5338 2985 5432 effugere,
3039 5333 3498 5431 supradictam

160 5448 550 5526 ullatenus
605 5446 989 5543 acceptetis
1040 5453 1112 5520 et
1160 5447 1234 5518 in
1283 5442 1631 5541 predictis
1678 5444 2060 5519 nullatenus
2113 5441 2493 5520 excedatis.
2570 5441 2895 5538 Alioquin
2944 5439 3498 5536 indignacionem
