3950 5917
3249 417 3395 495 151

112 622 308 695 brent
360 620 673 694 homiues
727 624 797 693 in
850 620 1048 692 dictis
1102 621 1366 715 Regnis
1398 626 1676 713 ‘nostris
1730 622 2111 696 Dalmatiae
2164 632 2234 695 et
2282 620 2628 712 Croatiae',
2692 624 2806 717 qui
2858 626 3088 696 vinum
3148 632 3219 695 et
3269 644 3403 697 sa—

113 725 221 797 lem
283 722 370 796 ad
421 722 761 820 quoddam
836 720 1175 814 Castrum,
1255 724 1343 798 de
1422 747 1613 799 novo
1689 748 1816 823 per
1890 726 2253 801 Dominum
2334 748 2575 818 regem
2653 725 2951 798 Rosciae
3006 736 3076 798 et
3123 727 3406 801 Boane·

114 824 534 919 (Tm-thum)
584 830 766 900 inter
812 827 1233 923 praedictam
1285 830 1632 901 civitatem
1684 838 1992 902 nostram
2062 828 2350 922 Ragusii
2403 839 2473 902 et
2524 832 2869 902 civitatem
2935 828 3209 902 cathari
3261 850 3403 923 ap·-

114 930 419 1027 pellatam,
474 932 549 1002 in
594 930 756 1003 loco
807 929 1239 1004 Dracavima
1293 934 1643 1005 nominato
1698 941 2186 1022 constructum,
2239 941 2313 1004 et
2352 935 2558 1005 etiam
2612 929 2699 1005 ad
2752 931 2884 1004 alia
2939 932 3094 1004 loca
3146 935 3408 1007 incon-

111 1043 304 1125 ποια,
372 1044 619 1108 contra
672 1032 1051 1107 libertatem
1124 1044 1196 1107 et
1247 1038 1590 1131 antiquam
1661 1033 2230 1109 consvetudinem
2282 1038 2497 1130 ipsius
2566 1037 2863 1108 civitau‘s
2917 1044 3196 1108 nostrae
3247 1033 3408 1109 R·-

112 1140 282 1230 gusii,
331 1147 405 1210 et
452 1141 527 1210 in
583 1136 1018 1234 opprobrium
1072 1148 1142 1210 et
1193 1137 1703 1212 diminutionem
1750 1141 2003 1232 jurium
2057 1136 2367 1212 eiusdem
2429 1140 2725 1217 civitatis
2796 1148 3105 1229 nostrae,
3155 1148 3407 1234 porta-

113 1249 238 1312 rent
280 1249 351 1313 et
402 1240 800 1330 deferrent3
872 1241 1335 1338 supplicantes
1385 1241 1612 1333 nobis,
1666 1244 1835 1338 ipsis
1889 1263 2100 1338 super
2148 1240 2288 1314 hoc
2339 1241 2709 1337 providere
2761 1239 2850 1313 de
2901 1242 3210 1315 remedio
3264 1264 3406 1339 op-

114 1351 386 1439 mrtuno.
494 1342 647 1418 Nos
698 1346 929 1440 itaque
989 1344 1310 1418 volentes
1392 1345 1639 1417 dictam
1694 1348 2043 1418 civitatem
2093 1353 2400 1418 nostram
2448 1343 2738 1437 Ragusii
2788 1346 2859 1416 in
2911 1347 3056 1419 suis
3108 1344 3406 1418 liberta-

113 1444 257 1518 tibus
304 1455 376 1518 et
426 1445 1045 1520 consvetudinibus
1095 1450 1388 1543 antiquis
1439 1447 1695 1521 illibate
1749 1469 2205 1537 conservare,
2283 1456 2358 1519 ut
2407 1446 2661 1520 exinde
2716 1446 2876 1520 dicti
2929 1450 3128 1522 cives
3179 1451 3401 1523 nostri

115 1546 343 1622 discant
394 1548 525 1624 sub
582 1553 887 1646 principe
938 1550 1249 1644 glorioso
1303 1551 1561 1623 devote
1613 1550 1953 1642 famulari,
2003 1560 2207 1646 atque
2245 1549 2330 1623 ab
2364 1552 2535 1646 ipsis
2585 1549 2978 1624 utilitatibus
3014 1561 3086 1623 et
3118 1550 3406 1627 honoris

114 1654 357 1724 maria
409 1654 816 1749 lucrumque
862 1652 1290 1726 fructiferum
1342 1656 1585 1747 regiae
1626 1657 1992 1749 proveniat
2040 1653 2425 1742 Maiestam
2473 1652 2563 1725 de
2599 1653 2889 1727 consilio
2944 1675 3295 1729 consensu
3330 1663 3405 1727 et

114 1750 502 1851 &beplacita
562 1756 917 1831 voluntate
963 1760 1453 1830 serenissimae
1492 1768 1563 1829 et
1597 1758 2225 1832 excellenu‘ssimae
2273 1756 2607 1853 Principis
2644 1756 2726 1828 D.
2754 1755 3133 1845 Elisabeth,
3187 1779 3408 1855 prae—

117 1859 293 1930 missa
339 1857 475 1931 Dei
528 1862 756 1954 gratia
827 1862 1112 1953 reginae
1182 1859 1555 1953 nugariae,
1625 1859 1985 1950 Poloniae‚
2057 1859 2439 1933 Dalmatiae
2511 1868 2644 1932 etc.
2698 1863 3050 1954 genitricis
3123 1870 3407 1935 nostrae

115 1962 503 2052 carissimae,
561 1961 1157 2059 praelatorumque
1200 1972 1272 2036 et
1303 1962 1635 2039 baronum
1691 1967 1890 2058 regni
1942 1966 2187 2053 nostri,
2238 1970 2674 2058 praematuro
2728 1965 3122 2037 sancientes
3183 1964 3403 2037 duxi-

116 2083 237 2136 nus
282 2064 867 2156 committendum,
920 2074 997 2138 nt
1045 2087 1088 2138 a
1132 2064 1340 2139 modo
1394 2076 1467 2140 et
1499 2066 1830 2163 deinceps
1880 2067 2105 2140 nullus
2156 2066 2531 2139 incolarum
2587 2087 2955 2159 reg-norum
3011 2076 3406 2141 nostrorum

118 2176 651 2258 moratorum,
724 2172 960 2242 vinum
1014 2178 1087 2241 et
1138 2170 1354 2244 salem
1427 2171 1514 2243 ad
1582 2170 2006 2266 praedictum
2074 2179 2373 2243 castrum
2442 2190 2726 2259 novum,
2795 2171 2865 2243 in
2917 2169 3076 2243 loco
3128 2169 3412 2243 Draca-

119 2270 307 2361 vissa,
357 2280 431 2344 ut
472 2269 893 2368 praefertur,
968 2282 1461 2365 constructum,
1517 2284 1588 2346 et
1622 2273 1754 2345 alia
1809 2273 1964 2346 loca
2013 2275 2446 2364 inconsueta,
2500 2283 2737 2346 contra
2791 2275 3131 2368 antiquam
3183 2272 3410 2346 liber-

120 2379 289 2445 tatem
339 2385 410 2447 et
461 2375 1037 2449 consuetudinem
1098 2376 1325 2451 dictae
1395 2380 1690 2451 civitatis
1760 2386 2044 2451 nostrae
2124 2376 2409 2470 Ragusii
2464 2385 2533 2447 et
2581 2375 3087 2450 diminutionem
3159 2377 3406 2449 iurium

119 2473 384 2549 eiusdem
439 2481 747 2552 civitatis
797 2487 1106 2569 nostrae,
1157 2489 1435 2575 portare
1498 2489 1891 2577 praesumat
1940 2479 2059 2554 vel
2112 2478 2418 2570 deferre,
2492 2478 2617 2553 sub
2669 2499 2893 2575 poena
2948 2481 3412 2555 :immissionis

122 2586 181 2648 st
214 2583 611 2674 privau'onis
663 2585 983 2655 vinorum
1037 2590 1109 2655 et
1161 2582 1402 2657 salium
1457 2582 1980 2678 praedictorum.
2084 2581 2176 2655 Et
2226 2582 2361 2655 hoc
2412 2582 2730 2657 volumus
2780 2585 2852 2655 in
2894 2581 3068 2656 foris
3120 2592 3192 2656 et
3232 2582 3411 2663 locis

123 2677 388 2776 publicis,
447 2686 523 2758 in
586 2683 784 2759 dictis
834 2688 1073 2780 regnis
1124 2688 1380 2758 nostris
1432 2686 1813 2760 Dalmatiae
1867 2697 1938 2759 et
1992 2682 2312 2759 Oroatiae
2362 2687 2587 2782 palam
2639 2684 2889 2781 ubique
2937 2685 3175 2760 facere
3226 2707 3407 2782 pro—

124 2782 379 2859 clamari.
486 2787 744 2861 Datum
796 2788 1035 2862 Budae
1088 2788 1215 2863 sub
1267 2810 1522 2883 magno
1577 2798 1814 2864 nostro
1871 2789 2125 2884 sigillo,
2198 2787 2548 2863 Sabbatbo
2618 2792 2934 2886 proximo
2986 2799 3146 2885 post
3193 2791 3404 2886 quin-

125 2882 303 2962 donas
346 2888 509 2964 festi
568 2889 838 2965 Pascae
889 2890 1185 2966 Domini.
1237 2890 1448 2965 Anno
1501 2892 1811 2966 eiusdem
1862 2888 2519 2966 ucchxxxm.

131 3084 1524 3164 QDeRmeDaI-.et0roat.1..v.c.m.

1601 3646 1896 3731 cxl.

1498 3935 1706 4007 Anno
1765 3934 2002 4007 1383.

134 4211 451 4303 Eadem
516 4221 819 4303 Maria
880 4220 1416 4303 Ecclesiae
1479 4188 2142 4329 'traguriensi
2204 4222 2656 4328 sigillum
2735 4223 3417 4305 authenticum

1213 4362 1781 4468 privilegio
1869 4362 2294 4441 confert.

405 4629 623 4705 naria
674 4631 808 4706 Dei
860 4634 1078 4727 gratia
1132 4630 1553 4727 Hungariae.,
1603 4633 2014 4723 Dalmatiae,
2065 4630 2410 4723 croatiae,
2464 4633 2752 4725 Ramae‚
2818 4630 3137 4725 serviae,
3193 4631 3420 4709 Galli-

138 4727 284 4818 ἀπο,
354 4731 834 4826 Lodomeriae‚
903 4735 1404 4833 Bulgariaeque
1456 4736 1755 4830 Regina,
1831 4736 2164 4839 Princeps
2216 4735 2646 4811 Salernitana
2701 4747 2781 4810 et
2831 4735 3114 4812 honoris
3168 4740 3424 4819 montis

140 4825 338 4906 Sancti
392 4837 643 4932 Angeli
692 4837 1007 4913 Domina.
1062 4837 1391 4914 Omnibus
1446 4836 1696 4914 Christi
1752 4838 2065 4917 fidelibus
2135 4849 2274 4914 tam
2343 4839 2819 4938 praesenu'bus
2894 4863 3095 4938 quam
3147 4840 3422 4930 futuris,

143 4943 561 5022 mezentium
612 4945 915 5016 notitiam
970 4940 1325 5034 habituris,
1381 4945 1668 5017 salutem
1721 4946 1793 5017 in
1849 4947 2146 5016 omnium
2202 4942 2588 5018 Salvatore.
2696 4943 2919 5040 Regia
2979 4944 3144 5018 licet
3196 4943 3421 5019 suissi*-

146 5037 309 5153 Pllssfl
373 5042 745 5141 pedisequa
818 5045 1073 5122 sedens
1148 5046 1390 5122 throno
1442 5049 1515 5119 in
1570 5047 1859 5121 excelso
1917 5051 2180 5121 cunctis
2235 5051 2378 5121 suis
2435 5047 2847 5143 sequacibus
2913 5047 3117 5141 digna
3171 5046 3425 5120 debeat

149 5143 502 5234 mpondm
547 5151 849 5244 praemia
903 5152 1323 5242 meritorum,
1397 5150 1485 5222 ad
1552 5153 1771 5224 instar
1840 5160 2068 5223 tamen
2136 5154 2351 5245 ipsius
2423 5156 2724 5247 supremi
2791 5155 2981 5244 regis
3053 5147 3425 5245 splendore

149 5250 433 5331 Neruae
486 5250 746 5344 gloriae
803 5251 890 5328 de
944 5254 1100 5327 luce
1153 5257 1305 5328 eius
1360 5255 1669 5327 claritate
1723 5254 2043 5327 mundum
2121 5254 2544 5345 illustrantis,
2614 5253 2812 5329 verbi
2865 5252 3131 5326 scilicet
3180 5255 3426 5326 incar-‘-

148 5348 284 5435 ⁸⁸52
349 5364 833 5431 sacrosanctae
901 5360 1096 5431 matri
1134 5356 1541 5448 ,Ecclesiam
1617 5379 1817 5452 quam
1870 5360 2022 5453 ipse
2070 5360 2592 5455 praetiosissimi
2647 5361 2749 5433 sui
2806 5358 3160 5448 sanguinis
3233 5354 3422 5431 effu·-
