3950 5917
3319 448 3475 537 109

122 648 389 729 acum
444 644 831 747 Capitulum
908 651 1107 727 citari
1156 649 1501 744 recinam,
1558 660 1887 729 eetavu-
1948 649 2140 729 diem·
2201 649 2368 727 festi
2413 649 2803 728 Nativitatis
2853 648 3126 728 Beatae'
3168 649 3476 748 V‘nginis

124 752 408 829 eisdem
487 772 729 832 eoram
784 752 988 829 nobis
1064 705 1508 852 comparendi
1579 776 1706 851 pro
1776 758 2072 830 termino
2141 758 2658 851 assignantes.
2705 754 2796 829 Et
2846 759 3166 853 qnoniam
3222 756 3474 830 eodem

126 858 435 937 termino
491 854 937 948 adveniente,
987 855 1171 931 iden
1221 857 1468 932 Frater
1515 858 1857 933 Hem-ictu
1909 867 1983 930 et
2033 857 2288 933 fratres
2339 861 2450 934 sui
2498 880 2639 933 non
2694 869 3110 934 curaverunt
3176 880 3474 957 compa-

126 980 293 1034 rere
346 967 601 1035 eontra
652 957 1057 1055 Capitulum,
1107 958 1511 1035 Venerabili
1561 963 1717 1037 viro
1767 960 2049 1035 domino
2100 962 2145 1034 J
2148 982 2372 1036 oanne
2399 1038 2402 1041 ,
2426 960 2940 1051 Archidiacono
2994 962 3082 1035 de
3127 958 3471 1051 Guerche,

124 1071 594 1160 meur-tore
645 1060 956 1137 eiusdem
992 1059 1286 1160 Capituli
1326 1065 1661 1158 legitimo,
1712 1066 2016 1160 ipsorum
2072 1067 2570 1138 contumaciam
2607 1074 3022 1155 accusant03
3073 1064 3235 1138 ideo
3290 1087 3470 1141 eos-

130 1164 304 1239 dem
382 1164 700 1240 Fratrem
750 1163 1125 1240 Hearicum
1192 1176 1266 1240 et
1314 1188 1484 1242 suos
1552 1166 1804 1242 fratres
1876 1167 2290 1242 secundario
2368 1177 2440 1242 et
2507 1171 2967 1265 peremptorie
3035 1166 3328 1243 fecimus
3381 1168 3474 1241 ad

128 1276 453 1344 toabam
506 1271 972 1365 praesentiam
1031 1272 1320 1343 evocari
1370 1279 1445 1343 et
1496 1273 1717 1361 citari,
1770 1278 2012 1344 contra
2063 1270 2246 1344 idem
2297 1267 2704 1365 Capitulum,
2757 1273 2863 1344 eis
2916 1280 3238 1343 octavum
3292 1268 3478 1343 diem

128 1380 297 1470 post
345 1369 607 1446 festum
677 1368 994 1445 Omnium
1058 1369 1469 1447 Sanctorum
1538 1394 1635 1446 ex
1683 1381 1848 1447 tunc
1914 1394 2154 1446 coram
2221 1370 2423 1446 nobis
2494 1370 2937 1468 compamndi
2998 1393 3126 1467 pro
3178 1376 3472 1447 termino

126 1473 610 1568 aan'gnando:
682 1472 837 1562 Quo
897 1476 1190 1549 termino
1269 1484 1680 1549 occurrente
1734 1483 1804 1549 et
1852 1472 2055 1549 nobis
2105 1478 2178 1548 in
2223 1472 2537 1548 Claustro
2587 1473 2887 1548 Sanctae
2937 1474 3201 1549 Mariae
3251 1482 3472 1550 nostri

128 1576 423 1653 ordinis
474 1576 930 1652 existentibus
979 1574 1391 1671 Zammac,
1443 1586 1723 1675 propter
1763 1580 2032 1674 copiam
2084 1581 2482 1673 peritorum,
2533 1576 2923 1673 praedictus
2976 1578 3219 1651 Frater
3268 1579 3474 1652 Hen-

128 1684 327 1857 233
377 1680 1631 1880 ffrssffpssliffwcffffiissff‘ssr
1650 1678 3472 1880 ‘'RQ-iffi,iinffi‘ffinfflffiirffmffi

130 1883 533 1982 saepedicti
592 1881 883 1981 Capituli
934 1884 1203 1959 oblatus
1255 1885 1382 1960 fuit
1430 1885 1727 1977 libellus,
1779 1889 1852 1960 in
1903 1886 2082 1960 haec
2146 1885 2386 1960 verba.
2435 1886 2512 1959 In
2564 1889 2840 1959 nomine
2892 1887 3168 1960 Domini
3218 1886 3472 1962 Amen

134 1988 350 2062 Anne
428 1986 743 2062 eiusdem
792 1986 1399 2081 Mocccxm
1468 1939 1911 2064 Pontiii'catus
1998 1988 2428 2063 Sanctissimi
2495 1991 2707 2083 patris
2788 1988 3042 2063 domini
3113 1990 3472 2064 Benedicti

132 2091 372 2165 divina
427 2090 862 2187 providentia
916 2089 1425 2167 Sacrosanctae
1476 2091 1834 2167 Romanae
1887 2101 1958 2165 et
2010 2089 2438 2167 Universalis
2489 2091 2854 2166 Ecclesiae
2907 2091 3169 2167 Summi
3220 2092 3474 2166 Ponti-

134 2192 283 2271 fieis
336 2192 563 2267 Anne
618 2195 877 2288 quinto,
930 2216 1167 2268 coram
1216 2194 1421 2270 vobis
1475 2194 1753 2270 domino
1804 2194 2050 2268 Fratre
2098 2195 2369 2268 Joanne
2420 2193 2694 2268 Abbate
2748 2193 3147 2270 Conventus
3198 2194 3468 2269 Eccle-

135 2300 284 2373 siae
340 2305 425 2370 et
469 2294 875 2370 nonasterii
943 2295 1245 2371 Sanctae
1295 2297 1558 2372 Mariae
1609 2296 1699 2372 de
1750 2297 2060 2395 Toplica‚
2129 2296 2615 2391 Zagrabiensis
2670 2298 3045 2389 dioecesis,
3122 2296 3368 2371 Judice
3429 2322 3472 2369 a

136 2398 325 2473 Sede
383 2398 806 2496 Apostolica
858 2398 1218 2494 delegato:
1297 2401 1453 2494 Ego
1521 2401 1832 2475 Joannes
1899 2400 2447 2474 Archidiaconus
2518 2400 2606 2475 de
2662 2399 3005 2491 Guercbe.,
3061 2411 3469 2497 procurator

136 2501 437 2599 Capituli
490 2498 982 2595 Zagrabiensis
1033 2502 1425 2595 Ecclesiam·
1475 2504 1632 2579 dico
1685 2505 1961 2577 nomine
2033 2503 2342 2578 eiusdem
2399 2502 2685 2599 Capituli
2738 2514 2809 2577 et
2858 2526 3208 2600 propono:
3287 2504 3472 2599 quod

136 2627 287 2679 am
322 2603 684 2695 decimae,
720 2609 874 2679 sive
909 2605 1212 2680 redditus
1248 2605 1624 2681 decimales
1668 2607 2138 2702 provinciolae
2175 2605 2568 2696 Metblikae,
2623 2611 2798 2680 sicut
2832 2617 2904 2680 et
2937 2607 3114 2680 aliae
3152 2606 3475 2681 decimae-

136 2710 205 2781 ἰ
264 2706 868 2781 Archidiaconatu
940 2708 1029 2783 de
1091 2707 1408 2784 Guerche
1428 2762 1451 2800 ,
1531 2732 1626 2783 ex
1691 2711 2110 2783 institutione
2180 2720 2251 2781 et
2320 2708 2746 2783 ordinatione
2825 2712 3123 2803 antiqua,
3202 2711 3467 2783 ratione

139 2821 452 2907 quartae,
532 2809 621 2883 de
689 2809 899 2886 rebus
953 2816 1105 2887 sive
1158 2811 1360 2887 bonis
1411 2810 1931 2910 Episcopalibus
2001 2811 2365 2886 Ecclesiae
2415 2810 2900 2907 Zagrabiensis
2955 2813 3040 2884 ad
3097 2808 3472 2908 Capitulum

138 2913 451 2986 ehadem
527 2912 891 2988 Ecclesiae
954 2917 1359 3011 pertineant,
1439 2913 1530 2988 de
1607 2918 1798 2990 cuius
1849 2915 2214 2991 Ecclesiae
2282 2914 2745 2990 dioecesanae
2815 2918 3155 3004 existunt3
3231 2915 3479 2989 Frater

144 3014 484 3090 Benrieus
536 3015 836 3090 nOrdinis
915 3014 1421 3092 Cruciferorum
1492 3017 1734 3093 domus
1800 3017 2314 3092 Theothonicae
2393 3029 2805 3114 praeceptor
2865 3021 3020 3093 sive
3091 3015 3486 3092 Commen-.

147 3117 339 3192 dator
390 3118 485 3192 de
547 3115 958 3193 Cheruomel
1027 3124 1095 3193 in
1145 3120 1498 3213 Μθιιιιιιιιι,
1569 3132 1639 3194 οι
1698 3120 1948 3195 fi-atres
2004 3125 2109 3196 sui
2162 3121 2250 3194 de
2306 3120 2549 3194 eadem
2603 3122 2833 3213 domo,
2906 3125 3092 3217 ipsas
3163 3120 3467 3195 decimas

150 3243 292 3301 m
346 3225 503 3297 suis
559 3221 996 3320 participibus
1064 3225 1260 3298 laicis
1313 3223 1398 3297 ab
1452 3222 1783 3320 aliquibus
1854 3227 1998 3298 suis
2060 3223 2716 3319 praedecessoribus
2787 3236 3099 3321 tempore
3169 3224 3482 3317 manifef

148 3334 399 3397 surum
475 3347 879 3419 guerrarum
929 3329 1002 3401 in
1052 3325 1301 3422 Regno
1353 3328 1773 3422 Hungariae‚
1828 3336 2068 3399 contra
2136 3326 2360 3399 Deum
2412 3337 2482 3400 et
2523 3329 2880 3419 justitiam,
2934 3331 3002 3399 in
3051 3347 3274 3419 grave
3330 3327 3486 3416 dee.

144 3430 539 3500 trimentum
591 3438 661 3501 et
711 3428 1197 3524 praeiudicium
1261 3433 1475 3526 ipsius
1548 3428 1837 3526 Capituli
1906 3439 2263 3524 usurpatas
2333 3433 2714 3526 percipiunt
2766 3440 2836 3501 et
2887 3430 3238 3525 hucusque
3291 3451 3464 3524 per-

140 3541 502 3626 ceperunt.
610 3530 839 3618 Quare
890 3536 1166 3606 nomine
1217 3535 1759 3629 procuraratoris
1812 3534 2027 3628 ipsius
2079 3531 2566 3627 Zagrabiensis
2602 3529 2888 3628 Capituli
2938 3542 3098 3628 peto
3154 3532 3498 3628 compelli

140 3633 445 3708 eundem
499 3632 809 3706 Fratrem
862 3635 1230 3709 Henricum
1281 3646 1826 3734 praeceptorem
1881 3645 1952 3708 et
2003 3635 2253 3709 fratres
2308 3658 2501 3728 suos,
2555 3635 2893 3711 desistere
2949 3658 2991 3707 a
3026 3638 3471 3733 perceptione

140 3735 553 3809 eorumdem
603 3735 982 3810 reddituum
1028 3742 1181 3813 sive
1216 3749 1668 3862 proventuum
1712 3738 2193 3811 decimalium
2175 3763 2244 3812 ιιι
2279 3740 2705 3836 provinciola
2742 3738 2831 3813 de
2865 3737 3216 3831 Μθιιιιιιιει,
3273 3748 3344 3812 et
3377 3738 3472 3810 ibi

144 3839 315 3913 locis
352 3838 872 3931 adherentibus
919 3850 989 3913 et
1022 3839 1108 3913 ab
1143 3844 1559 3947 impetitione
1598 3845 1751 3916 sive
1783 3842 2262 3915 molestatione
2296 3843 2682 3916 huiusmodi
2719 3846 3093 3938 compesci,
3148 3852 3218 3914 οι
3250 3840 3477 3914 eidem

144 3940 602 4036 Zagrabiensi
638 3940 947 4039 Capitulo
993 3942 1210 4018 dictos
1247 3926 1549 4019 redditus
1588 3947 1740 4020 sive
1776 3955 2152 4039 proventus
2190 3944 2563 4019 decimales
2600 3945 2997 4034 adiudicari,
3049 3966 3133 4015 ac
3166 3965 3293 4038 per
3325 3964 3467 4016 ve-

142 4055 354 4117 stram
395 4048 807 4118 sententiam
844 4045 1216 4119 declarari:
1270 4047 1575 4122 redditus
1612 4051 1765 4121 sive
1801 4055 2178 4143 proventus
2234 4046 2606 4121 decimales
2642 4052 2713 4121 in
2751 4046 2996 4120 eadem
3048 4045 3471 4140 provinciola

140 4147 227 4220 de
262 4149 450 4222 locis
484 4147 581 4219 ibi
615 4147 1138 4224 adhaerentibus
1174 4173 1338 4226 esse
1373 4151 1461 4224 de
1497 4154 1918 4246 pertinentiis
1963 4150 2434 4222 decimationis
2472 4147 2759 4246 Capituli
2810 4148 3202 4246 supradicti,
3253 4157 3476 4220 tam-

142 4274 375 4345 quam
424 4250 525 4324 de
571 4249 1206 4326 existentibus
1258 4254 1501 4328 infra
1556 4254 1907 4326 limites
1956 4250 2630 4346 Zagrabiensis
2684 4251 3199 4340 dioecesis,
3252 4271 3474 4346 usque

146 4352 543 4427 Ecclesiam
594 4352 972 4427 beatissimi
1009 4354 1337 4451 Stephani
1375 4355 1594 4451 Regis
1629 4357 2022 4450 Hungariae
2076 4355 2163 4427 de
2215 4353 2472 4428 Zemch
2515 4356 2878 4446 inclusive,
2946 4376 3121 4449 quae
3155 4352 3476 4427 Ecclesia

142 4479 299 4529 eun
356 4478 488 4529 sua
543 4456 879 4529 Parochia
931 4466 1002 4531 et
1054 4455 1376 4556 Capellis‚
1430 4463 1615 4532 circa
1670 4468 1742 4533 et
1793 4467 1992 4531 extra
2041 4459 2290 4533 limites
2342 4457 2854 4556 Aquilegiensis
2909 4457 3254 4531 dioecesis
3307 4460 3474 4531 exi-

148 4564 289 4639 stit..
342 4569 545 4654 parte
583 4563 652 4632 in
687 4559 829 4649 illa.,
883 4570 953 4632 et
987 4559 1234 4637 abhinc
1283 4563 1483 4637 limes
1535 4561 1956 4659 protenditur
2007 4584 2132 4657 per
2184 4585 2517 4635 cacumen
2568 4565 2889 4634 montium
2941 4582 3192 4633 versus
3243 4558 3480 4656 Aqui-.-

148 4662 411 4752 lonem,
476 4662 739 4735 directe
795 4662 1294 4759 quodammodo
1348 4664 1705 4739 Ecclesias
1761 4665 1847 4738 de
1903 4665 2275 4755 Sibestain,
2331 4664 2418 4737 de
2473 4664 2951 4758 Sihembergh‚
3022 4674 3092 4736 et
3146 4664 3232 4738 de
3287 4655 3508 4738 (ἔτει-Ὺ

148 4764 325 4839 chan
380 4764 471 4837 ad
523 4763 1062 4859 Zagrabiensem
1114 4767 1499 4842 Ecclesiam
1556 4767 2042 4842 dioecesanam
2095 4767 2533 4859 includendo,
2607 4768 2805 4841 salvo
2858 4772 3007 4839 iure
3061 4768 3221 4840 mibi
3275 4790 3486 4842 sem-2

148 4890 273 4963 per
322 4868 649 4963 addendi,
703 4869 1047 4945 minuendi
1095 4871 1214 4943 vel
1267 4870 1565 4944 mutandi
1616 4874 2023 4966 praemissa,
2075 4872 2192 4944 vel
2246 4893 2340 4943 ex
2393 4875 2495 4945 eis
2550 4870 2799 4966 aliqum
2868 4880 3068 4968 prout
3135 4870 3476 4953 videbitur

152 4971 503 5067 expedire.
614 4972 867 5044 Actum
917 4975 989 5045 in
1041 4970 1355 5047 Claustro
1428 4974 1726 5047 Sanctae
1796 4973 2056 5046 Mariae
2127 4973 2215 5046 de
2283 4971 2647 5067 Zagrabia,
2720 4995 2900 5048 anno
2972 4983 3044 5047 et
3094 4973 3205 5046 die
3255 4993 3472 5068 prae-

154 5079 420 5149 notatis.
518 5072 828 5147 Tandem
880 5074 967 5148 ad
1017 5080 1414 5171 petitionem
1465 5076 1775 5149 eiusdem
1827 5077 2082 5150 Fratris
2136 5077 2441 5167 Hem-ici,
2494 5099 2619 5173 pro
2675 5098 2754 5152 se
2809 5088 2879 5150 et
2931 5079 3072 5150 suis
3126 5072 3472 5165 fratribus,

156 5176 239 5248 de
286 5199 641 5252 consensu
696 5176 1070 5272 saepedicti
1143 5179 1398 5253 domini
1445 5179 1735 5254 Joannis
1805 5178 2294 5252 Archidiaconi
2364 5183 2835 5275 procuratoris
2907 5177 3192 5273 Capituli
3264 5187 3474 5250 ante-

160 5278 335 5371 dicti,
412 5280 647 5354 eidem
728 5279 981 5355 Fratri
1019 5281 1319 5369 Henrico
1391 5293 1460 5359 et
1530 5286 1673 5357 suis
1728 5282 2048 5360 fratribus
2091 5281 2191 5357 ad
2241 5283 2796 5379 respondendum
2868 5282 3330 5376 peremptorie
3383 5281 3474 5354 ad

156 5385 563 5481 aedictum
612 5382 987 5475 libellum,
1002 5395 1083 5472 et
1122 5389 1192 5471 ιιι
1218 5390 1602 5476 contentis,
1657 5387 2142 5469 concessimus
2185 5407 2322 5489 pro
2357 5390 2654 5467 termino
2708 5395 3030 5459 octavum
3083 5383 3292 5459 diem.
3316 5382 3504 5483 Nan-22
