3950 5917
446 420 453 430 ’
486 427 640 501 398

478 629 726 722 m,
782 627 1203 704 mite·
1256 626 1665 704 sannorum
1718 624 2008 726 Philippi
2057 624 2128 701 'e
2175 623 2424 702 'abobi
2481 623 3013 724 Apostolorum,
3087 636 3184 698 ac‘
3221 625 3553 724 ‘tandem
3592 621 3814 698 Festo

484 757 758 832 quoque
811 736 885 808 S.
925 734 1252 829 Stephani
1307 734 1522 825 Regis
1577 755 1658 806 se
1713 756 1791 806 se
1846 732 2197 817 conferre,
2253 732 2639 826 ibidemque
2695 736 2759 804 in
2815 725 3040 803 Domo
3089 727 3438 801 Praetoria
3478 726 3818 801 Censes-

487 862 607 913 sus
674 838 1074 911 Iudiciarios
1145 837 1597 926 celebrando,
1669 847 1803 908 tam
1862 836 1971 909 diu
2045 835 2269 907 donec
2341 841 2725 909 necessitas
2809 835 3368 907 Concurrentium
3425 830 3818 906 Causarum

484 939 882 1037 postulabit„
939 964 1325 1029 remanere,
1377 939 1823 1033 Partibusque
1874 940 2199 1011 iustitiam
2255 938 2727 1011 administrare
2767 949 3148 1023 teneantur„
3206 938 3520 1030 exceptis
3576 945 3816 1010 tamen

482 1043 848 1139 Legalibus
919 1043 1185 1135 Ferijs,
1258 1043 1877 1136 Juristitiorumque
1951 1041 2408 1136 temporibus.
2493 1044 2768 1136 reliquis
2843 1063 3016 1113 vero
3098 1040 3417 1112 Jurifficis
3492 1042 3555 1109 dc
3631 1041 3814 1130 aptis

484 1149 670 1242 Anni
738 1146 1155 1241 temporibus
1224 1169 1347 1242 pro
1419 1145 1656 1218 Banali
1736 1144 1991 1217 Tabula
2050 1151 2114 1217 dc
2169 1145 2461 1217 Sedibus
2534 1145 2922 1235 Judiciarijs
3005 1145 3451 1216 Comitatuum
3526 1143 3815 1215 relictis.

482 1248 836 1323 incumbet
888 1260 1111 1322 autem
1168 1249 1568 1344 Reguicolis
1626 1271 1857 1320 coram
1914 1247 2298 1339 hujusmodi
2380 1247 2636 1320 Tabula
2696 1249 2959 1320 Causas
3018 1271 3176 1318 suas
3251 1248 3666 1341 promet-uris
3722 1249 3813 1316 ita

484 1366 742 1427 mature
796 1359 861 1425 ὼ
912 1357 1321 1448 tempeoeive
1382 1353 1559 1447 apud
1610 1349 1907 1424 futurum
1956 1371 2087 1447 pro
2143 1361 2450 1448 tempore
2504 1351 2926 1435 Praesidem„
3017 1352 3127 1422 vel
3187 1374 3271 1420 eo
3328 1358 3626 1421 vacante
3688 1359 3804 1421 aut

477 1457 777 1552 legitime
831 1455 1178 1551 impedito,
1237 1457 1349 1528 vel
1405 1460 1843 1544 interessatQ
1899 1455 2075 1549 apud
2128 1458 2414 1550 primum
2469 1454 2779 1546 ejusdem
2859 1454 3160 1527 Tabulae
3217 1456 3684 1526 Assessorem
3744 1457 3810 1525 de

481 1559 953 1652 Conjudicem,
1027 1569 1248 1632 semet
1302 1557 1528 1631 debite
1585 1562 1957 1645 insinuare,
2007 1568 2086 1630 ut
2137 1568 2375 1630 contra
2430 1557 2670 1630 Partes
2726 1558 3099 1631 eorundem
3157 1558 3472 1650 legaliter
3511 1566 3810 1629 eatenus

458 1662 841 1754 2certificari
896 1673 1171 1756 queant,
1237 1672 1304 1734 et
1353 1668 1412 1736 si
1470 1662 1585 1734 vel
1639 1684 1813 1734 unus
1867 1660 2192 1734 duntaxat
2249 1661 2682 1737 Causantium
2735 1685 2817 1736 se
2870 1664 3356 1735 insinuaverit,
3431 1658 3809 1731 Officium-

454 1790 610 1861 ‚que
666 1766 1003 1858 ejusmodi
1058 1769 1467 1860 tempestive
1518 1766 2082 1860 interpellaverit,
2138 1787 2225 1836 eo
2283 1765 2464 1836 facto
2523 1766 2817 1838 Praeses
2868 1779 2936 1835 et
2971 1768 3212 1858 reliqui
3256 1763 3569 1854 ejusdem
3605 1785 3807 1834 con—

468 1872 741 1962 judices
799 1868 923 1941 sub
996 1869 1224 1941 Poena
1297 1868 1504 1961 legali
1579 1868 1663 1940 ad
1718 1868 1972 1940 Locum
2051 1869 2733 1963 praedeterminatum
2808 1873 3183 1942 convenire
3257 1880 3327 1938 et
3377 1867 3813 1940 Judicialiter

476 1983 664 2045 tanto
738 1983 987 2068 quanto
1061 1995 1230 2068 opus
1286 1971 1490 2043 fuerit
1568 1983 1875 2066 tempore
1949 1973 2312 2044 considere
2387 1983 2455 2044 et
2536 1978 2598 2044 in
2660 1996 2997 2045 concursu
3082 1975 3361 2066 plurium
3418 1969 3805 2042 Causarum

475 2074 801 2169 Legalem
863 2081 1140 2158 seriem,
1211 2075 1725 2171 pauperumque
1782 2086 1848 2146 et
1900 2075 2270 2147 Viduarum
2329 2100 2412 2145 ac
2467 2077 2841 2149 Causarum
2917 2080 3276 2148 vetustatis
3344 2073 3806 2146 reflexionem

471 2178 755 2266 babere,
808 2179 1279 2274 Justitiamqne
1325 2179 1635 2250 omuibus
1692 2180 2067 2274 aequaliter
2118 2191 2355 2250 sancte
2412 2190 2479 2251 et
2531 2185 2930 2252 intemerate
2989 2181 3460 2252 administrare
3515 2176 3806 2271 obliga—

468 2280 732 2355 buntur.
841 2282 914 2354 Si
981 2305 1185 2378 porro
1239 2283 1459 2354 nullus
1516 2282 1828 2354 absolute
1884 2280 2319 2354 Causantium
2376 2294 2532 2354 ante
2589 2285 2965 2356 destinatos
3021 2283 3226 2355 modo
3285 2285 3569 2376 praevio
3606 2280 3804 2352 Ter-

468 2390 691 2460 minos
745 2387 917 2480 apud
974 2396 1433 2481 praeattactos
1487 2385 1767 2458 Judices
1824 2397 2046 2458 semet
2099 2390 2572 2475 insinuaverit„
2630 2398 2742 2459 aut
2787 2410 2878 2459 ex
2925 2388 3364 2482 praecedenti
3413 2385 3525 2457 vel
3581 2406 3808 2478 prae-

470 2489 868 2562 cedentibus
923 2488 1259 2579 ejusmodi
1304 2488 1641 2561 Terminis
1698 2490 1965 2583 aliquae
2024 2490 2371 2561 indecisae
2428 2489 2698 2562 Causae
2753 2502 2822 2560 et
2873 2490 3255 2562 Processus
3309 2511 3443 2561 non
3503 2511 3804 2559 manse-

470 2596 622 2678 rint,
698 2593 811 2663 tali
883 2614 1005 2688 pro
1062 2615 1226 2664 casu
1300 2596 1425 2686 ipsi
1482 2615 1751 2687 quoque
1824 2592 2093 2664 ludices
2169 2616 2291 2688 pro
2368 2598 2735 2665 imminenti
2805 2595 3029 2688 aliquo
3087 2617 3176 2665 ex
3235 2592 3439 2664 modo
3505 2597 3802 2686 praevio

467 2696 842 2790 designatis
894 2696 1214 2768 Termino
1261 2718 1539 2768 eorsum
1593 2719 1997 2790 comparere
2051 2707 2120 2768 et
2175 2696 2420 2769 ibidem
2478 2708 2741 2792 tempus
2798 2702 3134 2769 innaniter
3186 2718 3600 2769 consumere
3657 2718 3800 2766 ne-

468 2822 755 2894 quaqum
827 2810 1202 2871 teneantur.
1311 2798 1397 2870 Et
1452 2805 1607 2872 vice
1664 2822 1896 2887 versa,
1971 2803 2031 2871 si
2089 2803 2289 2871 etiam
2343 2811 2538 2872 extra
2596 2812 2665 2872 et
2727 2812 3000 2895 praeter
3056 2823 3254 2895 supra
3313 2799 3799 2871 denotatorum

466 2901 934 2975 Terminorum
989 2912 1323 2996 tempora„
1386 2906 1786 2996 praesertim
1844 2905 2063 2997 aliqua
2126 2904 2325 2998 lnops
2380 2916 2449 2975 et
2502 2902 2909 2976 miserabilis
2963 2903 3270 2976 Persona
3325 2903 3668 2974 ,Indicium
3732 2913 3802 2972 et

467 3003 801 3077 Justitiam
860 3028 899 3076 a
954 3004 1323 3100 praelibata
1385 3005 1641 3078 Tabula
1697 3006 2066 3078 Judiciaria
2125 3008 2594 3101 postulaveritq
2665 3012 3062 3101 praemissis
3120 3008 3205 3079 de
3261 3006 3448 3096 Lege
3507 3016 3577 3077 et
3627 3006 3803 3076 Jure

466 3111 998 3201 praemittendis,
1079 3110 1192 3180 tali
1263 3113 1465 3182 etiam
1540 3110 2077 3183 extraserialiter
2148 3113 2351 3182 toties
2425 3115 2691 3204 quoties
2767 3133 3128 3184 necessum
3204 3110 3430 3190 fueriti
3519 3131 3804 3180 omnem

467 3209 759 3283 debitam
813 3212 1149 3286 ,Iustitiam
1205 3224 1276 3287 et
1328 3212 1883 3286 satisfactionem
1940 3214 2436 3285 administrare.
2505 3214 2741 3286 Eidem
2799 3238 2969 3286 vero
3023 3213 3351 3302 Tabulae,
3409 3236 3530 3284 scu
3593 3217 3803 3304 ejus-

464 3315 621 3387 dem
690 3313 1301 3390 Commissionibus
1359 3326 1428 3389 et
1481 3315 2067 3408 Exmissionibus7
2139 3317 2419 3391 Judices
2495 3329 2562 3390 et
2615 3317 3116 3390 Vice—Judices
3193 3340 3436 3412 parere
3511 3317 3804 3410 obliga-

464 3417 723 3491 buntur.
814 3418 1053 3492 Taxae
1110 3443 1312 3515 porro
1367 3419 1892 3515 Expeditionum
1951 3423 2258 3511 ejusdem
2313 3417 2616 3494 Tabulae
2669 3421 3082 3493 Judiciariae
3136 3444 3258 3516 pro
3317 3420 3802 3492 sublevamine

470 3519 931 3612 Causantium,
1014 3523 1100 3595 ad
1173 3534 1388 3596 ratam
1458 3523 1886 3596 medietatem
1962 3525 2254 3606 illorum‚
2336 3548 2510 3619 quae
2582 3525 2911 3596 hactenus
2968 3528 3152 3619 exigi
3229 3527 3801 3612 consvevissent,

463 3625 901 3716 reducantur,
984 3626 1369 3722 Iisdemque
1449 3639 1584 3699 tam
1663 3627 1973 3713 ,ΙιηΙῐςθει9
2055 3650 2251 3722 quam
2338 3638 2404 3698 et
2469 3625 2754 3701 Scribae
2836 3628 3206 3701 eorundem
3293 3640 3802 3701 contententur.

463 3729 977 3823 Appellationes
1061 3731 1358 3819 demum,
1438 3741 1572 3802 tam
1630 3753 1667 3801 a
1744 3735 2242 3825 praerepetitae
2296 3731 2623 3820 Tabulae,
2698 3754 2894 3827 quam
2970 3736 3171 3804 etiam
3229 3730 3802 3804 Comitatensium

461 3832 854 3904 Sedriarum
910 3834 1179 3907 Judicio
1236 3839 1403 3906 intra
1461 3834 1872 3922 Dominium,
1928 3857 2052 3906 seu
2110 3857 2442 3930 suspensa
2502 3836 2678 3907 latae
2736 3837 3133 3908 Sententiae
3186 3834 3656 3924 Executione,
3714 3834 3800 3907 ad

459 3933 784 4007 Tabulam
842 3935 1193 4023 Banalem‚
1248 3938 1409 4009 inde
1458 3959 1629 4009 vero
1666 3936 1753 4009 ad
1790 3948 2100 4011 tenorem
2159 3937 2442 4010 Articuli
2500 3936 2619 4010 27.
2682 3937 2904 4011 1723.
2961 3940 3043 4010 ad
3101 3937 3423 4010 Tabulam
3485 3949 3799 4011 nostram

460 4036 746 4130 Regiam
786 4038 1211 4112 Iudiciariam
1252 4045 1588 4133 interponi
1627 4041 2059 4115 admittantur
2095 4046 2159 4114 d·
2193 4065 2282 4115 eo
2322 4047 2523 4114 etiam
2561 4047 3118 4132 transmittantur,
3158 4045 3309 4114 solo
3349 4066 3515 4113 casu
3556 4046 3798 4114 immi-

458 4145 682 4213 nentis
721 4142 1198 4216 Distractionis
1240 4155 1353 4216 aut
1391 4144 1887 4240 dilapidationis
1925 4167 2152 4217 rerum
2212 4146 2769 4237 adjudicatarum,
2826 4147 3071 4219 nullius
3107 4151 3292 4218 item.
3352 4147 3462 4219 vel
3515 4147 3800 4218 insuffi-

465 4247 707 4317 cientis
763 4245 1138 4332 Cautionisq
1214 4259 1533 4342 excepto.
1608 4253 1674 4321 in
1732 4269 1863 4343 quo
1926 4252 2126 4339 juxta
2183 4249 2559 4321 Articulum
2615 4249 2737 4322 28.
2797 4252 2976 4324 Anni
3039 4248 3236 4324 1715
3299 4273 3518 4345 nsque
3605 4252 3797 4322 ulte-

458 4350 709 4421 riorem
767 4347 1035 4423 Causae
1090 4350 1556 4436 Decisionem.¹
1625 4353 2070 4448 Sequestrnm
2144 4354 2623 4448 imponendum
2698 4359 2844 4426 erit.
2955 4351 3316 4426 Caeterum
3394 4354 3460 4425 id
3518 4377 3799 4450 qnoque

450 4453 647 4543 juxta
706 4453 1077 4528 demissum
1130 4454 1555 4528 Fidelitatum
1614 4453 2012 4528 vest-rarum
2071 4455 2485 4529 postulatum
2550 4456 2800 4529 lisdem
2858 4459 3233 4530 clementer
3285 4457 3478 4532 hisce
3537 4459 3798 4530 admit-

456 4554 732 4627 tendum
788 4579 951 4630 esse
1007 4557 1371 4630 duximus.-
1480 4555 1568 4631 Ut
1618 4570 1894 4654 praeter
1947 4569 2015 4632 e't
2069 4561 2238 4631 ultra
2298 4558 2560 4634 Causas
2616 4560 3183 4633 Prothonotariali
3236 4555 3420 4634 Foro
3493 4563 3798 4634 antehac

462 4659 835 4751 subjectas,
918 4684 1172 4734 causae
1228 4684 1497 4759 quoque
1552 4675 1790 4735 contra
1848 4665 2223 4758 Supremos
2282 4676 2395 4736 aut
2463 4663 3022 4754 vice-ComiteS,
3103 4670 3498 4760 quorumvis
3577 4688 3798 4762 prae-

455 4761 999 4858 specificatorum
1037 4764 1433 4860 Regnorum
1474 4763 1951 4856 Comitatuum,
2001 4789 2124 4840 seu
2164 4771 2230 4840 in
2269 4767 2779 4858 personalibus„
2835 4781 2948 4841 aut
2984 4773 3187 4841 etiam
3229 4765 3560 4854 realibus.⁴
3617 4794 3795 4864 pro-

458 4868 872 4956 movendae,
931 4891 1108 4962 quae
1164 4869 1333 4943 alias
1385 4867 1571 4942 Foro
1629 4867 2073 4943 Comitatensi
2129 4871 2520 4960 subessent„
2589 4872 2838 4944 ibidem
2896 4876 2961 4945 in
3015 4877 3228 4969 prima
3283 4871 3613 4945 instantia
3682 4875 3797 4946 di-

449 4970 888 5061 judicandae,
958 4971 1041 5044 ad
1114 4973 1485 5046 tollendum
1561 4997 1832 5048 omnem
1897 4975 2316 5049 rationabilis
2396 4973 2828 5049 Diffidentiae
2882 4987 2995 5048 aut
3067 4980 3596 5050 interessentiae
3660 4995 3798 5048 cu-

445 5075 741 5170 juspiam
795 5073 1100 5148 fomitem
1158 5088 1228 5149 et
1270 5075 1784 5173 Suspicionem3
1844 5083 1910 5151 in
1966 5080 2480 5175 praedeclarata
2536 5079 2901 5152 Judiciaria
2957 5077 3212 5152 Tabula
3268 5084 3332 5153 in
3385 5084 3606 5176 primu
3665 5075 3796 5153 in-

451 5182 697 5250 stantia
750 5177 1098 5271 Legaliter
1149 5185 1216 5253 in
1273 5179 1564 5254 futurum
1618 5186 2016 5278 promoveri
2070 5187 2353 5279 possint.

756 5279 1020 5367 Quibus
1073 5285 1303 5356 taliter
1346 5286 1672 5358 resolutis
1706 5297 1779 5359 et
1812 5287 2257 5382 applacidatis
2309 5283 2776 5359 Fidelitatibus
2832 5285 3099 5360 Vestris
3157 5290 3538 5360 clementer
3593 5289 3791 5361 bisce

446 5384 932 5457 committimus
986 5396 1056 5457 et
1104 5387 1537 5479 mandamus,
1590 5399 1924 5484 quatenus
1972 5394 2283 5486 acceptis
2324 5389 2838 5486 praesentibus,
2895 5413 3010 5484 eo,
3065 5411 3199 5489 quo
3251 5387 3584 5468 Praeses.
3639 5392 3792 5465 As-
