<?xml version="1.0" encoding="UTF-8"?>
<!DOCTYPE html PUBLIC "-//W3C//DTD XHTML 1.0 Transitional//EN"
    "http://www.w3.org/TR/xhtml1/DTD/xhtml1-transitional.dtd">
<html xmlns="http://www.w3.org/1999/xhtml" xml:lang="en" lang="en">
 <head>
  <title>
</title>
<meta http-equiv="Content-Type" content="text/html;charset=utf-8" />
  <meta name='ocr-system' content='tesseract 3.04.00' />
  <meta name='ocr-capabilities' content='ocr_page ocr_carea ocr_par ocr_line ocrx_word'/>
</head>
<body>
  <div class='ocr_page' id='page_1' title='image "./juraregnicroati00etcgoog/juraregnicroati00etcgoog_0076.png"; bbox 0 0 3950 5917; ppageno 0'>
   <div class='ocr_carea' id='block_1_1' title="bbox 438 435 553 512">
    <p class='ocr_par' dir='ltr' id='par_1_1' title="bbox 438 435 553 512">
     <span class='ocr_line' id='line_1_1' title="bbox 438 435 553 512; baseline 0 -2"><span class='ocrx_word' id='word_1_1' title='bbox 438 435 553 512; x_wconf 73' lang='lat'><strong>00</strong></span> 
     </span>
    </p>
   </div>
   <div class='ocr_carea' id='block_1_2' title="bbox 434 637 3812 2593">
    <p class='ocr_par' dir='ltr' id='par_1_2' title="bbox 434 637 3812 2593">
     <span class='ocr_line' id='line_1_2' title="bbox 440 637 3788 738; baseline 0 -21"><span class='ocrx_word' id='word_1_2' title='bbox 440 664 545 717; x_wconf 86' lang='lat' dir='ltr'><strong>ex</strong></span> <span class='ocrx_word' id='word_1_3' title='bbox 593 662 727 714; x_wconf 84' lang='lat' dir='ltr'><strong>una</strong></span> <span class='ocrx_word' id='word_1_4' title='bbox 780 647 1003 736; x_wconf 82' lang='lat' dir='ltr'><strong>parte,</strong></span> <span class='ocrx_word' id='word_1_5' title='bbox 1059 645 1130 710; x_wconf 90' lang='lat' dir='ltr'><strong>et</strong></span> <span class='ocrx_word' id='word_1_6' title='bbox 1180 640 1580 734; x_wconf 80' lang='lat' dir='ltr'><strong>magistrum</strong></span> <span class='ocrx_word' id='word_1_7' title='bbox 1635 637 1879 712; x_wconf 90' lang='lat' dir='ltr'><strong>domus</strong></span> <span class='ocrx_word' id='word_1_8' title='bbox 1932 639 2169 736; x_wconf 87' lang='lat' dir='ltr'><strong>templi</strong></span> <span class='ocrx_word' id='word_1_9' title='bbox 2225 642 2314 714; x_wconf 86' lang='lat' dir='ltr'><strong>in.</strong></span> <span class='ocrx_word' id='word_1_10' title='bbox 2348 640 2701 736; x_wconf 85' lang='lat' dir='ltr'><strong>Hungaria</strong></span> <span class='ocrx_word' id='word_1_11' title='bbox 2755 649 2826 714; x_wconf 91' lang='lat' dir='ltr'><strong>et</strong></span> <span class='ocrx_word' id='word_1_12' title='bbox 2877 637 3278 732; x_wconf 76' lang='lat' dir='ltr'><strong>sclavonia,</strong></span> <span class='ocrx_word' id='word_1_13' title='bbox 3329 640 3582 716; x_wconf 89' lang='lat' dir='ltr'><strong>dudum</strong></span> <span class='ocrx_word' id='word_1_14' title='bbox 3631 644 3788 738; x_wconf 62' lang='lat' dir='ltr'><strong>ianr</strong></span> 
     </span>
     <span class='ocr_line' id='line_1_3' title="bbox 436 741 3792 844; baseline -0.001 -24"><span class='ocrx_word' id='word_1_15' title='bbox 436 752 859 827; x_wconf 72' lang='lat' dir='ltr'><strong>verteretur,</strong></span> <span class='ocrx_word' id='word_1_16' title='bbox 914 762 1123 837; x_wconf 90' lang='lat' dir='ltr'><strong>super</strong></span> <span class='ocrx_word' id='word_1_17' title='bbox 1174 741 1541 814; x_wconf 86' lang='lat' dir='ltr'><strong>medietate</strong></span> <span class='ocrx_word' id='word_1_18' title='bbox 1593 751 1824 815; x_wconf 90' lang='lat' dir='ltr'><strong>terrae</strong></span> <span class='ocrx_word' id='word_1_19' title='bbox 1878 741 1966 814; x_wconf 89' lang='lat' dir='ltr'><strong>de</strong></span> <span class='ocrx_word' id='word_1_20' title='bbox 2019 741 2374 817; x_wconf 89' lang='lat' dir='ltr'><strong>Licenissa</strong></span> <span class='ocrx_word' id='word_1_21' title='bbox 2425 747 2497 817; x_wconf 91' lang='lat' dir='ltr'><strong>in</strong></span> <span class='ocrx_word' id='word_1_22' title='bbox 2553 741 2892 818; x_wconf 75' lang='lat' dir='ltr'><strong>Comitum</strong></span> <span class='ocrx_word' id='word_1_23' title='bbox 2943 742 3031 817; x_wconf 91' lang='lat' dir='ltr'><strong>de</strong></span> <span class='ocrx_word' id='word_1_24' title='bbox 3085 744 3445 840; x_wconf 70' lang='lat' dir='ltr'><strong>Possega.</strong></span> <span class='ocrx_word' id='word_1_25' title='bbox 3527 756 3600 819; x_wconf 91' lang='lat' dir='ltr'><strong>et</strong></span> <span class='ocrx_word' id='word_1_26' title='bbox 3647 769 3792 844; x_wconf 83' lang='lat' dir='ltr'><strong>pro</strong></span> 
     </span>
     <span class='ocr_line' id='line_1_4' title="bbox 437 841 3800 944; baseline -0 -22"><span class='ocrx_word' id='word_1_27' title='bbox 437 857 629 922; x_wconf 87' lang='lat' dir='ltr'><strong>terra</strong></span> <span class='ocrx_word' id='word_1_28' title='bbox 682 845 770 919; x_wconf 89' lang='lat' dir='ltr'><strong>de</strong></span> <span class='ocrx_word' id='word_1_29' title='bbox 822 844 1123 918; x_wconf 80' lang='lat' dir='ltr'><strong>Maladin</strong></span> <span class='ocrx_word' id='word_1_30' title='bbox 1174 847 1245 918; x_wconf 92' lang='lat' dir='ltr'><strong>in</strong></span> <span class='ocrx_word' id='word_1_31' title='bbox 1307 841 1645 918; x_wconf 86' lang='lat' dir='ltr'><strong>Comitatu</strong></span> <span class='ocrx_word' id='word_1_32' title='bbox 1700 845 1786 918; x_wconf 91' lang='lat' dir='ltr'><strong>de</strong></span> <span class='ocrx_word' id='word_1_33' title='bbox 1838 844 2151 918; x_wconf 90' lang='lat' dir='ltr'><strong>Dobicba</strong></span> <span class='ocrx_word' id='word_1_34' title='bbox 2225 846 2616 940; x_wconf 82' lang='lat' dir='ltr'><strong>(Dubica);</strong></span> <span class='ocrx_word' id='word_1_35' title='bbox 2698 846 2785 920; x_wconf 91' lang='lat' dir='ltr'><strong>ad</strong></span> <span class='ocrx_word' id='word_1_36' title='bbox 2838 868 3081 943; x_wconf 90' lang='lat' dir='ltr'><strong>pacem</strong></span> <span class='ocrx_word' id='word_1_37' title='bbox 3151 850 3333 920; x_wconf 87' lang='lat' dir='ltr'><strong>inter</strong></span> <span class='ocrx_word' id='word_1_38' title='bbox 3399 851 3594 944; x_wconf 89' lang='lat' dir='ltr'><strong>ipsos</strong></span> <span class='ocrx_word' id='word_1_39' title='bbox 3645 871 3800 921; x_wconf 89' lang='lat' dir='ltr'><strong>re-</strong></span> 
     </span>
     <span class='ocr_line' id='line_1_5' title="bbox 436 947 3798 1047; baseline -0 -22"><span class='ocrx_word' id='word_1_40' title='bbox 436 947 872 1026; x_wconf 84' lang='lat' dir='ltr'><strong>formandam</strong></span> <span class='ocrx_word' id='word_1_41' title='bbox 927 957 999 1021; x_wconf 89' lang='lat' dir='ltr'><strong>et</strong></span> <span class='ocrx_word' id='word_1_42' title='bbox 1046 947 1131 1019; x_wconf 91' lang='lat' dir='ltr'><strong>ad</strong></span> <span class='ocrx_word' id='word_1_43' title='bbox 1186 949 1407 1042; x_wconf 89' lang='lat' dir='ltr'><strong>majus</strong></span> <span class='ocrx_word' id='word_1_44' title='bbox 1457 947 1708 1020; x_wconf 91' lang='lat' dir='ltr'><strong>malum</strong></span> <span class='ocrx_word' id='word_1_45' title='bbox 1764 948 2152 1022; x_wconf 90' lang='lat' dir='ltr'><strong>euitandum</strong></span> <span class='ocrx_word' id='word_1_46' title='bbox 2175 1001 2200 1041; x_wconf 74' lang='grc'><em>,</em></span> <span class='ocrx_word' id='word_1_47' title='bbox 2273 948 2360 1022; x_wconf 91' lang='lat' dir='ltr'><strong>de</strong></span> <span class='ocrx_word' id='word_1_48' title='bbox 2433 972 2783 1024; x_wconf 90' lang='lat' dir='ltr'><strong>consensu</strong></span> <span class='ocrx_word' id='word_1_49' title='bbox 2835 952 3044 1023; x_wconf 89' lang='lat' dir='ltr'><strong>totius</strong></span> <span class='ocrx_word' id='word_1_50' title='bbox 3116 949 3488 1047; x_wconf 81' lang='lat' dir='ltr'><strong>supradicti</strong></span> <span class='ocrx_word' id='word_1_51' title='bbox 3557 957 3798 1026; x_wconf 79' lang='lat' dir='ltr'><strong>nostri</strong></span> 
     </span>
     <span class='ocr_line' id='line_1_6' title="bbox 435 1050 3794 1151; baseline -0.001 -22"><span class='ocrx_word' id='word_1_52' title='bbox 435 1053 742 1151; x_wconf 75' lang='lat' dir='ltr'><strong>capituli,</strong></span> <span class='ocrx_word' id='word_1_53' title='bbox 793 1074 921 1148; x_wconf 90' lang='lat' dir='ltr'><strong>pro</strong></span> <span class='ocrx_word' id='word_1_54' title='bbox 1006 1050 1291 1123; x_wconf 80' lang='lat' dir='ltr'><strong>decimis</strong></span> <span class='ocrx_word' id='word_1_55' title='bbox 1359 1054 1882 1124; x_wconf 83' lang='lat' dir='ltr'><strong>marturinamm</strong></span> <span class='ocrx_word' id='word_1_56' title='bbox 1959 1056 2169 1125; x_wconf 88' lang='lat' dir='ltr'><strong>totius</strong></span> <span class='ocrx_word' id='word_1_57' title='bbox 2251 1056 2612 1128; x_wconf 75' lang='lat' dir='ltr'><strong>comitatus</strong></span> <span class='ocrx_word' id='word_1_58' title='bbox 2667 1053 2755 1126; x_wconf 88' lang='lat' dir='ltr'><strong>de</strong></span> <span class='ocrx_word' id='word_1_59' title='bbox 2824 1052 3100 1143; x_wconf 88' lang='lat' dir='ltr'><strong>Volco.,</strong></span> <span class='ocrx_word' id='word_1_60' title='bbox 3181 1063 3252 1126; x_wconf 90' lang='lat' dir='ltr'><strong>et</strong></span> <span class='ocrx_word' id='word_1_61' title='bbox 3322 1053 3410 1126; x_wconf 96' lang='lat' dir='ltr'><strong>de</strong></span> <span class='ocrx_word' id='word_1_62' title='bbox 3472 1053 3794 1148; x_wconf 82' lang='lat' dir='ltr'><strong>Kraigna</strong></span> 
     </span>
     <span class='ocr_line' id='line_1_7' title="bbox 440 1152 3795 1258; baseline 0 -28"><span class='ocrx_word' id='word_1_63' title='bbox 440 1156 808 1251; x_wconf 82' lang='lat' dir='ltr'><strong>(Krajina)</strong></span> <span class='ocrx_word' id='word_1_64' title='bbox 882 1177 923 1226; x_wconf 92' lang='lat' dir='ltr'><strong>a</strong></span> <span class='ocrx_word' id='word_1_65' title='bbox 987 1154 1378 1250; x_wconf 88' lang='lat' dir='ltr'><strong>supradicto</strong></span> <span class='ocrx_word' id='word_1_66' title='bbox 1460 1154 1738 1229; x_wconf 89' lang='lat' dir='ltr'><strong>domino</strong></span> <span class='ocrx_word' id='word_1_67' title='bbox 1818 1164 2061 1229; x_wconf 89' lang='lat' dir='ltr'><strong>nostro</strong></span> <span class='ocrx_word' id='word_1_68' title='bbox 2147 1152 2526 1228; x_wconf 86' lang='lat' dir='ltr'><strong>Colomano</strong></span> <span class='ocrx_word' id='word_1_69' title='bbox 2607 1155 2810 1251; x_wconf 86' lang='lat' dir='ltr'><strong>Rege</strong></span> <span class='ocrx_word' id='word_1_70' title='bbox 2879 1159 2952 1228; x_wconf 91' lang='lat' dir='ltr'><strong>in</strong></span> <span class='ocrx_word' id='word_1_71' title='bbox 3024 1154 3499 1258; x_wconf 85' lang='lat' dir='ltr'><strong>concambium</strong></span> <span class='ocrx_word' id='word_1_72' title='bbox 3576 1156 3795 1230; x_wconf 80' lang='lat' dir='ltr'><strong>nobis</strong></span> 
     </span>
     <span class='ocr_line' id='line_1_8' title="bbox 436 1257 3802 1353; baseline -0 -19"><span class='ocrx_word' id='word_1_73' title='bbox 436 1259 707 1334; x_wconf 87' lang='lat' dir='ltr'><strong>traditis</strong></span> <span class='ocrx_word' id='word_1_74' title='bbox 761 1258 1211 1352; x_wconf 70' lang='lat' dir='ltr'><strong>integraliter,</strong></span> <span class='ocrx_word' id='word_1_75' title='bbox 1285 1257 1591 1332; x_wconf 90' lang='lat' dir='ltr'><strong>decimas</strong></span> <span class='ocrx_word' id='word_1_76' title='bbox 1643 1268 1919 1333; x_wconf 86' lang='lat' dir='ltr'><strong>nostras</strong></span> <span class='ocrx_word' id='word_1_77' title='bbox 1975 1258 2064 1331; x_wconf 90' lang='lat' dir='ltr'><strong>de</strong></span> <span class='ocrx_word' id='word_1_78' title='bbox 2117 1258 2472 1333; x_wconf 90' lang='lat' dir='ltr'><strong>Licenissa</strong></span> <span class='ocrx_word' id='word_1_79' title='bbox 2503 1269 2574 1332; x_wconf 93' lang='lat' dir='ltr'><strong>et</strong></span> <span class='ocrx_word' id='word_1_80' title='bbox 2618 1259 2706 1332; x_wconf 88' lang='lat' dir='ltr'><strong>de</strong></span> <span class='ocrx_word' id='word_1_81' title='bbox 2760 1257 3101 1333; x_wconf 85' lang='lat' dir='ltr'><strong>Nessicha</strong></span> <span class='ocrx_word' id='word_1_82' title='bbox 3160 1259 3498 1353; x_wconf 72' lang='lat' dir='ltr'><strong>(Nasice)</strong></span> <span class='ocrx_word' id='word_1_83' title='bbox 3553 1259 3802 1334; x_wconf 77' lang='lat' dir='ltr'><strong>dictae</strong></span> 
     </span>
     <span class='ocr_line' id='line_1_9' title="bbox 442 1359 3796 1460; baseline -0 -23"><span class='ocrx_word' id='word_1_84' title='bbox 442 1363 686 1438; x_wconf 83' lang='lat' dir='ltr'><strong>domui</strong></span> <span class='ocrx_word' id='word_1_85' title='bbox 738 1360 974 1458; x_wconf 88' lang='lat' dir='ltr'><strong>templi</strong></span> <span class='ocrx_word' id='word_1_86' title='bbox 1027 1359 1337 1436; x_wconf 83' lang='lat' dir='ltr'><strong>dedimus</strong></span> <span class='ocrx_word' id='word_1_87' title='bbox 1374 1361 1902 1458; x_wconf 66' lang='lat' dir='ltr'><strong>permutandos.</strong></span> <span class='ocrx_word' id='word_1_88' title='bbox 1975 1372 2046 1435; x_wconf 94' lang='lat' dir='ltr'><strong>et</strong></span> <span class='ocrx_word' id='word_1_89' title='bbox 2096 1365 2168 1435; x_wconf 95' lang='lat' dir='ltr'><strong>in</strong></span> <span class='ocrx_word' id='word_1_90' title='bbox 2220 1373 2619 1459; x_wconf 88' lang='lat' dir='ltr'><strong>perpetuum</strong></span> <span class='ocrx_word' id='word_1_91' title='bbox 2692 1365 3169 1460; x_wconf 84' lang='lat' dir='ltr'><strong>concessimus</strong></span> <span class='ocrx_word' id='word_1_92' title='bbox 3239 1363 3529 1457; x_wconf 87' lang='lat' dir='ltr'><strong>pacifice</strong></span> <span class='ocrx_word' id='word_1_93' title='bbox 3597 1385 3796 1460; x_wconf 88' lang='lat' dir='ltr'><strong>pos-</strong></span> 
     </span>
     <span class='ocr_line' id='line_1_10' title="bbox 438 1462 3800 1561; baseline -0.001 -20"><span class='ocrx_word' id='word_1_94' title='bbox 438 1466 797 1542; x_wconf 85' lang='lat' dir='ltr'><strong>sidendas.</strong></span> <span class='ocrx_word' id='word_1_95' title='bbox 906 1462 985 1537; x_wconf 89' lang='lat' dir='ltr'><strong>Si</strong></span> <span class='ocrx_word' id='word_1_96' title='bbox 1037 1474 1263 1537; x_wconf 90' lang='lat' dir='ltr'><strong>autem</strong></span> <span class='ocrx_word' id='word_1_97' title='bbox 1318 1468 1387 1538; x_wconf 92' lang='lat' dir='ltr'><strong>in</strong></span> <span class='ocrx_word' id='word_1_98' title='bbox 1460 1465 1868 1561; x_wconf 88' lang='lat' dir='ltr'><strong>supradictis</strong></span> <span class='ocrx_word' id='word_1_99' title='bbox 1940 1469 2141 1540; x_wconf 88' lang='lat' dir='ltr'><strong>terris</strong></span> <span class='ocrx_word' id='word_1_100' title='bbox 2197 1465 2285 1537; x_wconf 91' lang='lat' dir='ltr'><strong>de</strong></span> <span class='ocrx_word' id='word_1_101' title='bbox 2355 1465 2711 1540; x_wconf 90' lang='lat' dir='ltr'><strong>Licenissa</strong></span> <span class='ocrx_word' id='word_1_102' title='bbox 2767 1475 2838 1538; x_wconf 91' lang='lat' dir='ltr'><strong>et</strong></span> <span class='ocrx_word' id='word_1_103' title='bbox 2889 1465 2977 1538; x_wconf 91' lang='lat' dir='ltr'><strong>de</strong></span> <span class='ocrx_word' id='word_1_104' title='bbox 3045 1464 3390 1539; x_wconf 90' lang='lat' dir='ltr'><strong>Nessicha</strong></span> <span class='ocrx_word' id='word_1_105' title='bbox 3462 1470 3606 1539; x_wconf 88' lang='lat' dir='ltr'><strong>auri</strong></span> <span class='ocrx_word' id='word_1_106' title='bbox 3662 1469 3800 1538; x_wconf 80' lang='lat' dir='ltr'><strong>vel</strong></span> 
     </span>
     <span class='ocr_line' id='line_1_11' title="bbox 438 1567 3800 1666; baseline -0.001 -23"><span class='ocrx_word' id='word_1_107' title='bbox 438 1573 716 1666; x_wconf 80' lang='lat' dir='ltr'><strong>argenti</strong></span> <span class='ocrx_word' id='word_1_108' title='bbox 784 1567 1049 1641; x_wconf 89' lang='lat' dir='ltr'><strong>Fodina</strong></span> <span class='ocrx_word' id='word_1_109' title='bbox 1119 1578 1395 1663; x_wconf 87' lang='lat' dir='ltr'><strong>reperta</strong></span> <span class='ocrx_word' id='word_1_110' title='bbox 1468 1568 1713 1658; x_wconf 78' lang='lat' dir='ltr'><strong>fuerit3</strong></span> <span class='ocrx_word' id='word_1_111' title='bbox 1794 1569 2108 1642; x_wconf 89' lang='lat' dir='ltr'><strong>decimae</strong></span> <span class='ocrx_word' id='word_1_112' title='bbox 2178 1579 2633 1664; x_wconf 86' lang='lat' dir='ltr'><strong>proventuum</strong></span> <span class='ocrx_word' id='word_1_113' title='bbox 2705 1571 2851 1642; x_wconf 91' lang='lat' dir='ltr'><strong>auri</strong></span> <span class='ocrx_word' id='word_1_114' title='bbox 2920 1569 3042 1641; x_wconf 86' lang='lat' dir='ltr'><strong>vel</strong></span> <span class='ocrx_word' id='word_1_115' title='bbox 3114 1571 3383 1661; x_wconf 81' lang='lat' dir='ltr'><strong>argenti</strong></span> <span class='ocrx_word' id='word_1_116' title='bbox 3446 1569 3534 1642; x_wconf 88' lang='lat' dir='ltr'><strong>de</strong></span> <span class='ocrx_word' id='word_1_117' title='bbox 3585 1580 3800 1666; x_wconf 79' lang='lat' dir='ltr'><strong>parte</strong></span> 
     </span>
     <span class='ocr_line' id='line_1_12' title="bbox 436 1670 3802 1770; baseline -0.001 -23"><span class='ocrx_word' id='word_1_118' title='bbox 436 1695 660 1770; x_wconf 80' lang='lat' dir='ltr'><strong>saepe</strong></span> <span class='ocrx_word' id='word_1_119' title='bbox 717 1671 942 1746; x_wconf 90' lang='lat' dir='ltr'><strong>dictae</strong></span> <span class='ocrx_word' id='word_1_120' title='bbox 996 1670 1239 1746; x_wconf 87' lang='lat' dir='ltr'><strong>domus</strong></span> <span class='ocrx_word' id='word_1_121' title='bbox 1294 1674 1553 1767; x_wconf 70' lang='lat' dir='ltr'><strong>templi,</strong></span> <span class='ocrx_word' id='word_1_122' title='bbox 1609 1672 1696 1744; x_wconf 88' lang='lat' dir='ltr'><strong>ad</strong></span> <span class='ocrx_word' id='word_1_123' title='bbox 1752 1695 1883 1746; x_wconf 93' lang='lat' dir='ltr'><strong>nos</strong></span> <span class='ocrx_word' id='word_1_124' title='bbox 1952 1674 2073 1745; x_wconf 85' lang='lat' dir='ltr'><strong>vel</strong></span> <span class='ocrx_word' id='word_1_125' title='bbox 2128 1672 2214 1744; x_wconf 92' lang='lat' dir='ltr'><strong>ad</strong></span> <span class='ocrx_word' id='word_1_126' title='bbox 2287 1693 2743 1747; x_wconf 88' lang='lat' dir='ltr'><strong>successores</strong></span> <span class='ocrx_word' id='word_1_127' title='bbox 2813 1682 3094 1746; x_wconf 88' lang='lat' dir='ltr'><strong>nostros</strong></span> <span class='ocrx_word' id='word_1_128' title='bbox 3163 1673 3591 1767; x_wconf 83' lang='lat' dir='ltr'><strong>integraliter</strong></span> <span class='ocrx_word' id='word_1_129' title='bbox 3641 1672 3802 1746; x_wconf 91' lang='lat' dir='ltr'><strong>de-</strong></span> 
     </span>
     <span class='ocr_line' id='line_1_13' title="bbox 434 1773 3806 1872; baseline -0.001 -21"><span class='ocrx_word' id='word_1_130' title='bbox 434 1778 857 1868; x_wconf 77' lang='lat' dir='ltr'><strong>volvantur3</strong></span> <span class='ocrx_word' id='word_1_131' title='bbox 911 1785 982 1848; x_wconf 91' lang='lat' dir='ltr'><strong>et</strong></span> <span class='ocrx_word' id='word_1_132' title='bbox 1033 1785 1255 1847; x_wconf 84' lang='lat' dir='ltr'><strong>utrum</strong></span> <span class='ocrx_word' id='word_1_133' title='bbox 1312 1775 1399 1849; x_wconf 90' lang='lat' dir='ltr'><strong>de</strong></span> <span class='ocrx_word' id='word_1_134' title='bbox 1453 1786 1647 1870; x_wconf 89' lang='lat' dir='ltr'><strong>parte</strong></span> <span class='ocrx_word' id='word_1_135' title='bbox 1704 1775 1961 1849; x_wconf 86' lang='lat' dir='ltr'><strong>domini</strong></span> <span class='ocrx_word' id='word_1_136' title='bbox 2014 1779 2203 1870; x_wconf 86' lang='lat' dir='ltr'><strong>regis</strong></span> <span class='ocrx_word' id='word_1_137' title='bbox 2268 1776 2445 1872; x_wconf 87' lang='lat' dir='ltr'><strong>apud</strong></span> <span class='ocrx_word' id='word_1_138' title='bbox 2499 1780 2720 1871; x_wconf 90' lang='lat' dir='ltr'><strong>ipsum</strong></span> <span class='ocrx_word' id='word_1_139' title='bbox 2781 1773 3216 1848; x_wconf 89' lang='lat' dir='ltr'><strong>intercedere</strong></span> <span class='ocrx_word' id='word_1_140' title='bbox 3267 1777 3591 1867; x_wconf 81' lang='lat' dir='ltr'><strong>velimus,</strong></span> <span class='ocrx_word' id='word_1_141' title='bbox 3640 1799 3806 1849; x_wconf 89' lang='lat' dir='ltr'><strong>no-</strong></span> 
     </span>
     <span class='ocr_line' id='line_1_14' title="bbox 436 1876 3800 1976; baseline -0.001 -21"><span class='ocrx_word' id='word_1_142' title='bbox 436 1890 634 1956; x_wconf 77' lang='lat' dir='ltr'><strong>strae</strong></span> <span class='ocrx_word' id='word_1_143' title='bbox 687 1880 1128 1975; x_wconf 88' lang='lat' dir='ltr'><strong>relinquimus</strong></span> <span class='ocrx_word' id='word_1_144' title='bbox 1183 1879 1541 1952; x_wconf 84' lang='lat' dir='ltr'><strong>voluntati.</strong></span> <span class='ocrx_word' id='word_1_145' title='bbox 1647 1878 1878 1952; x_wconf 86' lang='lat' dir='ltr'><strong>Et·ne</strong></span> <span class='ocrx_word' id='word_1_146' title='bbox 1949 1889 2158 1975; x_wconf 84' lang='lat' dir='ltr'><strong>super</strong></span> <span class='ocrx_word' id='word_1_147' title='bbox 2207 1879 2345 1952; x_wconf 89' lang='lat' dir='ltr'><strong>boc</strong></span> <span class='ocrx_word' id='word_1_148' title='bbox 2397 1879 2572 1976; x_wconf 88' lang='lat' dir='ltr'><strong>apud</strong></span> <span class='ocrx_word' id='word_1_149' title='bbox 2642 1879 2844 1972; x_wconf 88' lang='lat' dir='ltr'><strong>hujus</strong></span> <span class='ocrx_word' id='word_1_150' title='bbox 2917 1876 3301 1952; x_wconf 88' lang='lat' dir='ltr'><strong>concambii</strong></span> <span class='ocrx_word' id='word_1_151' title='bbox 3370 1882 3657 1973; x_wconf 89' lang='lat' dir='ltr'><strong>ignaros</strong></span> <span class='ocrx_word' id='word_1_152' title='bbox 3711 1882 3800 1953; x_wconf 85' lang='lat' dir='ltr'><strong>in</strong></span> 
     </span>
     <span class='ocr_line' id='line_1_15' title="bbox 436 1979 3802 2081; baseline -0.001 -23"><span class='ocrx_word' id='word_1_153' title='bbox 436 1993 801 2081; x_wconf 80' lang='lat' dir='ltr'><strong>posterum</strong></span> <span class='ocrx_word' id='word_1_154' title='bbox 855 1987 1074 2079; x_wconf 90' lang='lat' dir='ltr'><strong>possit</strong></span> <span class='ocrx_word' id='word_1_155' title='bbox 1120 1985 1321 2055; x_wconf 90' lang='lat' dir='ltr'><strong>orriri</strong></span> <span class='ocrx_word' id='word_1_156' title='bbox 1376 1982 1731 2072; x_wconf 80' lang='lat' dir='ltr'><strong>dubietas3</strong></span> <span class='ocrx_word' id='word_1_157' title='bbox 1779 1993 2221 2078; x_wconf 90' lang='lat' dir='ltr'><strong>praesentem</strong></span> <span class='ocrx_word' id='word_1_158' title='bbox 2276 1986 2592 2079; x_wconf 91' lang='lat' dir='ltr'><strong>paginam</strong></span> <span class='ocrx_word' id='word_1_159' title='bbox 2649 1991 3042 2056; x_wconf 88' lang='lat' dir='ltr'><strong>nostrorum</strong></span> <span class='ocrx_word' id='word_1_160' title='bbox 3096 1979 3493 2075; x_wconf 89' lang='lat' dir='ltr'><strong>Sigillorum</strong></span> <span class='ocrx_word' id='word_1_161' title='bbox 3545 1986 3802 2055; x_wconf 90' lang='lat' dir='ltr'><strong>muni—</strong></span> 
     </span>
     <span class='ocr_line' id='line_1_16' title="bbox 442 2084 3802 2183; baseline 0 -23"><span class='ocrx_word' id='word_1_162' title='bbox 442 2089 632 2160; x_wconf 88' lang='lat' dir='ltr'><strong>mine</strong></span> <span class='ocrx_word' id='word_1_163' title='bbox 684 2086 1040 2183; x_wconf 87' lang='lat' dir='ltr'><strong>praefatae</strong></span> <span class='ocrx_word' id='word_1_164' title='bbox 1094 2085 1326 2160; x_wconf 88' lang='lat' dir='ltr'><strong>domui</strong></span> <span class='ocrx_word' id='word_1_165' title='bbox 1378 2087 1613 2181; x_wconf 90' lang='lat' dir='ltr'><strong>templi</strong></span> <span class='ocrx_word' id='word_1_166' title='bbox 1684 2089 2161 2160; x_wconf 90' lang='lat' dir='ltr'><strong>concessimus</strong></span> <span class='ocrx_word' id='word_1_167' title='bbox 2231 2085 2647 2158; x_wconf 85' lang='lat' dir='ltr'><strong>roboratam.</strong></span> <span class='ocrx_word' id='word_1_168' title='bbox 2751 2084 3002 2158; x_wconf 88' lang='lat' dir='ltr'><strong>Datum</strong></span> <span class='ocrx_word' id='word_1_169' title='bbox 3057 2084 3369 2180; x_wconf 82' lang='lat' dir='ltr'><strong>Quinque</strong></span> <span class='ocrx_word' id='word_1_170' title='bbox 3437 2084 3802 2160; x_wconf 86' lang='lat' dir='ltr'><strong>Ecclesiis</strong></span> 
     </span>
     <span class='ocr_line' id='line_1_17' title="bbox 438 2185 3796 2285; baseline -0 -22"><span class='ocrx_word' id='word_1_171' title='bbox 438 2212 689 2265; x_wconf 90' lang='lat' dir='ltr'><strong>mense</strong></span> <span class='ocrx_word' id='word_1_172' title='bbox 736 2189 951 2283; x_wconf 66' lang='lat' dir='ltr'><strong>majo,</strong></span> <span class='ocrx_word' id='word_1_173' title='bbox 1006 2188 1215 2263; x_wconf 88' lang='lat' dir='ltr'><strong>Anno</strong></span> <span class='ocrx_word' id='word_1_174' title='bbox 1272 2188 1549 2262; x_wconf 85' lang='lat' dir='ltr'><strong>Gratiae</strong></span> <span class='ocrx_word' id='word_1_175' title='bbox 1599 2185 2108 2261; x_wconf 80' lang='lat' dir='ltr'><strong>MCGXXXIX.</strong></span> <span class='ocrx_word' id='word_1_176' title='bbox 2181 2188 2512 2261; x_wconf 88' lang='lat' dir='ltr'><strong>Farcasio</strong></span> <span class='ocrx_word' id='word_1_177' title='bbox 2566 2189 2975 2285; x_wconf 89' lang='lat' dir='ltr'><strong>Praeposito</strong></span> <span class='ocrx_word' id='word_1_178' title='bbox 3030 2187 3103 2260; x_wconf 90' lang='lat' dir='ltr'><strong>S.</strong></span> <span class='ocrx_word' id='word_1_179' title='bbox 3161 2187 3349 2260; x_wconf 91' lang='lat' dir='ltr'><strong>Petri</strong></span> <span class='ocrx_word' id='word_1_180' title='bbox 3402 2192 3796 2277; x_wconf 63' lang='lat' dir='ltr'><strong>existente„</strong></span> 
     </span>
     <span class='ocr_line' id='line_1_18' title="bbox 440 2289 3808 2389; baseline -0.001 -22"><span class='ocrx_word' id='word_1_181' title='bbox 440 2302 521 2367; x_wconf 84' lang='lat' dir='ltr'><strong>et</strong></span> <span class='ocrx_word' id='word_1_182' title='bbox 570 2292 770 2365; x_wconf 84' lang='lat' dir='ltr'><strong>Helia</strong></span> <span class='ocrx_word' id='word_1_183' title='bbox 824 2296 1218 2389; x_wconf 89' lang='lat' dir='ltr'><strong>praeposito</strong></span> <span class='ocrx_word' id='word_1_184' title='bbox 1274 2291 1348 2366; x_wconf 89' lang='lat' dir='ltr'><strong>S.</strong></span> <span class='ocrx_word' id='word_1_185' title='bbox 1410 2292 1791 2383; x_wconf 75' lang='lat' dir='ltr'><strong>Jobannis‚</strong></span> <span class='ocrx_word' id='word_1_186' title='bbox 1861 2290 1954 2364; x_wconf 84' lang='grc' dir='ltr'><strong>Μ.</strong></span> <span class='ocrx_word' id='word_1_187' title='bbox 2022 2291 2284 2364; x_wconf 88' lang='lat' dir='ltr'><strong>Thoma</strong></span> <span class='ocrx_word' id='word_1_188' title='bbox 2357 2291 2651 2364; x_wconf 88' lang='lat' dir='ltr'><strong>Lectore</strong></span> <span class='ocrx_word' id='word_1_189' title='bbox 2702 2292 2776 2366; x_wconf 83' lang='lat' dir='ltr'><strong>S.</strong></span> <span class='ocrx_word' id='word_1_190' title='bbox 2830 2292 3043 2382; x_wconf 69' lang='lat' dir='ltr'><strong>Petri,</strong></span> <span class='ocrx_word' id='word_1_191' title='bbox 3094 2290 3400 2365; x_wconf 87' lang='lat' dir='ltr'><strong>Jurcone</strong></span> <span class='ocrx_word' id='word_1_192' title='bbox 3455 2289 3808 2383; x_wconf 75' lang='lat' dir='ltr'><strong>Cantore.,</strong></span> 
     </span>
     <span class='ocr_line' id='line_1_19' title="bbox 435 2392 3806 2491; baseline 0 -23"><span class='ocrx_word' id='word_1_193' title='bbox 435 2395 817 2470; x_wconf 80' lang='lat' dir='ltr'><strong>Theodoro</strong></span> <span class='ocrx_word' id='word_1_194' title='bbox 876 2395 1205 2486; x_wconf 69' lang='lat' dir='ltr'><strong>Custode,</strong></span> <span class='ocrx_word' id='word_1_195' title='bbox 1261 2399 1589 2489; x_wconf 86' lang='lat' dir='ltr'><strong>magistro</strong></span> <span class='ocrx_word' id='word_1_196' title='bbox 1647 2392 2079 2469; x_wconf 83' lang='lat' dir='ltr'><strong>Cancellario</strong></span> <span class='ocrx_word' id='word_1_197' title='bbox 2151 2395 2665 2469; x_wconf 85' lang='lat' dir='ltr'><strong>Archidiacono</strong></span> <span class='ocrx_word' id='word_1_198' title='bbox 2717 2393 3051 2485; x_wconf 73' lang='lat' dir='ltr'><strong>Marcbia‚</strong></span> <span class='ocrx_word' id='word_1_199' title='bbox 3130 2394 3442 2491; x_wconf 88' lang='lat' dir='ltr'><strong>Tunpino</strong></span> <span class='ocrx_word' id='word_1_200' title='bbox 3513 2394 3806 2468; x_wconf 88' lang='lat' dir='ltr'><strong>Archi-</strong></span> 
     </span>
     <span class='ocr_line' id='line_1_20' title="bbox 434 2497 3812 2593; baseline 0 -21"><span class='ocrx_word' id='word_1_201' title='bbox 434 2498 742 2574; x_wconf 82' lang='lat' dir='ltr'><strong>diacono</strong></span> <span class='ocrx_word' id='word_1_202' title='bbox 793 2500 880 2573; x_wconf 88' lang='lat' dir='ltr'><strong>de</strong></span> <span class='ocrx_word' id='word_1_203' title='bbox 933 2499 1153 2573; x_wconf 90' lang='lat' dir='ltr'><strong>Tolna</strong></span> <span class='ocrx_word' id='word_1_204' title='bbox 1207 2509 1278 2571; x_wconf 92' lang='lat' dir='ltr'><strong>et</strong></span> <span class='ocrx_word' id='word_1_205' title='bbox 1331 2503 1660 2593; x_wconf 87' lang='lat' dir='ltr'><strong>magistro</strong></span> <span class='ocrx_word' id='word_1_206' title='bbox 1713 2498 2085 2573; x_wconf 89' lang='lat' dir='ltr'><strong>Desiderio</strong></span> <span class='ocrx_word' id='word_1_207' title='bbox 2140 2498 2654 2572; x_wconf 85' lang='lat' dir='ltr'><strong>Archidiacono</strong></span> <span class='ocrx_word' id='word_1_208' title='bbox 2687 2497 2776 2571; x_wconf 92' lang='lat' dir='ltr'><strong>de</strong></span> <span class='ocrx_word' id='word_1_209' title='bbox 2802 2498 3106 2593; x_wconf 87' lang='lat' dir='ltr'><strong>Kraigna</strong></span> <span class='ocrx_word' id='word_1_210' title='bbox 3133 2508 3275 2571; x_wconf 89' lang='lat' dir='ltr'><strong>tum</strong></span> <span class='ocrx_word' id='word_1_211' title='bbox 3302 2498 3812 2573; x_wconf 82' lang='lat' dir='ltr'><strong>existentibus-</strong></span> 
     </span>
    </p>
   </div>
   <div class='ocr_carea' id='block_1_3' title="bbox 428 2725 3808 2884">
    <p class='ocr_par' dir='ltr' id='par_1_3' title="bbox 428 2725 3808 2884">
     <span class='ocr_line' id='line_1_21' title="bbox 428 2725 3808 2798; baseline 0 -17"><span class='ocrx_word' id='word_1_212' title='bbox 428 2725 523 2781; x_wconf 73' lang='lat'><strong>81</strong></span> <span class='ocrx_word' id='word_1_213' title='bbox 554 2728 933 2797; x_wconf 79' lang='lat' dir='ltr'><strong>autbograpbo,</strong></span> <span class='ocrx_word' id='word_1_214' title='bbox 969 2735 1231 2782; x_wconf 67' lang='lat' dir='ltr'><strong>ammte</strong></span> <span class='ocrx_word' id='word_1_215' title='bbox 1267 2727 1761 2798; x_wconf 79' lang='lat' dir='ltr'><strong>Quinqnoecclesiis.</strong></span> <span class='ocrx_word' id='word_1_216' title='bbox 1795 2726 1990 2781; x_wconf 76' lang='lat' dir='ltr'><strong>Kollor.</strong></span> <span class='ocrx_word' id='word_1_217' title='bbox 2023 2725 2159 2797; x_wconf 80' lang='lat' dir='ltr'><strong>Epp.</strong></span> <span class='ocrx_word' id='word_1_218' title='bbox 2177 2726 2552 2797; x_wconf 80' lang='lat' dir='ltr'><strong>Quinqueoccl.</strong></span> <span class='ocrx_word' id='word_1_219' title='bbox 2587 2727 2643 2780; x_wconf 85' lang='grc' dir='ltr'><strong>Τ.</strong></span> <span class='ocrx_word' id='word_1_220' title='bbox 2659 2726 2722 2781; x_wconf 90' lang='lat'><strong>11.</strong></span> <span class='ocrx_word' id='word_1_221' title='bbox 2758 2745 2812 2798; x_wconf 91' lang='lat' dir='ltr'><strong>p.</strong></span> <span class='ocrx_word' id='word_1_222' title='bbox 2836 2728 2953 2781; x_wconf 84' lang='grc'><strong>112.</strong></span> <span class='ocrx_word' id='word_1_223' title='bbox 2991 2755 3055 2768; x_wconf 90' lang='lat'>-</span> <span class='ocrx_word' id='word_1_224' title='bbox 3093 2726 3292 2782; x_wconf 65' lang='lat' dir='ltr'><strong>lintona</strong></span> <span class='ocrx_word' id='word_1_225' title='bbox 3329 2725 3394 2780; x_wconf 81' lang='lat'><strong>11.</strong></span> <span class='ocrx_word' id='word_1_226' title='bbox 3414 2725 3478 2782; x_wconf 77' lang='lat' dir='ltr'><strong>G.</strong></span> <span class='ocrx_word' id='word_1_227' title='bbox 3511 2725 3661 2780; x_wconf 79' lang='lat' dir='ltr'><strong>Tem.</strong></span> <span class='ocrx_word' id='word_1_228' title='bbox 3701 2725 3808 2782; x_wconf 74' lang='lat' dir='ltr'><strong>lv·</strong></span> 
     </span>
     <span class='ocr_line' id='line_1_22' title="bbox 757 2812 2738 2884; baseline 0.001 -18"><span class='ocrx_word' id='word_1_229' title='bbox 757 2815 1020 2884; x_wconf 69' lang='lat' dir='ltr'><strong>pag-875.</strong></span> <span class='ocrx_word' id='word_1_230' title='bbox 1053 2841 1123 2855; x_wconf 90' lang='lat'>-</span> <span class='ocrx_word' id='word_1_231' title='bbox 1155 2813 1326 2882; x_wconf 66' lang='lat' dir='ltr'><strong>Fejer.</strong></span> <span class='ocrx_word' id='word_1_232' title='bbox 1373 2812 1553 2867; x_wconf 80' lang='lat' dir='ltr'><strong>Codex</strong></span> <span class='ocrx_word' id='word_1_233' title='bbox 1588 2813 1725 2884; x_wconf 82' lang='lat' dir='ltr'><strong>Dipl.</strong></span> <span class='ocrx_word' id='word_1_234' title='bbox 1759 2814 1890 2884; x_wconf 78' lang='lat' dir='ltr'><strong>Reg.</strong></span> <span class='ocrx_word' id='word_1_235' title='bbox 1924 2812 2155 2883; x_wconf 69' lang='lat' dir='ltr'><strong>nungs.</strong></span> <span class='ocrx_word' id='word_1_236' title='bbox 2200 2813 2282 2866; x_wconf 76' lang='lat' dir='ltr'><strong>w.</strong></span> <span class='ocrx_word' id='word_1_237' title='bbox 2316 2813 2426 2867; x_wconf 78' lang='lat' dir='ltr'><strong>vol.</strong></span> <span class='ocrx_word' id='word_1_238' title='bbox 2457 2813 2501 2868; x_wconf 88' lang='lat'><strong>1.</strong></span> <span class='ocrx_word' id='word_1_239' title='bbox 2534 2831 2589 2884; x_wconf 91' lang='lat' dir='ltr'><strong>p.</strong></span> <span class='ocrx_word' id='word_1_240' title='bbox 2616 2814 2738 2868; x_wconf 78' lang='lat'><strong>172.</strong></span> 
     </span>
    </p>
   </div>
   <div class='ocr_carea' id='block_1_4' title="bbox 1798 3086 2422 3100">
    <p class='ocr_par' dir='ltr' id='par_1_4' title="bbox 1798 3086 2422 3100">
     <span class='ocr_line' id='line_1_23' title="bbox 1798 3086 2422 3100; baseline 0 2817"><span class='ocrx_word' id='word_1_241' title='bbox 1798 3086 2422 3100; x_wconf 95' lang='lat' dir='ltr'><strong> </strong></span> 
     </span>
    </p>
   </div>
   <div class='ocr_carea' id='block_1_5' title="bbox 1853 3417 2373 3800">
    <p class='ocr_par' dir='ltr' id='par_1_5' title="bbox 1853 3417 2373 3800">
     <span class='ocr_line' id='line_1_24' title="bbox 2053 3417 2181 3500; baseline -0.016 1"><span class='ocrx_word' id='word_1_242' title='bbox 2053 3417 2181 3500; x_wconf 76' lang='lat' dir='ltr'><strong>L.</strong></span> 
     </span>
     <span class='ocr_line' id='line_1_25' title="bbox 1853 3727 2373 3800; baseline -0.006 0"><span class='ocrx_word' id='word_1_243' title='bbox 1853 3730 2064 3800; x_wconf 76' lang='lat' dir='ltr'><strong>Anno</strong></span> <span class='ocrx_word' id='word_1_244' title='bbox 2135 3727 2172 3799; x_wconf 88' lang='lat'><strong><em>1</em></strong></span> <span class='ocrx_word' id='word_1_245' title='bbox 2188 3727 2373 3799; x_wconf 70' lang='lat'><strong>240.</strong></span> 
     </span>
    </p>
   </div>
   <div class='ocr_carea' id='block_1_6' title="bbox 438 4012 3822 4372">
    <p class='ocr_par' dir='ltr' id='par_1_6' title="bbox 438 4012 3822 4372">
     <span class='ocr_line' id='line_1_26' title="bbox 439 4012 3822 4121; baseline 0 -21"><span class='ocrx_word' id='word_1_246' title='bbox 439 4018 1190 4121; x_wconf 69' lang='lat' dir='ltr'><strong>colomanus,</strong></span> <span class='ocrx_word' id='word_1_247' title='bbox 1286 4017 1823 4097; x_wconf 80' lang='lat' dir='ltr'><strong>Slavoniae</strong></span> <span class='ocrx_word' id='word_1_248' title='bbox 1915 4013 2171 4119; x_wconf 83' lang='lat' dir='ltr'><strong>Dux,</strong></span> <span class='ocrx_word' id='word_1_249' title='bbox 2286 4019 2875 4095; x_wconf 88' lang='lat' dir='ltr'><strong>comunitati</strong></span> <span class='ocrx_word' id='word_1_250' title='bbox 2975 4012 3601 4094; x_wconf 88' lang='lat' dir='ltr'><strong>Petriniensi</strong></span> <span class='ocrx_word' id='word_1_251' title='bbox 3707 4020 3822 4100; x_wconf 82' lang='lat' dir='ltr'><strong>in</strong></span> 
     </span>
     <span class='ocr_line' id='line_1_27' title="bbox 438 4151 3818 4259; baseline 0 -23"><span class='ocrx_word' id='word_1_252' title='bbox 438 4157 910 4236; x_wconf 78' lang='lat' dir='ltr'><strong>confinio</strong></span> <span class='ocrx_word' id='word_1_253' title='bbox 994 4155 1338 4234; x_wconf 88' lang='lat' dir='ltr'><strong>Banali</strong></span> <span class='ocrx_word' id='word_1_254' title='bbox 1433 4159 1695 4234; x_wconf 89' lang='lat' dir='ltr'><strong>sitae</strong></span> <span class='ocrx_word' id='word_1_255' title='bbox 1786 4163 2306 4259; x_wconf 88' lang='lat' dir='ltr'><strong>potestate</strong></span> <span class='ocrx_word' id='word_1_256' title='bbox 2397 4158 2680 4259; x_wconf 88' lang='lat' dir='ltr'><strong>regia</strong></span> <span class='ocrx_word' id='word_1_257' title='bbox 2774 4151 3326 4232; x_wconf 87' lang='lat' dir='ltr'><strong>libertates</strong></span> <span class='ocrx_word' id='word_1_258' title='bbox 3400 4162 3494 4232; x_wconf 90' lang='lat' dir='ltr'><strong>et</strong></span> <span class='ocrx_word' id='word_1_259' title='bbox 3563 4152 3818 4258; x_wconf 87' lang='lat' dir='ltr'><strong>jura</strong></span> 
     </span>
     <span class='ocr_line' id='line_1_28' title="bbox 1908 4292 2337 4372; baseline 0.005 -2"><span class='ocrx_word' id='word_1_260' title='bbox 1908 4292 2337 4372; x_wconf 66' lang='lat' dir='ltr'><strong>confert</strong></span> 
     </span>
    </p>
   </div>
   <div class='ocr_carea' id='block_1_7' title="bbox 327 4556 3830 5496">
    <p class='ocr_par' dir='ltr' id='par_1_7' title="bbox 327 4556 3830 5496">
     <span class='ocr_line' id='line_1_29' title="bbox 766 4556 3820 4657; baseline 0 -20"><span class='ocrx_word' id='word_1_261' title='bbox 766 4563 1183 4638; x_wconf 88' lang='lat' dir='ltr'><strong>Colomanus</strong></span> <span class='ocrx_word' id='word_1_262' title='bbox 1237 4563 1351 4637; x_wconf 88' lang='lat' dir='ltr'><strong>dei</strong></span> <span class='ocrx_word' id='word_1_263' title='bbox 1402 4563 1638 4657; x_wconf 87' lang='lat' dir='ltr'><strong>gracia</strong></span> <span class='ocrx_word' id='word_1_264' title='bbox 1691 4582 1824 4632; x_wconf 84' lang='lat' dir='ltr'><strong>rex</strong></span> <span class='ocrx_word' id='word_1_265' title='bbox 1872 4557 2343 4633; x_wconf 85' lang='lat' dir='ltr'><strong>Ruthenorum</strong></span> <span class='ocrx_word' id='word_1_266' title='bbox 2397 4571 2468 4634; x_wconf 90' lang='lat' dir='ltr'><strong>et</strong></span> <span class='ocrx_word' id='word_1_267' title='bbox 2538 4559 2680 4635; x_wconf 84' lang='lat' dir='ltr'><strong>dux</strong></span> <span class='ocrx_word' id='word_1_268' title='bbox 2729 4564 2954 4638; x_wconf 89' lang='lat' dir='ltr'><strong>tocius</strong></span> <span class='ocrx_word' id='word_1_269' title='bbox 3025 4556 3397 4635; x_wconf 88' lang='lat' dir='ltr'><strong>Sclauonie</strong></span> <span class='ocrx_word' id='word_1_270' title='bbox 3469 4562 3820 4638; x_wconf 81' lang='lat' dir='ltr'><strong>omnibns</strong></span> 
     </span>
     <span class='ocr_line' id='line_1_30' title="bbox 441 4662 3819 4761; baseline 0.001 -21"><span class='ocrx_word' id='word_1_271' title='bbox 441 4662 703 4740; x_wconf 79' lang='lat' dir='ltr'><strong>Gbristi</strong></span> <span class='ocrx_word' id='word_1_272' title='bbox 754 4666 1095 4758; x_wconf 69' lang='lat' dir='ltr'><strong>fidelibus,</strong></span> <span class='ocrx_word' id='word_1_273' title='bbox 1144 4665 1233 4737; x_wconf 90' lang='lat' dir='ltr'><strong>ad</strong></span> <span class='ocrx_word' id='word_1_274' title='bbox 1283 4687 1458 4761; x_wconf 81' lang='lat' dir='ltr'><strong>quos</strong></span> <span class='ocrx_word' id='word_1_275' title='bbox 1510 4685 1800 4760; x_wconf 87' lang='lat' dir='ltr'><strong>presens</strong></span> <span class='ocrx_word' id='word_1_276' title='bbox 1855 4666 2180 4760; x_wconf 86' lang='lat' dir='ltr'><strong>scriptum</strong></span> <span class='ocrx_word' id='word_1_277' title='bbox 2232 4669 2649 4760; x_wconf 74' lang='lat' dir='ltr'><strong>peruenerit,</strong></span> <span class='ocrx_word' id='word_1_278' title='bbox 2705 4666 2994 4740; x_wconf 89' lang='lat' dir='ltr'><strong>salutem</strong></span> <span class='ocrx_word' id='word_1_279' title='bbox 3045 4669 3117 4738; x_wconf 91' lang='lat' dir='ltr'><strong>in</strong></span> <span class='ocrx_word' id='word_1_280' title='bbox 3170 4686 3258 4739; x_wconf 95' lang='lat' dir='ltr'><strong>eo</strong></span> <span class='ocrx_word' id='word_1_281' title='bbox 3314 4667 3430 4760; x_wconf 87' lang='lat' dir='ltr'><strong>qui</strong></span> <span class='ocrx_word' id='word_1_282' title='bbox 3483 4664 3600 4737; x_wconf 89' lang='lat' dir='ltr'><strong>dat</strong></span> <span class='ocrx_word' id='word_1_283' title='bbox 3663 4689 3819 4741; x_wconf 71' lang='lat' dir='ltr'><strong>sa—</strong></span> 
     </span>
     <span class='ocr_line' id='line_1_31' title="bbox 447 4766 3830 4864; baseline 0.001 -19"><span class='ocrx_word' id='word_1_284' title='bbox 447 4770 661 4845; x_wconf 83' lang='lat' dir='ltr'><strong>lutem</strong></span> <span class='ocrx_word' id='word_1_285' title='bbox 706 4767 1016 4862; x_wconf 82' lang='lat' dir='ltr'><strong>regibus.</strong></span> <span class='ocrx_word' id='word_1_286' title='bbox 1123 4766 1292 4841; x_wconf 83' lang='lat' dir='ltr'><strong>Cum</strong></span> <span class='ocrx_word' id='word_1_287' title='bbox 1346 4767 1433 4842; x_wconf 90' lang='lat' dir='ltr'><strong>de</strong></span> <span class='ocrx_word' id='word_1_288' title='bbox 1486 4766 1985 4841; x_wconf 90' lang='lat' dir='ltr'><strong>beneuolencia</strong></span> <span class='ocrx_word' id='word_1_289' title='bbox 2040 4789 2125 4840; x_wconf 88' lang='lat' dir='ltr'><strong>ac</strong></span> <span class='ocrx_word' id='word_1_290' title='bbox 2178 4766 2266 4838; x_wconf 92' lang='lat' dir='ltr'><strong>de</strong></span> <span class='ocrx_word' id='word_1_291' title='bbox 2317 4768 2917 4864; x_wconf 83' lang='lat' dir='ltr'><strong>predestinacione</strong></span> <span class='ocrx_word' id='word_1_292' title='bbox 2971 4771 3216 4843; x_wconf 89' lang='lat' dir='ltr'><strong>summi</strong></span> <span class='ocrx_word' id='word_1_293' title='bbox 3265 4770 3458 4864; x_wconf 86' lang='lat' dir='ltr'><strong>regis</strong></span> <span class='ocrx_word' id='word_1_294' title='bbox 3509 4766 3598 4840; x_wconf 91' lang='lat' dir='ltr'><strong>ad</strong></span> <span class='ocrx_word' id='word_1_295' title='bbox 3661 4770 3830 4847; x_wconf 74' lang='lat' dir='ltr'><strong>hoc</strong></span> 
     </span>
     <span class='ocr_line' id='line_1_32' title="bbox 444 4870 3828 4967; baseline -0.001 -15"><span class='ocrx_word' id='word_1_296' title='bbox 444 4894 690 4952; x_wconf 70' lang='lat' dir='ltr'><strong>sumus</strong></span> <span class='ocrx_word' id='word_1_297' title='bbox 743 4872 1186 4967; x_wconf 67' lang='lat' dir='ltr'><strong>preordinati,</strong></span> <span class='ocrx_word' id='word_1_298' title='bbox 1237 4881 1311 4944; x_wconf 90' lang='lat' dir='ltr'><strong>ut</strong></span> <span class='ocrx_word' id='word_1_299' title='bbox 1364 4871 1652 4966; x_wconf 89' lang='lat' dir='ltr'><strong>singulis</strong></span> <span class='ocrx_word' id='word_1_300' title='bbox 1705 4874 1773 4943; x_wconf 91' lang='lat' dir='ltr'><strong>in</strong></span> <span class='ocrx_word' id='word_1_301' title='bbox 1812 4870 2313 4944; x_wconf 80' lang='lat' dir='ltr'><strong>iurisdiccione</strong></span> <span class='ocrx_word' id='word_1_302' title='bbox 2366 4880 2602 4945; x_wconf 84' lang='lat' dir='ltr'><strong>nostra</strong></span> <span class='ocrx_word' id='word_1_303' title='bbox 2671 4874 3054 4947; x_wconf 87' lang='lat' dir='ltr'><strong>constitutis</strong></span> <span class='ocrx_word' id='word_1_304' title='bbox 3126 4874 3339 4947; x_wconf 90' lang='lat' dir='ltr'><strong>simus</strong></span> <span class='ocrx_word' id='word_1_305' title='bbox 3411 4874 3828 4950; x_wconf 83' lang='lat' dir='ltr'><strong>secundum</strong></span> 
     </span>
     <span class='ocr_line' id='line_1_33' title="bbox 444 4973 3828 5078; baseline 0.001 -27"><span class='ocrx_word' id='word_1_306' title='bbox 444 4976 839 5078; x_wconf 78' lang='lat' dir='ltr'><strong>apostolum</strong></span> <span class='ocrx_word' id='word_1_307' title='bbox 892 4978 962 5048; x_wconf 92' lang='lat' dir='ltr'><strong>in</strong></span> <span class='ocrx_word' id='word_1_308' title='bbox 1013 4977 1281 5048; x_wconf 88' lang='lat' dir='ltr'><strong>iusticia</strong></span> <span class='ocrx_word' id='word_1_309' title='bbox 1345 4973 1739 5064; x_wconf 67' lang='lat' dir='ltr'><strong>debitores.</strong></span> <span class='ocrx_word' id='word_1_310' title='bbox 1809 4978 2222 5071; x_wconf 87' lang='lat' dir='ltr'><strong>propensius</strong></span> <span class='ocrx_word' id='word_1_311' title='bbox 2277 4982 2349 5048; x_wconf 91' lang='lat' dir='ltr'><strong>et</strong></span> <span class='ocrx_word' id='word_1_312' title='bbox 2417 4975 2785 5073; x_wconf 88' lang='lat' dir='ltr'><strong>specialius</strong></span> <span class='ocrx_word' id='word_1_313' title='bbox 2836 4973 3242 5072; x_wconf 71' lang='lat' dir='ltr'><strong>hospitibus,</strong></span> <span class='ocrx_word' id='word_1_314' title='bbox 3315 4978 3426 5072; x_wconf 89' lang='lat' dir='ltr'><strong>qui</strong></span> <span class='ocrx_word' id='word_1_315' title='bbox 3479 4986 3828 5053; x_wconf 87' lang='lat' dir='ltr'><strong>nostrum</strong></span> 
     </span>
     <span class='ocr_line' id='line_1_34' title="bbox 446 5075 3818 5175; baseline 0 -19"><span class='ocrx_word' id='word_1_316' title='bbox 446 5079 590 5156; x_wconf 75' lang='lat' dir='ltr'><strong>sibi</strong></span> <span class='ocrx_word' id='word_1_317' title='bbox 641 5081 985 5155; x_wconf 87' lang='lat' dir='ltr'><strong>senserint</strong></span> <span class='ocrx_word' id='word_1_318' title='bbox 1036 5075 1408 5153; x_wconf 88' lang='lat' dir='ltr'><strong>subsidium</strong></span> <span class='ocrx_word' id='word_1_319' title='bbox 1461 5077 1911 5175; x_wconf 62' lang='lat' dir='ltr'><strong>profuturum.</strong></span> <span class='ocrx_word' id='word_1_320' title='bbox 1966 5077 2195 5152; x_wconf 90' lang='lat' dir='ltr'><strong>debite</strong></span> <span class='ocrx_word' id='word_1_321' title='bbox 2248 5079 2564 5153; x_wconf 89' lang='lat' dir='ltr'><strong>uolumus</strong></span> <span class='ocrx_word' id='word_1_322' title='bbox 2617 5081 2888 5154; x_wconf 88' lang='lat' dir='ltr'><strong>iusticie</strong></span> <span class='ocrx_word' id='word_1_323' title='bbox 2934 5101 3274 5153; x_wconf 86' lang='lat' dir='ltr'><strong>exercere</strong></span> <span class='ocrx_word' id='word_1_324' title='bbox 3304 5079 3818 5175; x_wconf 88' lang='lat' dir='ltr'><strong>complemen-</strong></span> 
     </span>
     <span class='ocr_line' id='line_1_35' title="bbox 441 5180 3822 5280; baseline 0 -19"><span class='ocrx_word' id='word_1_325' title='bbox 441 5192 616 5261; x_wconf 78' lang='lat' dir='ltr'><strong>tum.</strong></span> <span class='ocrx_word' id='word_1_326' title='bbox 668 5183 844 5257; x_wconf 87' lang='lat' dir='ltr'><strong>Hinc</strong></span> <span class='ocrx_word' id='word_1_327' title='bbox 882 5193 1016 5275; x_wconf 69' lang='lat' dir='ltr'><strong>est,</strong></span> <span class='ocrx_word' id='word_1_328' title='bbox 1069 5180 1252 5278; x_wconf 88' lang='lat' dir='ltr'><strong>quod</strong></span> <span class='ocrx_word' id='word_1_329' title='bbox 1299 5205 1431 5258; x_wconf 91' lang='lat' dir='ltr'><strong>nos</strong></span> <span class='ocrx_word' id='word_1_330' title='bbox 1482 5192 1621 5256; x_wconf 88' lang='lat' dir='ltr'><strong>tam</strong></span> <span class='ocrx_word' id='word_1_331' title='bbox 1670 5186 2107 5280; x_wconf 88' lang='lat' dir='ltr'><strong>presencium</strong></span> <span class='ocrx_word' id='word_1_332' title='bbox 2170 5206 2373 5279; x_wconf 80' lang='lat' dir='ltr'><strong>quam</strong></span> <span class='ocrx_word' id='word_1_333' title='bbox 2424 5182 2804 5258; x_wconf 87' lang='lat' dir='ltr'><strong>futurorum</strong></span> <span class='ocrx_word' id='word_1_334' title='bbox 2855 5184 3173 5258; x_wconf 89' lang='lat' dir='ltr'><strong>uolumus</strong></span> <span class='ocrx_word' id='word_1_335' title='bbox 3226 5185 3482 5257; x_wconf 91' lang='lat' dir='ltr'><strong>noticie</strong></span> <span class='ocrx_word' id='word_1_336' title='bbox 3536 5181 3822 5261; x_wconf 85' lang='lat' dir='ltr'><strong>decla—</strong></span> 
     </span>
     <span class='ocr_line' id='line_1_36' title="bbox 327 5279 3828 5385; baseline 0.001 -24"><span class='ocrx_word' id='word_1_337' title='bbox 327 5279 331 5292; x_wconf 83' lang='lat'>&#39;</span> <span class='ocrx_word' id='word_1_338' title='bbox 444 5309 639 5376; x_wconf 63' lang='lat' dir='ltr'><strong>rare.</strong></span> <span class='ocrx_word' id='word_1_339' title='bbox 688 5285 869 5385; x_wconf 80' lang='lat' dir='ltr'><strong>quod</strong></span> <span class='ocrx_word' id='word_1_340' title='bbox 921 5284 1298 5385; x_wconf 84' lang='lat' dir='ltr'><strong>hospitibus</strong></span> <span class='ocrx_word' id='word_1_341' title='bbox 1350 5290 1606 5363; x_wconf 86' lang='lat' dir='ltr'><strong>nostris</strong></span> <span class='ocrx_word' id='word_1_342' title='bbox 1659 5290 1730 5361; x_wconf 88' lang='lat' dir='ltr'><strong>in</strong></span> <span class='ocrx_word' id='word_1_343' title='bbox 1777 5285 2053 5361; x_wconf 88' lang='lat' dir='ltr'><strong>Petrina</strong></span> <span class='ocrx_word' id='word_1_344' title='bbox 2108 5285 2712 5380; x_wconf 74' lang='lat' dir='ltr'><strong>commorantibus,</strong></span> <span class='ocrx_word' id='word_1_345' title='bbox 2764 5287 2972 5361; x_wconf 88' lang='lat' dir='ltr'><strong>talem</strong></span> <span class='ocrx_word' id='word_1_346' title='bbox 3025 5286 3162 5361; x_wconf 88' lang='lat' dir='ltr'><strong>boc</strong></span> <span class='ocrx_word' id='word_1_347' title='bbox 3214 5285 3420 5363; x_wconf 90' lang='lat' dir='ltr'><strong>modo</strong></span> <span class='ocrx_word' id='word_1_348' title='bbox 3477 5308 3828 5364; x_wconf 82' lang='lat' dir='ltr'><strong>conces-</strong></span> 
     </span>
     <span class='ocr_line' id='line_1_37' title="bbox 443 5390 3823 5496; baseline 0.002 -32"><span class='ocrx_word' id='word_1_349' title='bbox 443 5391 670 5496; x_wconf 69' lang='lat' dir='ltr'><strong>simus</strong></span> <span class='ocrx_word' id='word_1_350' title='bbox 721 5390 1143 5466; x_wconf 86' lang='lat' dir='ltr'><strong>libertatem:</strong></span> <span class='ocrx_word' id='word_1_351' title='bbox 1197 5399 1271 5467; x_wconf 91' lang='lat' dir='ltr'><strong>ut</strong></span> <span class='ocrx_word' id='word_1_352' title='bbox 1321 5393 1513 5491; x_wconf 86' lang='lat' dir='ltr'><strong>ipsos</strong></span> <span class='ocrx_word' id='word_1_353' title='bbox 1566 5392 1790 5467; x_wconf 89' lang='lat' dir='ltr'><strong>nullus</strong></span> <span class='ocrx_word' id='word_1_354' title='bbox 1842 5391 2140 5466; x_wconf 77' lang='lat' dir='ltr'><strong>iudicum</strong></span> <span class='ocrx_word' id='word_1_355' title='bbox 2193 5397 2583 5466; x_wconf 81' lang='lat' dir='ltr'><strong>nostrorum</strong></span> <span class='ocrx_word' id='word_1_356' title='bbox 2633 5400 2869 5492; x_wconf 88' lang='lat' dir='ltr'><strong>preter</strong></span> <span class='ocrx_word' id='word_1_357' title='bbox 2921 5393 3255 5467; x_wconf 88' lang='lat' dir='ltr'><strong>maiorem</strong></span> <span class='ocrx_word' id='word_1_358' title='bbox 3298 5392 3465 5467; x_wconf 81' lang='lat' dir='ltr'><strong>ville</strong></span> <span class='ocrx_word' id='word_1_359' title='bbox 3518 5412 3823 5490; x_wconf 64' lang='lat' dir='ltr'><strong>eorum,</strong></span> 
     </span>
    </p>
   </div>
  </div>
 </body>
</html>
