3950 5917
3284 418 3444 506 23²·

106 622 423 700 m
470 626 567 699 in-
594 626 700 701 eis
750 646 882 723 per
909 624 1246 701 curricula
1296 635 1680 726 temporum
1732 635 2234 724 augmentetur,
2288 647 2417 707 eos
2469 625 2910 726 amplioribus
2960 625 3452 704 munificencia

110 731 314 825 rugio
369 727 675 807 brachiis
722 732 1129 827 amplexari,
1206 740 1289 805 vt
1332 735 1405 805 in
1457 732 1608 806 aliis
1663 735 1870 810 etiam
1922 734 2246 829 exemplo
2317 731 2478 807 inde
2530 741 2799 829 sumpto
2851 730 3193 805 fidelitatis
3244 734 3450 827 igni-

110 833 311 907 culus
395 833 837 908 accendatur.
940 833 1241 910 Proinde
1292 835 1380 910 ad
1431 839 1915 917 vniuersorum
1984 839 2290 917 notitiam
2365 836 2604 911 barum
2658 839 2844 911 serie
2887 836 3206 914 volumus
3259 856 3442 933 per-

112 939 396 1031 uenire,
465 935 650 1033 quod
680 1026 685 1033 ,
719 936 1139 1015 accedentes
1191 938 1277 1012 ad
1331 949 1569 1015 nostre
1618 938 1998 1015 Maiestatis
2066 943 2503 1037 presenciam
2572 938 2948 1035 Gregorius
3025 937 3316 1036 Dragoy
3369 949 3446 1014 et

106 1039 307 1116 Elius
364 1039 708 1137 quondam
760 1040 1091 1133 Padoani,
1166 1041 1704 1118 Ambaxiatores
1757 1053 1831 1117 et
1866 1046 2099 1117 nuncii
2148 1042 2449 1119 fidelium
2502 1055 2894 1118 nostrorum
2936 1043 3311 1116 Rectornm
3365 1051 3446 1117 et

112 1148 507 1219 comunis
559 1148 851 1219 ciuitatis
904 1145 1428 1243 Sybiniciensis,
1480 1152 1759 1222 nomine
1812 1158 1884 1222 et
1933 1151 2094 1222 viee
2145 1148 2572 1242 eorumdem,
2625 1145 2964 1243 quoddam
3005 1147 3441 1243 priuilegium

108 1246 470 1344 magnifici
518 1252 652 1323 viri
698 1248 1032 1325 lobannis
1085 1250 1246 1324 dicti
1300 1250 1517 1342 Cbnz,
1593 1251 1766 1324 Bani
1815 1254 2021 1327 totins
2061 1248 2352 1327 Croacie
2396 1262 2469 1326 et
2498 1252 2880 1344 Dalmacie,
2934 1273 3142 1346 super
3194 1271 3441 1324 eorum

108 1350 575 1443 ubertatibus,
627 1351 911 1446 iuribus,
983 1357 1265 1449 graciis,
1318 1353 1814 1429 donacionibus
1868 1366 1938 1429 et
1991 1355 2594 1431 consuetudinibus
2660 1354 3049 1429 confectum
3104 1364 3174 1427 et
3228 1376 3444 1428 ema-

104 1466 341 1530 nat-m
424 1456 630 1531 nobis
702 1467 1023 1531 curarunt
1101 1456 1474 1550 exhibere3
1548 1469 1864 1555 petentes
1932 1480 2066 1534 nos
2132 1482 2226 1533 ex
2274 1470 2469 1557 parte
2539 1459 2873 1533 dictorum
2937 1458 3310 1531 Raetorum
3365 1467 3444 1531 et

108 1563 505 1633 mannis
562 1559 903 1634 humiliter
954 1570 1029 1635 et
1077 1561 1355 1654 deuote,
1422 1572 1503 1637 vt
1550 1567 1774 1659 ipsum
1837 1564 2264 1661 priuilegium
2316 1574 2387 1638 et
2434 1561 2812 1653 libertates,
2881 1565 3056 1655 iura,
3126 1565 3432 1656 graciae,

108 1662 574 1757 homones,
652 1665 1184 1740 consuetudines
1262 1670 1334 1754 in
1386 1689 1474 1741 eo
1529 1687 1934 1763 expressas,-
2007 1676 2399 1763 acceptare,
2477 1667 2885 1765 approbare,
2964 1664 3307 1739 ratificare
3362 1674 3438 1739 et

100 1776 353 1842 mo
408 1766 852 1862 dignaremur
894 1771 1252 1865 priuilegio
1308 1769 1738 1845 confirmare.
1845 1767 2053 1846 Gaius
2093 1771 2378 1869 quidem
2427 1772 2767 1868 priuilegii
2817 1781 3020 1845 tenor
3069 1779 3179 1844 est
3230 1769 3431 1844 talis·

102 1868 253 1947 Nos
302 1870 629 1945 Ioannes
682 1871 889 1965 (vide
938 1871 1023 1947 N.
1075 1872 1329 1967 XCV).
1434 1873 1581 1948 Nos
1630 1877 1863 1970 itaque
1914 1873 2370 1971 peticionibus
2419 1874 2881 1972 predictorum
2934 1872 3232 1947 fidelium
3286 1895 3436 1947 no-

106 1985 412 2051 mmm
442 1974 819 2049 Rectorum
858 1986 928 2050 et
962 1975 1382 2070 Communis,
1436 1978 1636 2053 nobis
1686 2000 1815 2074 per
1864 1974 2087 2051 dictos
2141 2000 2382 2051 eorum
2434 1977 2968 2055 ambassiatores
3018 1988 3088 2049 et
3138 1979 3437 2050 nuncios

106 2078 455 2153 tun-iliter
532 2084 896 2176 porrectis,
975 2079 1347 2154 liberaliter
1397 2083 1723 2172 inclinati,
1792 2093 2171 2178 pretactum
2222 2082 2647 2179 priuilegium
2700 2103 2838 2157 non
2893 2081 3235 2173 abrasum,
3286 2102 3434 2157 non

110 2183 598 2273 melianum,
667 2206 800 2256 nec
851 2188 923 2255 in
975 2186 1196 2280 aliqua
1264 2189 1367 2259 sui
1436 2195 1631 2283 parte
1684 2188 2033 2274 viciatum,
2103 2185 2534 2281 presentibus
2586 2186 2674 2260 de
2724 2185 2946 2263 verbo
2999 2184 3086 2257 ad
3137 2181 3432 2259 verbum

14 2374 15 2379 Ἰ
104 2290 468 2375 insertum,
542 2288 742 2361 simul
793 2310 946 2360 cum
1001 2287 1200 2363 dietis
1254 2310 1492 2362 eorum
1560 2287 2009 2380 libertatibus
2075 2289 2362 2384 iuribus,
2431 2293 2710 2386 graciis,
2783 2288 3302 2380 donacionibus,

108 2388 723 2465 eom-etudinibus
773 2394 843 2464 in
899 2392 1148 2465 eodem
1201 2396 1584 2489 expressis
1655 2402 2094 2488 acceptamus
2155 2403 2227 2467 et
2278 2393 2366 2468 de
2419 2394 2830 2491 plenitudine
2901 2402 3142 2467 nostre
3190 2391 3430 2465 Maie-

14 2524 15 2593 ss
108 2499 303 2567 stum
385 2516 518 2590 pro
569 2493 830 2567 eisdem
893 2494 1304 2570 Rectoribus
1359 2505 1430 2571 et
1483 2496 1837 2572 Communi
1914 2502 2257 2594 presentis
2331 2499 2669 2594 priuilegii
2749 2502 2964 2571 nostri
3040 2499 3428 2591 patrocinio

14 2596 17 2635 Ᾰ
109 2598 622 2672 confirmamus.
727 2599 804 2671 In
877 2604 1067 2675 euius
1137 2604 1240 2673 rei
1309 2605 1708 2674 memoriam
1782 2611 2315 2698 perpetuamque
2368 2600 2750 2676 firmitatem
2818 2609 3178 2698 presentes
3233 2622 3428 2673 con-

102 2804 329 2880 fletis
380 2808 631 2895 nostri,
695 2806 947 2895 dileeti,
1000 2807 1420 2882 venerabilis
1472 2807 1692 2883 Patris
1741 2808 2018 2882 Domini
2066 2807 2360 2900 Nicolai,
2411 2809 2935 2906 Archiepiscopi
2985 2806 3424 2899 euboensis,

104 2908 271 2981 aule
318 2921 555 2985 nostre
610 2908 1040 3004 Cancellarii,
1092 2911 1309 2985 XVII.
1360 2910 1511 2985 Kal.
1563 2911 1888 2986 Januarii.
1941 2912 2149 2986 Anno
2185 2913 2461 2987 Domini
2509 2912 2798 2988 mccc.
2853 2915 3426 3010 quinquagesimo

106 3022 386 3085 omno.
448 3010 680 3107 Regni
751 3024 974 3087 autem
1044 3019 1263 3090 nostri
1318 3037 1498 3090 anno
1549 3015 1734 3090 XVI.
1839 3015 2367 3092 venerabilibus
2419 3021 2489 3089 in
2544 3015 2815 3092 Christo
2865 3017 3205 3108 Patribus,
3256 3016 3430 3090 Do·-

104 3120 301 3189 ninis
342 3116 642 3191 Nicolao
676 3117 1160 3213 strigoniensi,
1213 3121 1485 3216 locique
1538 3121 1847 3195 eiusdem
1900 3119 2167 3195 Comite
2219 3131 2575 3218 perpetuo,
2630 3132 2700 3195 et
2724 3120 3116 3216 Huggolino
3155 3121 3416 3218 Spala-

108 3225 279 3292 tensi
326 3222 923 3319 Arebiepiscopis,
994 3223 1284 3295 Nicolao
1339 3224 1693 3318 Agriensi,
1762 3224 2114 3297 Demetrio
2169 3222 2635 3316 waradiensi,
2706 3223 2995 3298 Nicolao
3051 3225 3425 3320 Quinque-

376 3330 562 3417 ensi,
631 3326 990 3400 Dominico
1062 3327 1566 3425 Transyluano,
1639 3327 2019 3401 Colomano
2091 3327 2462 3419 Jauriensi,
2529 3328 2850 3403 Ladislao
2905 3330 3130 3402 eleeto
3182 3323 3424 3402 Wes-

94 3432 480 3523 piuiensi,
518 3429 778 3511 Thema
814 3429 1297 3523 Chanadiensi,
1331 3429 1697 3529 Mycbaele
1731 3430 2118 3524 Waciensi,
2161 3432 2369 3509 Petro
2403 3431 2776 3523 Boznensi,
2812 3432 3158 3522 fratribus,
3211 3431 3420 3506 Tho-

92 3554 202 3606 ιιι
255 3533 680 3632 syrmiensi,
751 3534 1101 3631 Stephano
1155 3535 1479 3611 Nitriensi
1549 3546 1621 3608 et
1678 3535 1912 3610 Blasio
1964 3535 2411 3627 Tinniniensi,
2481 3537 2950 3610 Ecclesiamm
3126 3539 3418 3633 iscopis,

88 3635 457 3713 Ecclesias
528 3638 660 3712 Dei
731 3637 1026 3713 feliciter
1101 3638 1656 3734 gubernantibus.
1761 3638 2148 3735 Magnificis
2217 3643 2389 3715 viris
2457 3638 2747 3715 Nicolao
2799 3640 3025 3715 Konth
3019 3535 3422 3734 Egalatino,

84 3742 381 3816 Andron
430 3741 807 3839 Wayuoda
867 3742 1371 3840 Transyluano,
1436 3741 1633 3842 Gyko
1686 3747 2017 3839 magistro
2066 3745 2600 3819 Tauernicorum
2656 3756 3071 3837 nostrorum,
3143 3742 3415 3819 Gomite

86 3842 386 3920 riccho
441 3846 537 3920 de
586 3846 844 3940 Zeech,
920 3846 1167 3921 Judice
1219 3843 1466 3921 Curiae
1518 3856 1782 3940 nostre,
1850 3846 2140 3922 Nicolao
2193 3848 2283 3923 de
2332 3848 2657 3923 Machow
2706 3850 2927 3938 Bano,
2998 3848 3420 3924 Leustachio

80 3947 277 4024 Bono
360 3953 594 4024 tocius
656 3951 1027 4025 Sclauonie
1078 3951 1410 4025 Banatum
1458 3961 1765 4042 tenente,
1822 3950 2088 4025 Comite
2124 3950 2569 4048 symigiensi,
2620 3953 2949 4027 Tolnensi
2984 3964 3055 4025 et
3087 3952 3416 4044 Albensi,

82 4050 367 4129 Leukas
437 4055 920 4151 Dapiferorum
1002 4065 1073 4128 et
1148 4055 1660 4146 Pincernarum,
1728 4056 2069 4153 Dyonisio
2138 4055 2576 4149 Agazonum,
2646 4066 2718 4128 et
2786 4056 3046 4128 Thoma
3122 4054 3406 4129 Janito-

80 4178 227 4232 1-
278 4168 688 4233 nostrorum
739 4163 1111 4254 magistris,
1166 4181 1253 4232 ac
1303 4159 1639 4257 Symone,
1707 4158 1848 4234 filio
1899 4158 2221 4252 Mauritii,
2291 4157 2556 4233 Gemite
2604 4159 3042 4250 Posoniensi,
3112 4160 3415 4255 aliisque

78 4262 393 4356 *nibus
471 4268 673 4359 regni
741 4266 960 4339 nostri
1036 4267 1395 4339 comitatus
1471 4273 1789 4338 tenentes
1843 4273 1913 4337 et
1955 4264 2283 4339 honores.
2388 4260 2706 4337 Ceterum
2784 4266 3090 4357 graciam
3165 4265 3410 4357 gracia

78 4368 442 4441 anulare
486 4369 835 4459 volentes,
891 4372 1231 4441 communi
1285 4378 1357 4442 et
1386 4370 1814 4443 Vniuersitati
1869 4368 2257 4465 supradicte
2300 4370 2591 4442 ciuitatis
2630 4365 3126 4463 Sybenicensis
3180 4388 3412 4462 quas—

70 4470 235 4544 dam
286 4475 795 4569 possessiones
844 4482 1144 4561 nostras,
1196 4472 1483 4545 Dazlma
1538 4480 1610 4544 et
1664 4469 1988 4545 Grobona
2040 4481 2357 4564 vocatas,
2429 4474 2609 4545 circa
2664 4470 2942 4545 fluuium
2991 4468 3250 4561 Kerke,
3305 4492 3406 4547 ex

70 4584 279 4671 purte
330 4575 751 4650 occidentali
805 4578 996 4665 sitas,
1069 4586 1142 4649 et
1195 4579 1398 4649 etiam
1450 4579 1942 4672 possessiones
1989 4575 2278 4667 Neuest,
2349 4574 2614 4673 Copno,
2681 4573 3072 4649 Perometbi
3125 4586 3195 4648 et
3243 4574 3410 4649 Zit-

68 4678 305 4753 πάι
358 4684 778 4774 nominatas,
848 4702 946 4754 ex
995 4680 1126 4754 alia
1180 4688 1374 4776 parte
1426 4677 1734 4754 eiusdem
1789 4679 1976 4753 fluuii
2024 4683 2095 4754 in
2145 4679 2494 4771 Dobraue,
2564 4683 2753 4753 iuxta
2806 4676 3101 4752 confinia
3155 4679 3408 4755 distri-

70 4794 225 4859 etus
282 4784 605 4859 eiusdem
656 4787 948 4860 ciuitatis
1002 4787 1411 4879 existentes,
1489 4805 1661 4883 quas
1730 4783 1902 4861 alias
1954 4784 2388 4882 supradictus
2454 4783 2810 4858 Johannes
2877 4782 3111 4857 Banus
3181 4788 3400 4859 certis

72 4886 353 4961 dun-s
430 4887 616 4963 dicte
667 4892 961 4963 ciuitatis
1010 4911 1139 4986 per
1189 4912 1351 4965 suas
1427 4889 1690 4965 litteras
1744 4888 1833 4964 ob
1887 4910 2126 4964 eorum
2199 4887 2544 4964 fidelitatis
2604 4897 2674 4960 et
2721 4885 3076 4984 probitatis
3157 4892 3404 4961 merita

74 4993 467 5066 canusso
548 4992 946 5086 dinoscitur,
1025 5005 1359 5091 perpetuo
1436 4993 1919 5091 possidendas,
1999 5016 2154 5067 cum
2206 4991 2519 5067 omnibus
2590 5012 2825 5065 earum
2876 4992 3272 5067 vtilitatibus
3325 5000 3410 5062 et

72 5100 515 5189 montiis
590 5101 962 5190 vniuersis,
1038 5102 1242 5173 terris
1321 5100 1587 5174 scilicet
1638 5099 1834 5173 cultis
1887 5107 1958 5172 et
2009 5098 2306 5188 incultis,
2384 5097 2625 5194 sylnis,
2700 5095 3120 5186 nemoribus,
3199 5096 3408 5188 aquis

78 5220 553 5297 *urumque
603 5201 1032 5294 decursibus,
1104 5206 1341 5300 pratis,
1411 5201 1754 5294 fenilibus,
1806 5205 2082 5299 pascuis
2136 5212 2207 5275 et
2259 5202 2408 5275 aliis
2477 5204 2740 5276 cunctis
2794 5199 2881 5272 ad
2931 5202 3118 5323 ipsas
3167 5200 3403 5293 perti-

76 5303 423 5397 -fflus,
508 5308 685 5379 inter
731 5328 945 5380 veras
996 5317 1215 5380 metas
1268 5318 1340 5380 et
1390 5311 1720 5381 terminos
1775 5304 2166 5379 earumdem
2240 5303 2716 5396 existentibus,
2786 5305 3029 5399 quouis
3095 5305 3405 5377 nominis

78 5406 427 5483 amb-le
500 5413 844 5504 vocitatis,
915 5432 1007 5485 eo
1054 5415 1231 5503 iure,
1285 5433 1421 5506 quo
1474 5411 1559 5484 ad
1597 5421 1899 5487 nostram
1953 5409 2404 5486 collacionem
2457 5412 2803 5507 pertinere
2828 5398 3255 5586 idssoscitur,
3301 5403 3405 5483 de
