3950 5917
3364 443 3474 522 «Β

152 644 830 744 apex-habundanti
842 644 1207 728 &ancia
1236 646 1391 726 de
1384 649 1713 745 Uparuium
1754 650 2031 724 mimi
2047 650 2336 724 iusum
2349 656 2436 724 et
2477 652 2652 741 jure.
2663 647 3240 726 conmanentes
3283 649 3476 726 erto-⁴

150 761 427 841 ema,
503 761 593 830 nt
632 760 991 830 meu-am
1022 755 1373 830 ani-nin
1384 752 2022 848 expuis-affluar
2077 752 2494 838 ‹informat-i
2493 756 2937 849 cupientes,-
2927 754 3074 832 de.
3121 765 3477 830 conse-su

146 854 471 928 eiusdem
526 854 810 929 domine
860 855 1129 950 Regina
1181 858 1531 950 genitricis
1582 864 1844 945 nostre,
1896 854 2162 951 prefato
2218 853 2462 928 Comiti
2500 855 2718 947 Iwan,
2745 880 2884 936 vna
2910 879 3074 934 eum
3111 855 3475 951 Grego-

146 963 293 1032 rio
371 958 601 1031 filio
672 958 1101 1032 Budizlai
1155 959 1419 1033 Gemite
1472 956 2092 1034 Corbauiensi
2144 968 2216 1032 et
2265 960 2558 1033 Pasman
2611 959 2749 1035 filio
2805 960 2986 1034 Petri
3038 962 3126 1034 de
3177 962 3469 1058 Karyn

150 1061 509 1137 nobilibus
562 1073 636 1136 et
684 1063 945 1137 Juratis
994 1062 1221 1157 Regni
1263 1059 1593 1153 Groacie,
1639 1065 2089 1155 juramentum
2111 1062 2434 1138 duximus
2467 1064 2968 1160 imponendum.
3011 1065 3154 1151 Qui
3206 1065 3478 1160 quidem

150 1166 423 1240 Comes
496 1166 694 1240 Iwan
747 1190 905 1240 cum
987 1166 1186 1241 dictis
1241 1166 1508 1240 duobus
1587 1171 1729 1242 suis
1785 1165 2351 1255 coniuratoribus,
2433 1190 2641 1262 super
2693 1178 2996 1242 sanctam
3078 1191 3350 1240 crucem
3406 1180 3477 1241 et

146 1270 237 1343 ad
294 1279 550 1345 sancta
606 1270 721 1343 dei
773 1271 1189 1365 ewangelia,
1259 1279 1581 1366 tactoque
1631 1269 1909 1344 viuifico
1952 1274 2188 1345 crucis
2241 1271 2455 1365 ligno,
2506 1275 2577 1344 in
2630 1293 2744 1360 eo,
2799 1271 2978 1367 quod
3029 1277 3179 1368 ipse
3230 1271 3476 1369 prefa-

150 1384 266 1448 tos
356 1374 585 1465 Iwan,
664 1372 972 1447 Lackow
1042 1385 1114 1448 et
1187 1374 1463 1448 Tuerko
1533 1396 1657 1470 pro
1738 1373 1935 1448 dictis
2017 1396 2255 1447 eorum
2332 1378 2794 1449 instrumentis
2870 1376 3267 1464 litteralibus
3335 1400 3476 1449 non

146 1481 638 1575 captiuauerit,
689 1500 825 1551 nec
879 1478 1103 1573 aliqua
1171 1479 1524 1575 priuilegia
1580 1487 1651 1551 et
1697 1481 2142 1552 instrumenta
2214 1476 2299 1550 ab
2366 1482 2534 1574 ipsis
2606 1478 2981 1570 abstulerit,
3051 1503 3184 1553 neo
3254 1484 3474 1553 eciam

164 1586 366 1678 ipsos
415 1582 645 1677 aliqua
698 1580 1050 1656 nobilitate
1105 1592 1175 1654 et
1215 1582 1594 1655 hereditate
1647 1585 1716 1655 in
1770 1583 1947 1655 dicta
1979 1581 2289 1678 Chetyne
2342 1593 2412 1654 et
2465 1586 2611 1658 eius
2663 1587 3103 1679 pertinencijs
3155 1583 3476 1657 habuisse

156 1689 471 1776 sciuerit,
528 1708 753 1780 neque
809 1688 1005 1777 sciat,
1060 1687 1425 1782 corporale
1496 1690 1932 1780 prestiterunt
1980 1684 2520 1777 Sacramentum,
2573 1696 2773 1782 prout
2817 1710 2944 1783 per
2990 1711 3119 1762 nos
3174 1690 3474 1760 extiterit

154 1788 669 1879 adiudicatum3
735 1812 980 1862 verum
1033 1793 1187 1884 quia
1240 1800 1377 1862 tam
1432 1812 1527 1862 ex
1577 1788 1995 1884 prefatorum
2045 1792 2287 1881 viginti
2340 1789 2623 1863 duorum
2674 1791 3061 1864 Juratorum
3114 1796 3474 1867 assercio-

161 1892 386 1982 nibns,
448 1915 657 1987 quam
708 1897 927 1965 eciam
982 1894 1417 1988 plurimorum
1487 1902 1873 1966 nostrorum
1927 1892 2224 1965 fidelium
2280 1898 2486 1966 certis
2540 1894 3021 1984 relacionibuS,
3103 1895 3472 1990 predictum

152 1996 543 2070 dish-ictum
600 1995 908 2093 Chetyne
959 2000 1087 2070 rite
1139 2008 1212 2070 et
1284 1998 1586 2119 legitime
1665 1995 1757 2070 ad
1803 2000 2035 2087 regias
2115 2018 2354 2070 manus
2408 1996 2560 2071 fore
2614 1998 3028 2088 deuolutum,
3100 2009 3472 2093 nostreque

153 2103 533 2174 collacioni
587 2099 672 2172 de
717 2103 879 2192 jure
930 2105 1297 2195 pertinere,
1380 2110 1450 2173 et
1498 2103 1631 2195 ipsi
1683 2104 1912 2173 comiti
1989 2101 2180 2175 Iwan
2231 2122 2358 2196 per
2408 2124 2538 2174 nos
2590 2110 2928 2197 tamquam
2982 2102 3107 2176 Jus
3160 2112 3472 2176 nostrum

156 2203 453 2299 Regium
513 2205 679 2278 olim
727 2202 1237 2280 racionabiliter
1311 2204 1627 2279 collatum
1705 2203 1922 2280 fuisse
1972 2215 2043 2277 et
2100 2227 2261 2278 esse
2338 2208 2836 2297 cognouimus3
2913 2205 3079 2278 Ideo
3123 2229 3263 2280 nna
3317 2228 3476 2280 oum

150 2309 404 2382 eadem
463 2307 740 2382 domina
793 2307 1062 2403 Regina
1130 2318 1348 2382 matre
1399 2318 1660 2400 nostra,
1730 2332 1865 2382 nec
1926 2330 2066 2381 non
2119 2308 2315 2382 dictis
2387 2310 2663 2403 prelatis
2718 2319 2792 2384 et
2837 2307 3205 2384 baronibus
3278 2310 3478 2404 regni

160 2415 401 2501 nostri,
478 2435 572 2485 ne
642 2410 910 2486 falsitas
980 2414 1250 2486 veritati
1305 2421 1374 2484 et
1423 2416 1737 2507 iniquitas
1810 2411 2415 2507 calumpniancium
2489 2413 2943 2507 preiudicaret
3014 2417 3316 2509 equitati,
3388 2413 3476 2484 de

170 2515 545 2590 eorundem
638 2515 915 2588 domine
1002 2520 1234 2588 matris
1315 2525 1552 2590 nostre
1632 2526 1702 2588 et
1777 2516 2191 2611 prelatorum
2263 2541 2346 2589 ac
2417 2516 2759 2590 Baronum
2829 2527 3218 2590 nostrorum
3291 2539 3472 2588 con-

168 2620 313 2695 silio
366 2675 388 2693 .
419 2676 445 2694 .
470 2675 488 2693 .
518 2619 779 2693 dictum
866 2623 1235 2694 districtum
1307 2617 1621 2716 Chetyne
1690 2643 1845 2694 eum
1912 2618 2224 2694 omnibus
2304 2625 2448 2696 suis
2519 2620 2909 2695 vtilitafibus
2984 2631 3054 2693 et
3121 2622 3478 2695 vtilitatum

162 2722 619 2818 quarumlibet
652 2723 1147 2818 integritatibus
1185 2748 1269 2795 ac
1302 2725 1742 2819 pertinencijs
1785 2726 2156 2813 VniuersiS,
2213 2724 2337 2798 sub
2385 2728 2527 2800 suis
2563 2729 2787 2817 metiS,
2842 2728 3145 2825 terminis
3185 2736 3255 2798 et
3289 2726 3478 2797 limi-

166 2827 549 2902 tacionibus
603 2830 675 2899 in
729 2828 976 2901 eodem
1028 2828 1385 2924 priuilegio
1425 2828 1675 2901 domini
1709 2826 1992 2900 Andree
2029 2826 2247 2920 Regis
2297 2851 2423 2924 per
2473 2851 2603 2903 nos
2654 2830 3163 2925 priuilegialiter
3215 2827 3480 2902 confir-

170 2941 351 3004 mato
390 2933 765 3005 nominatis
813 2942 884 3005 et
921 2936 1297 3027 expressis,
1336 2931 1601 3026 prefato
1649 2929 1891 3004 Comiti
1930 2931 2119 3003 Iwan
2167 2931 2306 3004 filio
2353 2932 2415 3005 N
2433 2933 2824 3028 elepuch
2868 2937 3144 3028 suisque
3193 2932 3482 3005 heredi-

168 3033 295 3107 bus
348 3035 827 3130 heredumque
902 3058 1176 3109 suorum
1231 3034 1751 3110 successoribus
1821 3036 2283 3111 adiudicamus
2347 3041 2832 3111 sententiamus
2887 3047 2957 3109 et
3007 3059 3132 3132 per
3181 3058 3482 3133 presen-

168 3142 253 3211 tis
299 3138 546 3211 Iudicii
593 3143 813 3213 nostri
866 3144 1286 3213 sentenciam
1338 3142 1847 3235 appropria‘mus
1920 3149 1991 3212 et
2039 3150 2514 3235 perpetuamus
2570 3139 2694 3214 sub
2748 3144 3084 3237 premisso
3162 3144 3481 3237 primarie

168 3243 577 3316 conscionis
628 3254 868 3316 nostre
912 3243 1137 3334 titulo,
1206 3242 1362 3315 Iure
1414 3253 1743 3339 perpetuo
1797 3253 1869 3315 et
1917 3243 2458 3317 irreuocabiliter
2506 3244 3018 3341 possidendum,
3090 3246 3482 3331 tenendum,

164 3351 421 3443 pariter
473 3358 547 3421 et
601 3346 1033 3436 habendum3
1101 3347 1499 3443 pretitulatis
1560 3370 1734 3421 vero
1786 3347 2007 3438 Iwan,
2077 3347 2354 3421 Lachko
2410 3359 2481 3421 et
2529 3348 2803 3421 Tuerko
2858 3353 3293 3443 ipsorumque
3340 3371 3483 3445 po-

162 3455 397 3542 stet-ia,
452 3455 525 3523 in
562 3449 750 3523 facto
790 3452 969 3524 dicte
1006 3447 1317 3548 Chetyne
1363 3461 1433 3524 et
1467 3473 1739 3524 suarum
1785 3454 2378 3547 pertinenciarum,
2434 3476 2527 3525 ex
2577 3475 2757 3525 nunc
2807 3462 3205 3548 perpetuum
3260 3453 3485 3525 silen-

162 3559 341 3627 einm
418 3555 739 3629 duximus
802 3555 1307 3651 inponendum,
1374 3559 1713 3650 presentis
1784 3556 2124 3651 priuilegii
2192 3560 2407 3630 nostri
2475 3559 2853 3652 patrocinio
2942 3557 3301 3629 mediante.
3407 3555 3488 3629 ln

160 3664 358 3732 cuins
416 3662 529 3731 rei
582 3662 981 3731 memoriam
1033 3659 1549 3754 firmitatemque
1600 3682 1727 3754 per
1760 3668 2122 3755 presentes
2177 3664 2649 3735 concessimus
2685 3661 2961 3735 litteras
3006 3679 3281 3735 nostras
3331 3663 3486 3756 pri-

162 3763 537 3857 uilegiales
608 3762 968 3858 pendentis
1036 3773 1106 3835 et
1175 3767 1495 3836 autentici
1566 3764 1787 3856 Sigilli
1853 3767 2072 3837 nostri
2141 3770 2504 3839 munimine
2576 3762 2954 3839 roboratas.
3059 3765 3305 3838 Datum
3360 3785 3484 3859 per

164 3889 415 3941 mnus
482 3865 905 3940 uenerabilis
971 3870 1043 3939 in
1113 3864 1382 3942 Christo
1451 3871 1659 3964 patris
1730 3867 1984 3941 domini
2051 3866 2317 3942 Nicolai
2395 3868 2919 3965 Archiepisoopi
2968 3867 3487 3961 strigoniensis,

160 3970 443 4067 locique
500 3971 815 4045 eiusdem
869 3967 1149 4044 Comitis
1208 3976 1541 4068 perpetui,
1613 3973 1766 4045 aule
1819 3983 2056 4045 nostre
2112 3974 2528 4064 cancellarii,
2580 3972 2810 4045 dilecti
2856 3982 2935 4049 et
2977 3972 3196 4044 fidelis
3250 3972 3487 4043 nostri.

160 4076 371 4149 Anno
432 4073 692 4148 domini
742 4073 856 4147 M*
887 4071 1285 4147 ccc⁰·1x·⁰·
1332 4076 1606 4166 Quinto,
1658 4075 1982 4149 Kalendis
2037 4077 2367 4169 Januarij,
2436 4077 2660 4168 Regni
2729 4085 2955 4149 autem
3022 4077 3238 4147 nostri
3308 4095 3488 4145 anno

164 4179 447 4252 decimo
527 4200 740 4269 nono,
809 4178 1318 4254 venerabilibus
1368 4184 1437 4252 in
1494 4176 1761 4252 Christo
1832 4179 2132 4275 patribus
2187 4189 2259 4252 et
2310 4179 2598 4254 dominis
2653 4181 2898 4253 eodem
2952 4178 3241 4250 Nicolao
3298 4176 3487 4249 Stri-

163 4285 525 4376 goniensi,
598 4282 860 4355 Thema
935 4280 1329 4371 Colocensi,
1394 4282 1683 4356 Nicolao
1750 4283 2097 4375 Jadrensi,
2166 4283 2755 4379 Archiepisoopis,
2835 4282 3249 4376 Ragusiensi
3318 4280 3490 4355 sede

164 4397 499 4460 vacante.
556 4384 847 4459 Nicolao
884 4385 1239 4481 Agriensi,
1292 4387 1643 4460 Demetrio
1679 4386 2144 4477 Waradiensi,
2200 4388 2559 4461 Dominico
2595 4387 3073 4475 Transilvano,
3128 4386 3491 4459 Dominico

164 4489 647 4565 chanadiensi
718 4490 941 4563 electo
996 4490 1422 4582 confirmato,
1495 4489 1871 4564 Colomano
1922 4492 2292 4581 Jauriensi,
2360 4491 2675 4565 Ladislao
2729 4489 3285 4586 Wesprimiensi,
3349 4489 3494 4562 Mi-

162 4596 417 4668 chaele
475 4592 913 4684 Wachiensi,
985 4595 1457 4691 Stephano
1520 4595 2171 4688 Zagrabiensi,
2244 4598 2447 4669 Petro
2503 4596 2870 4685 Bosnensi,
2946 4594 3266 4668 fratribus
3323 4594 3495 4667 Ste-

164 4700 401 4793 phano
479 4697 837 4788 Nitriensi,
915 4698 1245 4771 Thema
1325 4699 1876 4796 S-yrmiensi,
1954 4701 2269 4773 Johanne
2341 4701 2930 4796 Tyniniensi,
3009 4700 3492 4773 Bartholomeo

166 4802 840 4898 Traguriensi,
911 4801 1263 4875 Demetrio
1333 4803 1777 4894 Nonensi,
1852 4804 2198 4900 Stepheno
2272 4805 2697 4888 Farensi,
2774 4802 3138 4877 Valentino
3191 4804 3495 4877 Maca-

164 4910 467 4990 rensi,
556 4903 860 4977 Mattbeo
937 4904 1562 4998 Sibinicensi,
1640 4907 1841 4979 Mich.
1914 4907 2585 4994 Scardonensi,
2654 4908 2927 4980 Protiua
3001 4907 3497 4981 Sceniensi

164 5009 653 5083 &etesiarum
706 5008 1071 5106 Episcopis
1090 4992 1481 5086 'Ecclesias
1534 5011 1644 5085 dei
1698 5011 1991 5084 feliciter
2042 5011 2597 5104 gubernantibuS,
2652 5010 3373 5107 Quinqueeeclesiensi
3420 5017 3492 5080 et

170 5113 639 5188 &rhemensi
694 5112 972 5188 sedibus
1024 5115 1443 5189 necantibus.
1498 5114 1885 5208 Magnificis
1936 5118 2106 5189 viris
2159 5114 2448 5188 Nicolao
2492 5116 2718 5190 Konth
2768 5116 3102 5205 Palatino,
3155 5114 3492 5207 Dyonisio

170 5217 553 5318 Woynoda
609 5217 1129 5310 Transsiluano,
1201 5218 1465 5292 Gemite
1517 5219 1863 5315 Stephano
1932 5219 2166 5293 Iudice
2222 5216 2425 5293 curie
2473 5230 2737 5311 nostre,
2806 5219 3110 5292 Iohanne
3161 5214 3494 5310 Magistro

171 5321 725 5399 Tanai-nieorum
761 5332 1176 5414 nostrorum,
1228 5322 1724 5397 Leustacio
1763 5321 2158 5413 Sclauoni'e,
2210 5322 2275 5397 N
2292 5326 2602 5398 icolao
2657 5323 2761 5395 de
2806 5321 3107 5394 Zeech
3141 5320 3496 5394 Dalmacie

171 5441 247 5502 et
308 5427 645 5521 Groacie,
716 5422 1008 5501 Nicolao
1081 5428 1171 5501 de
1236 5426 1559 5503 Machow
1625 5427 1841 5502 banis.
1963 5428 2170 5502 Petro
2239 5427 2498 5504 deor
2559 5432 3058 5527 pincernarum,
3127 5425 3342 5500 Paulo
3407 5425 3498 5501 de
