3950 5917
511 367 679 453 m.

509 586 859 651 eousensu
910 583 982 649 et
1029 572 1463 670 heneplacito
1482 614 1495 625 ·
1517 570 2059 668 supradictorum
2116 575 2366 649 ciuium
2413 571 2786 663 dedimus‚‘
2809 571 3214 657 domminus
3266 581 3364 645 et·
3388 572 3814 667 centuli-m«)

507 682 645 750 imo
700 677 966 768 damus,
1021 677 1380 769 donamus,
1432 675 1855 751 conferimus
1899 681 2208 772 presenti
2251 677 2616 773 priuilegio
2670 699 2796 774 per
2841 680 3030 773 ipsos
3084 686 3156 751 et
3204 677 3508 772 ipsorum
3573 686 3810 773 poste-

508 786 747 857 ritates
799 780 1161 871 tenendas,
1214 778 1567 857 habendas
1623 790 1696 853 et
1743 790 2077 878 perpetuo
2131 780 2608 878 possidendas.
2715 781 2964 854 Datum
3015 790 3089 853 ut
3138 802 3366 876 supra.

512 948 595 1065 ἐς
628 985 928 1065 ιιμωιιηιι
962 985 1200 1056 origin-n
1231 987 1288 1039 in
1322 984 1444 1039 eeu.
1477 983 1869 1039 sutoria-m.
1902 1013 1971 1024 -
2005 983 2159 1052 505⁶:
2196 984 2256 1038 c.
2292 983 2476 1038 Codex
2507 984 2644 1055 Dipl.
2679 985 2848 1055 aeg-u
2882 983 3145 1055 11uug.'1·.
3178 983 3264 1039 ix.
3300 1002 3352 1037 v.
3385 982 3447 1037 n.
3483 1002 3534 1054 μ
3566 982 3683 1037 sss.
3799 1066 3808 1071 -

1919 1601 2436 1687 XCVIII.

1450 1919 1660 1991 Anno
1720 1916 2286 1990 1359-1377.
2353 1916 2436 1988 In
2503 1916 2899 2012 Visseqrad.

522 2166 1190 2313 i’rivilegium
1249 2200 1737 2281 Ludovici
1798 2198 1855 2279 1.
1928 2198 2279 2306 RegiS,
2363 2222 2550 2304 quo
2630 2198 3029 2277 incolae
3103 2195 3426 2303 Regni
3519 2200 3846 2276 totius

521 2340 1072 2419 Slavoniae
1165 2337 1272 2419 ab
1358 2341 1610 2419 omni
1694 2338 1886 2416 alia
1966 2348 2366 2441 praeter
2446 2340 2735 2417 unius
2817 2334 3132 2442 Regni
3223 2335 3514 2441 hujus
3593 2334 3850 2415 Bani

1476 2475 2208 2583 jurisdictione
2301 2478 2884 2554 eximuntur.

840 2749 987 2826 Nos
1038 2750 1431 2825 Lodovicus
1483 2749 1617 2825 Dei
1668 2752 1888 2843 gratia
1937 2748 2100 2821 Rex
2130 2748 2506 2843 Hungarie,
2560 2747 2874 2838 Polonie‚
2927 2748 3262 2821 Dalmatie
3317 2757 3449 2820 etc.
3502 2745 3856 2821 Memorie

527 2853 1091 2931 commendantes
1161 2863 1405 2929 tenore
1470 2857 1885 2951 presentium
1967 2852 2457 2946 significamus,
2528 2850 2767 2948 quibus
2841 2852 3120 2948 expedit
3189 2853 3582 2925 vniversis:
3661 2851 3860 2948 quod

527 2960 903 3055 Dyonisius
980 2956 1159 3032 filius
1234 2958 1519 3033 Jobanis
1591 2957 1677 3031 de
1731 2955 2081 3048 Orboucb.,
2147 2979 2298 3047 sua,
2377 2980 2478 3028 ac.
2515 2960 3000 3030 vniversorum
3050 2954 3376 3029 nobilium
3427 2964 3499 3028 et
3552 2956 3860 3028 aliorum

528 3060 877 3135 hominum
946 3066 1145 3155 regni
1212 3066 1431 3137 nostri
1496 3062 1869 3136 Sclavenie
1945 3063 2263 3157 personis
2317 3059 2403 3133 ad
2456 3070 2693 3134 nostre
2765 3063 3151 3136 serenitatis
3215 3059 3612 3133 accedendo
3670 3081 3868 3155 pre-

532 3168 853 3256 sentiam,
927 3163 1229 3239 exhibuit
1296 3165 1497 3240 nobis
1569 3165 1896 3263 quasdam
1965 3166 2227 3240 litteras
2297 3173 2570 3239 nostras
2632 3173 2944 3259 patentes
3017 3167 3260 3236 maiori
3322 3164 3548 3256 sigillo
3599 3173 3866 3237 nostro

531 3272 1008 3364 consignatas,
1085 3274 1345 3344 tenoris
1415 3269 1853 3366 infrascripti,
1921 3270 2307 3364 supplicans
2377 3268 2717 3341 humiliter
2784 3278 3021 3341 nostre
3090 3266 3457 3359 maiestati,
3524 3275 3599 3340 vt
3651 3271 3870 3362 ipsas

533 3373 798 3449 litteras
867 3384 1141 3448 nostras
1220 3383 1532 3471 patentes
1603 3371 2037 3470 presentibus
2100 3372 2188 3445 de
2258 3369 2475 3447 verbo
2547 3371 2634 3444 ad
2694 3369 2980 3445 verbum
3051 3368 3424 3461 transcribi,
3482 3380 3552 3444 et
3599 3380 3875 3447 wans—

536 3481 830 3575 sumpmi
907 3475 1145 3551 facere
1223 3478 1659 3572 dignaremur
1733 3499 1858 3573 pro
1938 3476 2203 3549 eisdem
2256 3475 2344 3547 ad
2397 3476 2781 3564 cautelam3
2864 3497 3147 3571 quarum
3223 3485 3426 3548 tenor
3471 3475 3634 3549 talis
3693 3486 3877 3549 est:

534 3579 686 3667 Nos
737 3579 1130 3655 Lodovicus
1181 3582 1313 3655 Dei
1365 3585 1585 3675 gratia
1635 3580 1797 3654 Rex
1844 3580 2195 3673 Hungarie
2252 3583 2579 3652 memorie
2633 3579 3192 3667 commendantes
3243 3590 3485 3652 tenore
3537 3601 3884 3674 presen-

536 3686 706 3757 tium
757 3682 1221 3779 significamus
1274 3683 1518 3781 quibus
1572 3684 1875 3779 expedit,
1940 3686 2329 3758 vniversis:
2411 3682 2592 3779 quod
2644 3705 2775 3758 nos
2830 3682 2917 3756 de
2963 3693 3143 3758 statu
3186 3684 3606 3779 tranquiliori
3663 3682 3886 3758 fide-

534 3787 703 3862 lium
777 3797 1167 3863 nostrorum
1242 3787 1564 3861 nobilium
1640 3787 1967 3862 videlicet
2035 3796 2106 3871 et
2175 3789 2460 3873 aliorum
2499 3785 2989 3882 ,quorumlibet
3065 3787 3410 3875 bominum
3483 3791 3552 3863 in
3620 3810 3887 3883 regno

537 3900 783 3987 nostro
871 3890 1244 3965 Sclavonie
1325 3895 1761 3967 existentium
1842 3890 2288 3987 providentes
2374 3890 2759 3964 huiusmodi
2828 3894 3116 3985 gratiam
3196 3891 3462 3965 eisdem
3529 3889 3892 3969 duximus

537 3990 955 4087 faciendam,
1024 4006 1103 4069 vt
1151 3997 1375 4070 nullus
1446 3998 1723 4070 omnino
1775 3995 2123 4069 hominum
2174 3999 2364 4091 ipsos
2416 3999 2490 4071 in
2541 3992 2812 4069 Curiam
2864 4004 3198 4084 nostram,
3274 3996 3393 4069 vel
3445 3999 3515 4067 in
3569 3996 3898 4091 aliquo-

541 4121 696 4173 rum
749 4100 1038 4173 aliorum
1084 4099 1400 4173 Judicum
1452 4110 1965 4190 extraneorum,
2022 4122 2120 4173 ex,
2166 4103 2298 4174 ista
2329 4109 2545 4196 ,parte
2613 4098 2802 4172 fluvii
2852 4098 3087 4172 Drave
3157 4102 3627 4190 existentium,
3685 4122 3912 4195 pre—

541 4208 836 4285 sentiam
911 4206 1125 4276 citare
1203 4205 1470 4294 valeat,
1550 4215 1666 4277 aut
1745 4202 1991 4277 alicubi
2067 4225 2186 4278 res
2266 4213 2337 4276 et
2415 4202 2596 4279 bona
2677 4202 3049 4276 eorundem
3111 4201 3526 4298 prohiber03
3607 4203 3762 4278 sed
3831 4210 3906 4279 si

542 4311 661 4404 qui
739 4329 895 4379 cum
957 4306 1219 4381 eisdem
1271 4313 1471 4403 regni
1522 4308 1895 4382 Sclavenie
1967 4306 2350 4382 hominibus
2419 4309 2781 4403 quicquam
2842 4306 3100 4381 babent
3165 4310 3481 4398 actionis,
3549 4310 3628 4380 in
3687 4330 3912 4405 pre-—w

541 4415 770 4493 sentia
820 4411 991 4484 Bani
1049 4415 1263 4507 ipsius
1315 4415 1514 4506 regni
1565 4410 1965 4501 Sclavenie‚
2015 4412 2135 4485 vel
2184 4414 2384 4486 vices
2436 4412 2586 4485 eius
2640 4413 2974 4504 gerentis,
3031 4411 3337 4504 legitime
3408 4423 3912 4507 exsequatur.

542 4515 634 4588 Et
687 4518 747 4587 si
798 4519 869 4589 in
915 4515 1164 4588 iudicio
1220 4518 1432 4610 ipsius
1485 4514 1681 4607 Beni,
1735 4514 1855 4587 vel
1905 4518 2103 4588 vices
2157 4520 2307 4590 eius
2360 4518 2692 4609 gerentis,
2754 4515 2995 4612 aliquis
3064 4517 3554 4611 querelantium
3611 4523 3913 4614 suspi-

544 4629 741 4691 catus
793 4617 1023 4709 fuerit,
1077 4642 1208 4693 nec
1261 4627 1621 4691 contentus
1677 4639 1840 4692 esse
1891 4618 2211 4706 voluerit,
2294 4629 2548 4692 extunc
2615 4621 2870 4693 seriem
2938 4618 3185 4692 Judicii
3252 4642 3379 4715 per
3427 4623 3662 4715 ipsum
3721 4621 3913 4694 Ba-

544 4742 736 4806 num„
810 4723 928 4794 vel
978 4726 1176 4794 vices
1232 4724 1379 4795 eius
1435 4731 1788 4814 gerentem
1839 4721 2029 4813 facti,
2099 4725 2169 4795 in
2219 4734 2527 4813 nostram
2580 4733 2650 4796 et
2692 4723 3117 4797 Prelatorum
3172 4747 3255 4796 ac
3277 4738 3282 4742 ’
3307 4724 3670 4797 Baronum
3729 4749 3915 4800 no·-

548 4834 846 4900 strorum
916 4829 1327 4919 presentiam
1379 4828 1449 4897 in
1503 4822 1775 4899 Curiam
1825 4837 2130 4901 nostram
2181 4827 2628 4903 transducere
2678 4828 2913 4901 valeat
2981 4838 3182 4923 atque
3234 4832 3477 4925 possit,
3528 4850 3675 4924 pro
3743 4831 3913 4905 de-

549 4927 954 5007 liberatione
1029 4928 1252 5001 flenda
1322 4950 1529 5025 super
1578 4929 1844 5004 Judicio
1898 4940 2278 5027 prenotato.
2382 4930 2628 5004 Datum
2680 4935 2750 5004 in
2802 4931 3184 5025 vissegrad
3236 4934 3308 5004 in
3359 4932 3567 5005 Festo
3631 4933 3913 5010 deon-

551 5032 823 5109 lationis
876 5029 1111 5106 Sancti
1158 5032 1491 5107 ‚lobannis
1542 5033 1865 5130 Baptiste.
1970 5034 2176 5107 Anno
2228 5035 2503 5108 Domini
2551 5033 2915 5109 Millesimo
2970 5039 3454 5111 trecentesimo
3509 5040 3913 5134 quinqua-

556 5140 853 5230 gesimo,
907 5158 1112 5210 nono.
1216 5136 1363 5211 Nos
1434 5143 1659 5235 itaque
1730 5141 1924 5213 iustis
1980 5148 2050 5211 et
2099 5142 2230 5211 iuri
2280 5143 2609 5214 consonis
2681 5138 3279 5236 supplicationibus
3349 5138 3598 5236 prefati
3657 5141 3913 5241 Dyn-

552 5243 713 5317 nisii
764 5240 1172 5333 nominibus,
1228 5240 1468 5338 quihus
1523 5264 1752 5338 supra,
1805 5253 2043 5317 nostre
2096 5243 2432 5316 humiliter
2505 5248 2840 5340 porrectis
2893 5243 3260 5336 Maiestati,
3329 5248 3582 5341 pietate
3649 5245 3913 5322 favo-

553 5341 753 5429 tabili
802 5345 1124 5439 inclinati,
1178 5349 1311 5420 iam
1357 5347 1574 5421 dictas
1625 5347 1885 5423 litteras
1938 5356 2213 5423 nostras
2267 5357 2580 5445 patentes
2633 5347 3063 5446 presentibus
3119 5347 3207 5423 de
3262 5349 3479 5425 verbo
3533 5349 3635 5424 ad
3699 5374 3913 5427 ver-
