3950 5917
578 377 745 466 m

581 583 945 659 Tui-nine
996 582 1355 679 Augustae
1403 581 1667 659 Domus
1718 592 2024 672 nostrae,
2075 586 2424 679 ipsiusque
2474 580 2730 657 Publici
2774 581 3177 674 Commodo,
3229 579 3478 656 devota
3529 581 3871 679 Prompti-

584 688 826 763 tudine
877 697 1410 778 consecrarunt3
1476 685 1718 783 Neque
1768 690 1837 761 in
1887 689 2283 784 praemissis
2338 685 2699 761 substitere
2746 691 3055 781 insignes
3124 684 3643 784 praelibatorum
3699 686 3864 759 lide-

585 789 757 867 liun
809 790 1116 865 Statuum
1168 802 1240 865 et
1288 789 1615 865 ordinum
1666 800 1979 880 conatus,
2030 789 2194 864 nibil
2244 799 2477 886 utpote
2524 812 2707 864 nunc
2756 811 3026 887 quoque
3075 791 3145 864 in
3195 788 3463 863 Animis
3513 793 3727 887 prius,
3785 791 3864 863 nil

591 899 667 969 in
718 900 905 970 votis
980 899 1204 992 potius
1274 891 1642 987 babentes,
1717 916 1917 992 quam
1968 903 2043 966 ut
2090 897 2161 967 in
2211 883 2497 988 Regem'
2558 916 2750 968 suum
2829 904 3134 969 sanctam
3210 893 3447 967 Fidem
3522 893 3866 968 luculentis

593 999 1037 1092 Testimonijs
1106 1001 1427 1100 continuo
1498 998 1971 1096 comprobare,
2041 1006 2244 1094 atque
2308 995 2584 1070 Gloriae
2637 1008 2710 1071 et
2757 997 3089 1071 Felicitati
3156 996 3481 1089 Ejusdem
3531 996 3762 1070 Vitam
3807 1007 3865 1070 et

593 1101 789 1177 Bona
840 1102 1122 1186 litando,
1175 1123 1454 1193 novam,
1507 1124 1796 1198 eamque
1846 1104 2301 1197 gratissimam
2355 1099 2484 1175 sibi
2538 1100 2624 1174 de
2657 1099 3018 1194 Majestate
3069 1111 3302 1176 nostra
3353 1122 3439 1173 ac
3474 1104 3626 1198 ipso
3683 1103 3862 1173 etiam

590 1204 875 1281 Publice
926 1206 1413 1281 benemerendi
1465 1209 1904 1279 occasionem
1934 1206 2261 1300 *nancisci
2311 1205 2607 1278 valeant.
2680 1204 2873 1306 Quae
2922 1227 3076 1278 rara
3131 1207 3448 1300 omnique
3501 1202 3860 1278 Commen-

596 1309 874 1385 datione
923 1309 1127 1405 digna
1201 1308 1549 1386 subditalis
1620 1308 1927 1404 obsequi]
1985 1307 2247 1399 Studia,
2319 1318 2654 1404 qnatenus
2706 1306 2932 1405 Opere
2983 1311 3135 1404 ipso
3188 1309 3468 1381 ulterius
3520 1318 3862 1382 contesta-

590 1423 830 1487 rentur
896 1417 1253 1487 memorati
1311 1413 1551 1487 fideles
1603 1413 1837 1486 Status
1886 1421 1958 1485 et
2010 1410 2330 1499 Ordines,
2401 1422 2776 1509 opportune
2843 1410 3091 1485 Iisdem
3162 1421 3471 1486 cesserat
3537 1415 3864 1509 proposita

568 1515 1059 1695 mim
1094 1516 1523 1719 iiim?
1524 1515 2436 1716 &ammittat
2443 1514 2949 1714 &fsttss’fflff
2959 1513 3722 1715 “effiffiffiffl
3728 1525 3866 1690 ¹123:

594 1745 886 1818 gnorum
955 1734 1344 1798 nostrorum
1412 1721 1814 1812 Dalmatiae,
1886 1721 2205 1795 Croatiae
2278 1732 2349 1795 et
2400 1721 2813 1797 sclavoniae
2882 1721 3164 1813 Banum,
3236 1720 3613 1798 Comitatus
3668 1720 3863 1795 Castri

592 1823 836 1901 Ferrei
884 1826 1318 1925 Perpetuam,
1378 1827 1807 1922 Simigiensis
1860 1848 2034 1900 vero
2089 1825 2491 1921 Supremum
2546 1824 2906 1915 Comitem,
2956 1824 3243 1901 Nestum
3296 1825 3661 1898 Actualem
3709 1825 3860 1898 Inti-

596 1952 780 2003 mum
825 1928 1324 2022 Consiliarium,
1386 1929 1790 2004 Generalem
1830 1929 2064 2027 Campi
2095 1928 2622 2004 Mareschallum
2676 1939 2747 2006 et
2795 1933 2993 2005 unius
3044 1928 3366 2024 Legionis
3417 1939 3700 2003 nostrae
3745 1927 3860 2001 Di-

595 2032 986 2108 macharum
1032 2034 1482 2125 Colonellum,
1532 2034 1881 2108 Banalium
1918 2033 2141 2127 Regni
2182 2030 2641 2107 Confiniorum
2674 2032 3055 2129 Regulatio.
3126 2031 3546 2109 Praelibatus
3601 2053 3867 2128 namque

595 2147 942 2230 vetustae,
996 2161 1081 2212 ac
1132 2149 1271 2211 tam
1323 2139 1513 2233 Sago
1566 2160 1767 2235 qnam
1818 2137 2011 2232 Toga
2073 2137 2349 2211 illustris
2400 2136 2725 2210 Familiae
2777 2158 2948 2211 suae
2993 2135 3513 2230 Progenitorum
3566 2134 3862 2209 laudabi-

588 2240 771 2316 libus
821 2241 1153 2338 Vestigiis
1203 2245 1554 2330 insistens,
1626 2239 2189 2336 quemadmodum
2261 2238 2347 2313 ab
2398 2244 2671 2314 ineunte
2725 2262 2890 2313 mox
2941 2250 3165 2313 aetate
3218 2263 3369 2330 sua,
3437 2261 3570 2336 pro
3617 2243 3857 2312 ratione

570 2344 1051 2437 diversorum,
1120 2344 1362 2443 quibus
1429 2344 1704 2418 functus
1757 2354 1868 2418 est
1917 2343 2342 2434 Officiorum,
2410 2353 2550 2417 tum
2623 2343 2882 2418 heroici
2932 2343 3188 2434 Animi,
3258 2365 3413 2417 cum
3463 2355 3541 2416 et
3590 2346 3867 2420 eximiae

580 2452 663 2524 in
714 2447 922 2524 rebus
971 2447 1464 2546 pertractandis
1516 2448 2008 2522 Moderationis
2058 2470 2143 2520 ac
2192 2446 2600 2523 Prudentiae
2648 2447 2858 2520 edidit
2890 2446 3337 2542 Argumenta,
3390 2456 3461 2521 et
3515 2450 3587 2519 in
3633 2467 3860 2543 perar-

576 2550 749 2626 duis
799 2555 1152 2648 signanter
1217 2555 1541 2649 postremi
1594 2551 2022 2627 acerbissimi
2070 2551 2244 2624 Belli
2296 2549 2831 2643 circumstantiis
2897 2572 3037 2624 non
3087 2549 3434 2647 parcendo
3485 2548 3858 2636 Laboribus,

588 2676 736 2732 non
802 2654 1162 2753 Impensis,
1239 2654 1528 2728 infracto
1597 2655 1848 2729 robore
1904 2653 2319 2751 probataque
2369 2654 2795 2729 Dexteritate
2844 2653 3137 2730 Nostrae
3217 2657 3608 2751 cumprimis
3656 2652 3859 2745 Maje-

588 2763 803 2849 stati,
873 2759 999 2834 sed
1069 2770 1140 2831 et
1210 2761 1342 2855 ipsi
1410 2756 1687 2832 Publico
1739 2758 2127 2851 multifaria,
2165 2781 2417 2855 -eaqne
2469 2767 2895 2832 momentosa
2963 2780 3226 2832 summo
3276 2757 3447 2832 Zelo
3499 2780 3590 2831 ac
3639 2756 3866 2831 Studiis

508 2929 518 2940 .
582 2860 964 2938 indefessis
1024 2865 1357 2958 praestitit
1398 2862 1720 2951 Servitia,
1782 2873 2109 2958 partaque
2160 2862 2451 2935 antehac
2485 2861 2754 2952 Merita,
2804 2864 3007 2937 novis
3058 2864 3280 2958 ijsque
3331 2861 3668 2936 distinctis
3717 2881 3859 2935 sane

597 2964 858 3041 Meritis
912 2966 1133 3040 taliter
1183 2965 1572 3058 cumulavit,
1626 2964 1842 3040 Cuive
1892 2970 1962 3040 in
2011 2965 2583 3062 Consequentiam
2634 2966 3007 3062 plenariae,
3060 2988 3259 3062 quam
3313 2964 3400 3037 de
3451 2964 3700 3038 eodem
3747 2964 3862 3036 ha-

586 3065 839 3143 ·benus
892 3068 1394 3144 Satisfactionis
1466 3069 1746 3165 Pignus,
1818 3067 2036 3144 Nobis
2105 3069 2574 3144 charissimum
2639 3071 3206 3166 primo-genitum
3273 3068 3517 3142 Filium
3587 3078 3862 3143 nostrum

584 3171 974 3267 legitimum
1027 3172 1343 3246 Coronae
1415 3171 1792 3271 Principem
1848 3172 2421 3263 concredidimus,
2499 3194 2622 3268 pro
2676 3195 2788 3263 ea,
2844 3194 3041 3269 quam
3096 3171 3324 3261 habet,
3392 3171 3678 3261 Rerum,
3744 3181 3861 3244 tun

592 3274 1021 3350 Publicarum
1075 3299 1230 3350 cum
1284 3287 1354 3349 et
1383 3275 1765 3351 Militarium
1800 3276 2270 3373 Experientia,
2322 3277 2548 3350 dictae
2597 3275 2874 3352 Militiae
2924 3275 3199 3352 Banalis
3249 3274 3546 3369 Regni
3599 3274 3864 3349 Conli-

586 3382 963 3454 niariae
1029 3384 1101 3453 in
1154 3402 1403 3475 magno
1457 3380 1761 3476 adusque
1813 3380 2181 3456 Disordine
2242 3380 2611 3456 volutantis
2665 3379 3405 3474 Regulationem,
3483 3389 3624 3452 tum
3677 3400 3860 3476 spee-

580 3487 754 3557 =tatis
807 3483 918 3557 hic
970 3484 1527 3558 concurrentibus
1579 3482 1975 3558 Militaribus
2032 3481 2666 3574 observationibus,
2720 3505 2873 3556 cum
2925 3492 2997 3556 et
3046 3486 3196 3579 ipso
3235 3482 3430 3555 Statu
3479 3480 3861 3557 Provinciass

592 3586 823 3681 Regni
892 3587 1354 3676 considerato,
1432 3589 1781 3686 perutilem
1836 3610 1974 3661 non
2028 3586 2260 3677 modo,
2337 3591 2476 3659 imo
2537 3590 3003 3661 necessariam
3079 3585 3234 3659 fore
3303 3585 3689 3675 arbitratus,
3759 3589 3858 3658 vix

592 3700 1081 3786 praeattactam
1132 3696 1462 3788 repetitae
1517 3692 1787 3765 Banalis
1840 3690 2066 3784 Regni
2121 3688 2571 3763 Confiniariae
2625 3690 2904 3763 Militiae
2955 3688 3428 3763 instituendam
3481 3688 3860 3784 Regulatio-

600 3815 761 3870 nem
804 3793 1267 3869 Fidelitatibus
1303 3794 1574 3870 Vestris
1625 3796 1999 3892 proposuit,
2055 3803 2125 3866 et
2176 3815 2342 3867 mox
2391 3792 2695 3867 Eaedem
2750 3795 3113 3868 salutarem
3157 3792 3334 3867 hanc
3378 3804 3584 3889 atque
3633 3796 3700 3865 in
3749 3814 3860 3888 pe-

602 3896 859 3971 culiare
914 3897 1242 3972 dictorum
1296 3897 1691 3993 Regnorum
1757 3908 2147 3971 nostrorum
2199 3896 2642 3972 Commodum
2695 3901 2895 3971 unice
2948 3896 3273 3972 directam
3333 3895 3688 3993 praelibati
3734 3894 3855 3968 Co-

586 4005 782 4076 -mitis
833 4001 1005 4075 Bani
1053 4002 1527 4094 Intentionem,
1602 4002 1986 4076 desiderata
2040 4001 2558 4098 promptitudine
2619 4001 3099 4089 secundarunt,
3152 4010 3223 4074 et
3287 3999 3672 4076 istiusmodi
3731 4020 3860 4071 no-

600 4124 774 4178 vae
835 4104 1300 4177 Banalium
1356 4103 1578 4199 Regni
1631 4104 2090 4179 Conliniorum
2142 4103 2634 4178 Reformae
2686 4126 2771 4177 ac
2821 4103 3428 4199 Regulationi
3498 4108 3568 4179 in
3623 4101 3848 4178 duobus

582 4205 1039 4284 =Pedestribus
1089 4207 1487 4303 Regimibus
1540 4220 1611 4283 et
1642 4208 2012 4284 Sexcentis
2053 4208 2434 4304 Equitibus,
2489 4210 2861 4282 universim
2913 4229 3086 4281 vero
3122 4207 3296 4281 Octo
3350 4207 3535 4284 mille
3588 4207 3854 4281 ducentis

584 4315 963 4406 sexaginta
1000 4309 1340 4410 Capitibus
1376 4316 1801 4403 consistenti,
1837 4312 2136 4386 celerem
2173 4334 2308 4385 non
2346 4310 2551 4385 modo
2586 4309 2860 4385 Manum
2894 4309 3367 4403 admoverunt,
3409 4334 3654 4385 verum
3689 4313 3854 4382 etian

598 4414 825 4489 dictae
860 4413 1065 4489 modo
1101 4419 1383 4512 praevio
1420 4416 1772 4512 regulatae
1804 4414 2084 4489 Militiae
2116 4415 2495 4489 Exoluti
2516 4437 2559 4489 o
2581 4438 2622 4488 n
2643 4419 2665 4488 i
2686 4438 2720 4487 s
2774 4415 3014 4491 Onus
3063 4418 3135 4488 in
3170 4418 3564 4491 nniversam
3599 4415 3852 4487 Partiun

596 4517 967 4593 illarum
1022 4516 1775 4594 Contribuentem
1827 4518 2133 4608 Plebem,
2185 4528 2472 4616 excepta
2518 4517 2848 4596 Mondura
2901 4522 3055 4594 sive
3087 4518 3356 4593 Vestitu
3394 4518 3685 4597 Militari..
3743 4526 3850 4590 tan

598 4644 727 4719 per
776 4622 1152 4713 officiales,
1206 4645 1407 4718 quam
1462 4623 1833 4716 Gregarios
1886 4626 2175 4720 propriis
2227 4626 2369 4697 suis
2416 4622 2806 4720 Sumptibus
2859 4623 3345 4721 comparando,
3396 4624 3608 4696 alacri
3639 4622 3845 4694 Animo

592 4749 877 4906 33¹2}
879 4727 1295 4925 ⁹353„ss
1298 4737 1682 4905 ‘13:133ssss
1729 4749 1940 4904 {⁰33
1957 4719 3845 4926 1ffssffifflsst‘}12¹¹⁰1t¹32m2⁰¹2⁸0¹221¹3032ffi

607 4934 897 5026 adferat,
965 4934 1125 5009 dum
1194 4933 1515 5008 videlicet
1582 4936 1824 5009 melior
1893 4932 2352 5008 Confiniorum
2422 4934 2645 5008 Tuitio
2697 4944 2768 5008 et
2833 4933 3099 5031 publica
3169 4957 3263 5007 ex
3329 4933 3489 5007 hinc
3557 4933 3844 5008 securius

602 5048 1026 5136 procuratur,
1093 5038 1364 5112 Patriae
1415 5038 1563 5112 Filii
1617 5039 1707 5112 ad
1754 5036 2067 5113 Militaria
2137 5060 2358 5135 eaque
2426 5036 2798 5114 honorifica
2851 5036 3095 5112 Officia
3166 5038 3607 5135 applicantur,
3679 5043 3846 5126 atquo

604 5142 744 5218 fixa
796 5164 920 5240 pro
980 5142 1207 5217 futuro
1259 5141 1608 5241 Stipendia
1660 5145 2140 5241 percipientes,
2193 5141 2434 5217 eadem
2489 5143 2825 5216 demum
2876 5145 3119 5216 intra
3169 5141 3548 5216 Limites
3595 5133 3848 5229 Regni

607 5248 874 5321 illius
927 5248 1219 5323 denuo
1273 5256 1836 5337 consument,
1888 5250 2210 5319 eximium
2263 5256 2559 5320 attamen
2594 5250 2663 5320 in
2698 5250 3191 5344 promotionem
3245 5245 3354 5319 hic
3397 5265 3659 5342 quoqne
3701 5234 3843 5314 suh·

590 5354 951 5454 ‚versantis
1004 5354 1249 5432 summi
1280 5350 1557 5445 Sei-vitii
1609 5354 1831 5429 nostri
1872 5359 1942 5424 et
1985 5348 2248 5428 Publici
2282 5347 2722 5462 Commodum
2773 5349 3300 5449 procurandum,
3350 5349 3557 5426 modo
3601 5342 3847 5445 praevie
