3950 5917
3253 374 3405 461 125

173 590 315 666 lum
351 596 413 661 et
455 582 842 681 Georgium,
888 583 1068 660 filios
1139 583 1434 676 Nicolai,
1480 582 1592 658 'ae
1643 576 2080 678 martinum,''
2104 584 2312 660 lilium
2366 584 2724 683 Brok'ony,
2783 596 2929 661 'nec
2989 608 3131 661 nou
3181 582 3403 681 Bank,

171 694 321 767 ilium
364 690 543 780 Petri,
613 698 686 761 et
735 692 975 762 eorum
1028 688 1370 763 haeredes
1414 708 1511 761 -ac
1557 693 2002 785 posteritates
2076 690 2275 763 simul
2344 712 2498 763 cum
2569 694 2918 765 Vniuersis
2984 696 3402 788 possessio-

169 795 311 869 nibus
353 802 415 866 et
454 794 1019 890 possessionariis
1071 814 1311 866 eorum
1363 790 1789 889 portionibus
1844 816 1884 864 a
1939 792 2124 865 dicto
2181 792 2408 866 Nobili
2459 791 2975 891 iobbagyonatu
3029 793 3254 869 Castri
3307 796 3398 870 de

167 895 419 971 nomena
460 898 733 992 penitus
787 906 859 968 et
906 918 1033 992 per
1080 899 1319 968 omnia'
1364 898 1753 985 eximimus,
1808 898 1878 968 in
1933 905 2208 970 coetum
2262 907 2333 969 et
2382 918 2738 970 numerum
2808 919 3133 994 purorum
3202 905 3402 992 regni

166 998 424 1074 Nobilium
455 1008 517 1072 et
548 1001 999 1072 servientium
1048 1000 1411 1093 regalium,
1470 999 1653 1073 nulla
1703 1000 2032 1095 pristinae
2085 998 2526 1094 ignobilitatis
2572 1001 2841 1072 macula
2895 1020 3105 1098 super
3140 1002 3405 1077 eisdem

167 1111 467 1193 reservata,
533 1122 887 1196 generose
955 1105 1025 1174 in
1076 1111 1476 1199 perpetuum
1531 1102 1849 1175 duximus
1902 1102 2436 1197 aggregandos3
2502 1113 2869 1199 propterea
2923 1104 3126 1180 vobis
3178 1104 3398 1195 Bano,

166 1204 454 1280 comffibus
514 1207 810 1302 partium
863 1203 1048 1297 alibi,
1116 1204 1471 1279 Judicibus
1522 1204 1864 1278 Nobilium
1918 1204 2295 1279 Comitatus
2350 1205 2439 1279 de
2486 1205 2862 1280 Moroucza
2909 1229 3037 1303 pro
3090 1216 3399 1304 tempore

165 1310 485 1398 consumtis,
517 1317 589 1381 et
625 1309 782 1402 alijs
816 1311 888 1382 in
921 1307 1221 1382 futurum
1258 1308 1777 1401 constituendis,
1832 1308 2027 1381 firmo
2064 1309 2311 1382 Ducali
2346 1307 2472 1383 sub
2512 1309 2739 1382 edicto
2794 1310 3033 1385 damus
3087 1314 3159 1384 in
3190 1333 3398 1384 man-

164 1409 309 1501 datis,
352 1421 669 1507 quatenus
722 1410 1078 1509 praefatos
1130 1410 1490 1485 Nicolaum
1543 1411 1751 1485 lilium
1803 1411 2098 1502 Katchk,
2167 1411 2389 1504 Iwan,
2463 1410 2863 1506 Georgium,
2916 1412 3278 1487 Martinam
3331 1427 3401 1488 et

164 1512 301 1586 Bnnk
333 1512 513 1587 filium
546 1513 766 1606 Petri,
823 1538 909 1588 ac
941 1517 1245 1612 ipsorum
1296 1514 1639 1589 haeredes
1690 1519 1960 1588 ratione
2013 1513 2279 1588 Nobilis
2330 1513 2899 1613 Johhagyonatus
2955 1514 3180 1592 Castri
3244 1540 3400 1590 cum

160 1616 636 1711 possessionibus
701 1639 941 1691 eorum
993 1619 1367 1693 molestare
1421 1628 1493 1691 et
1541 1616 1944 1714 perturbare
1999 1640 2138 1691 non
2193 1617 2530 1710 audeatis,
2602 1622 2778 1694 sicut
2847 1630 3155 1695 nostram
3206 1620 3395 1693 indi-

160 1722 469 1812 gnationem
533 1723 851 1816 graviter
921 1722 1278 1796 offendere
1350 1720 1752 1796 formidatis.
1855 1721 1933 1794 In
1990 1724 2184 1796 cuius
2231 1725 2335 1794 rei
2405 1726 2804 1797 memoriam
2873 1722 3394 1819 firmitatemque

158 1833 468 1918 perpetuam
518 1834 933 1921 praesentes
984 1827 1462 1900 concessimus
1508 1825 1771 1899 litteras
1807 1834 2083 1900 nostras
2135 1834 2450 1921 patentes
2503 1827 2709 1921 sigilli
2761 1828 2980 1900 nostri
3033 1825 3401 1900 mediocris

162 1928 447 1999 mimine
493 1926 882 2003 roboratas.
954 1928 1203 2001 Datum
1255 1932 1326 2001 in
1377 1927 1660 2002 Iwancb
1714 1926 1889 2001 feria
1945 1930 2174 2024 quinta
2228 1933 2544 2025 proxima
2595 1939 2757 2026 post
2809 1928 3188 2024 quindenas
3240 1929 3404 2005 festi

160 2033 318 2102 moti
361 2029 640 2129 Georgy
687 2030 1035 2129 Martyris.
1096 2031 1302 2105 Anno
1357 2032 1632 2106 Domini
1682 2028 1930 2106 MGGC
1982 2034 2545 2128 quinquagesimo
2601 2041 2864 2129 quarto.

1196 2208 1438 2286 (Locus
1465 2211 1663 2289 riyillt'
1704 2190 1899 2273 dor'so
1943 2211 2291 2293 impressi.)

150 2362 207 2418 Ιι
226 2369 330 2439 erig.
358 2371 557 2425 membr.
607 2374 667 2424 in
716 2371 843 2425 coll.
878 2370 989 2426 Nlo.
1023 2370 1318 2426 Jaukovich
1353 2374 1621 2426 existente.
1677 2401 1745 2412 -
1798 2372 1966 2440 Fejer.
2004 2370 2135 2426 God.
2171 2372 2310 2442 Dipl.
2345 2373 2476 2443 leg.
2511 2373 2683 2444 Hung-
2717 2371 2775 2426 Τ.
2808 2371 2894 2426 Π.
2931 2390 2984 2426 v.
3019 2370 3102 2427 Vl.
3137 2373 3332 2442 pm.

1577 2949 1906 3033 XCV.

584 3263 805 3334 Anno
866 3260 1103 3335 1357.
1159 3263 1275 3333 die
1333 3260 1457 3333 14.
1515 3259 1945 3333 Decembris.
2003 3261 2122 3334 Aa
2172 3267 2524 3334 cubitalem
2576 3261 2874 3334 Nonam.

143 3538 509 3630 loannes
574 3548 885 3654 Ghuz,
948 3553 1265 3629 totius
1330 3547 1802 3630 Oroatiae
1867 3559 1963 3628 et
2023 3547 2578 3630 Dalmatiae
2642 3547 2995 3664 Banus,
3092 3546 3403 3628 liber-

144 3684 341 3763 tntes
395 3714 497 3767 ac
561 3687 1133 3795 privilegia
1207 3690 1661 3766 civitatis
1725 3684 2185 3766 Sibenici
2247 3690 2528 3793 regia
2589 3695 3103 3790 potestate
3169 3710 3403 3766 con-

1564 3822 1922 3903 firmat.

384 4094 533 4170 Nos
589 4097 933 4186 loannes,
982 4099 1193 4169 totius
1247 4092 1568 4168 Croatiae
1622 4105 1692 4167 et
1723 4093 2106 4167 Dalmatiae
2158 4090 2416 4182 Banus,
2470 4095 2847 4166 memoriae
2901 4090 3402 4166 commendan-

146 4197 221 4264 tes
252 4204 476 4273 tenore
530 4202 1002 4297 praesentium
1056 4197 1520 4294 significamus
1600 4196 1843 4294 quibus
1906 4194 2186 4292 expedit
2236 4198 2628 4269 vniuersis:
2684 4194 2867 4293 quod
2903 4217 3058 4268 cum
3093 4196 3403 4269 vniuersi

148 4290 393 4391 Nomos,
446 4307 652 4377 ciues
706 4312 779 4377 et
830 4305 1279 4377 communitas
1334 4300 1640 4376 Ciuitatis
1692 4299 2164 4375 Sibenicensis
2234 4320 2361 4396 per
2420 4297 2722 4372 nobilem
2767 4301 2994 4372 virum
3045 4297 3404 4371 Radosla-

139 4415 255 4473 2-
290 4401 909 4497 Crassuuenacicb,
964 4409 1185 4480 ciuem
1241 4405 1553 4480 eiusdem
1608 4407 1925 4496 ciuitatis,
1980 4401 2552 4477 ambasciatorem
2605 4412 2675 4476 et
2726 4404 3044 4475 nuncium
3095 4404 3403 4497 ipsorum

140 4508 469 4601 mitialem,
524 4509 764 4583 habita
820 4513 1278 4583 conuersione
1324 4508 1409 4581 ad
1447 4508 1811 4581 Dominum
1860 4530 2106 4602 regem
2142 4517 2213 4580 et
2248 4510 2398 4583 eius
2445 4528 2714 4580 sacram
2769 4526 3125 4594 coronam,
3179 4503 3402 4579 liber-

138 4609 269 4680 htes
311 4616 453 4687 siue
505 4616 803 4709 gratias,
857 4613 1264 4688 donationes
1319 4623 1390 4687 et
1440 4611 1976 4687 consuetudines
2045 4610 2333 4685 inferius
2398 4607 2882 4699 declarandas,
2930 4631 2971 4679 a
3024 4605 3227 4681 nobis
3281 4611 3403 4682 iu-

138 4714 488 4790 dntissime
574 4714 710 4790 sibi
787 4716 935 4789 dari
1012 4717 1518 4813 postulassent,
1598 4737 1728 4789 nos
1807 4718 2035 4810 itaque
2112 4717 2309 4788 iustis
2381 4724 2450 4787 et
2523 4711 2882 4805 condignis
2961 4710 3400 4808 petitionibus

136 4816 447 4893 eumdem
500 4829 919 4909 annuentes,
971 4823 1041 4893 in
1093 4842 1395 4917 persona
1448 4819 1609 4892 dicti
1643 4819 1917 4891 Domini
1960 4822 2177 4890 nostri
2229 4821 2446 4911 regis,
2499 4816 2971 4912 infrascriptas
3024 4816 3403 4906 libertates,

138 4912 265 5005 ὴὲ
309 4927 587 5015 gratias,
649 4923 1055 4998 donationes
1110 4934 1180 4997 et
1233 4923 1766 4998 consuetudines
1840 4921 2102 4994 eisdem
2175 4920 2439 4994 ciuibus
2494 4928 2564 4993 et
2617 4923 3081 4993 communitati
3149 4940 3405 5015 supra-

140 5013 307 5094 &he
376 5031 679 5101 ciuitatis
733 5025 1228 5117 sibenioensis,
1308 5026 1596 5099 iurando
1677 5048 1886 5122 super
1964 5029 2164 5119 signo
2244 5022 2563 5098 uiuificae
2645 5028 2898 5113 crucis,
2979 5030 3218 5097 sancta
3269 5020 3406 5093 Dei

142 5129 439 5221 nugalia
486 5141 562 5204 et
596 5130 924 5226 reliquias
978 5129 1413 5220 Sanctorum,
1469 5133 1943 5203 concessimus
2000 5137 2069 5202 et
2120 5127 2594 5218 concedimus,
2650 5127 2889 5201 damus
2944 5134 3014 5198 et
3068 5124 3404 5198 donamus

140 5220 247 5297 5¹0
304 5244 634 5331 perpetuo
715 5244 920 5330 atque
994 5232 1542 5309 irrevocabiliter
1616 5232 1957 5322 habenda,
2035 5231 2336 5305 tenenda
2414 5241 2485 5305 et
2561 5228 3002 5330 possidenda.
3106 5225 3405 5299 Primum

144 5324 441 5410 *fldem
510 5337 701 5434 quod
756 5360 997 5415 omnes
1059 5342 1367 5429 iniurias,
1442 5337 1867 5412 offensiones
1920 5345 1994 5410 et
2044 5356 2414 5429 excessus,
2484 5357 2612 5432 per
2661 5338 2854 5430 ipsos
2906 5328 3408 5408 Sibenicenseo
