3950 5917
482 405 647 542 ⁴92

482 637 561 701 et
632 626 1005 702 sclavonia
1075 625 1408 700 hacteuus
1478 623 1733 716 habita,
1804 647 2025 720 usque
2105 623 2262 697 dum
2341 622 2784 718 Magistratus
2866 624 3369 697 Comitatenses
3442 621 3810 699 eorundem

486 732 883 827 qualitatem
950 740 1022 803 et
1070 733 1560 804 necessitatem
1631 751 1755 825 pro
1811 730 2164 823 exigentia
2218 727 2477 823 Legum
2551 727 2927 800 reviderint
2981 727 3100 800 vel
3153 723 3632 815 stabiliverint,
3701 726 3811 800 vel

486 833 1005 930 abrogaverint,
1057 834 1562 928 vectigaliaque
1617 832 1994 905 eorundem
2045 831 2509 922 limitaverint7
2566 842 2635 904 et
2674 832 2872 905 solita
2910 830 3270 927 privilegia
3326 828 3629 925 desuper
3678 832 3808 900 im-

483 947 751 1035 petrata
805 937 1080 1018 fuerint.
1135 940 1204 1009 in
1241 947 1417 1010 statu
1472 959 1607 1033 quo
1659 937 2144 1030 relinquantur.
2195 933 2524 1007 Ideobis
2578 955 2848 1030 quoque
2903 942 3124 1007 semet
3176 930 3702 1004 conformabunt
3749 942 3817 1005 et

483 1045 936 1138 praemissam
1007 1040 1539 1115 Tricesimarum
1612 1040 2127 1114 translationem
2199 1061 2296 1110 ex
2364 1049 2562 1133 parte
2630 1038 3047 1111 Sclavoniae
3120 1046 3190 1108 et
3261 1035 3510 1132 Syrmij
3590 1034 3807 1107 effec-

487 1143 769 1219 tuabunt
823 1143 1161 1241 saepefati
1217 1141 1708 1235 Commissarij.
1816 1141 2016 1228 Quod
2068 1145 2288 1238 ipsum
2342 1145 2546 1213 etiam
2602 1163 2710 1212 ex·
2747 1150 2940 1236 parte
2982 1139 3377 1232 Hungariae
3430 1137 3812 1211 effectuan-

485 1247 647 1321 dum
701 1248 966 1342 Regiae
1023 1246 1358 1320 Gamerae
1410 1258 1691 1320 nostrae
1745 1245 2182 1340 Hungaricae
2236 1247 2755 1317 committemus.
2855 1242 2950 1316 Et
3001 1246 3155 1339 qnia

797 1350 1346 1425 Undecimo:
1450 1349 1673 1422 Etiam
1746 1350 1813 1422 id
1884 1353 1951 1422 in
2007 1349 2350 1446 Syrmium
2419 1357 2490 1419 et
2557 1346 2955 1419 inferiorem
3011 1346 3453 1419 Sclavoniam
3521 1342 3813 1417 libenter

483 1455 714 1529 induci
768 1465 839 1529 et
891 1454 1221 1528 stabiliter
1283 1451 1642 1528 observari
1700 1474 2134 1549 cuperemus,
2213 1462 2286 1523 ut
2335 1449 2617 1523 Incolae
2669 1450 2919 1523 ibidem
2975 1472 3013 1521 a
3058 1453 3524 1546 praestatione
3567 1446 3805 1520 Nonae

483 1580 767 1655 semper
836 1563 1040 1631 etiam
1092 1562 1161 1631 in
1217 1556 1510 1631 futurum
1562 1561 1899 1630 immunes
1949 1565 2295 1645 maneant,
2377 1553 2941 1650 quemadmodum
2995 1553 3326 1627 hactenus
3380 1551 3706 1642 fuerunt3
3749 1549 3810 1623 Ε

485 1684 836 1736 converso
914 1667 984 1734 iu
1058 1684 1224 1735 casu
1276 1663 1713 1734 necessitatis
1785 1659 1869 1732 ad
1940 1663 2159 1733 instar
2207 1657 2701 1730 Banderiorum
2756 1656 2982 1751 Regni
3035 1652 3356 1729 Croatiae
3428 1653 3512 1726 ad
3572 1651 3806 1729 Castra

485 1770 685 1838 exire
741 1776 809 1838 et
879 1764 1128 1838 ibidem
1184 1766 1491 1837 militaria
1550 1767 1833 1839 servitia
1903 1773 2259 1859 praestare
2311 1770 2712 1850 teneantur3
2788 1759 3002 1855 Igitur
3054 1758 3520 1851 Commissarij
3600 1761 3807 1831 nostri

483 1868 688 1964 Regij
748 1892 1016 1942 omnem
1091 1868 1486 1941 industriam
1540 1890 1629 1940 eo
1682 1866 2124 1962 impendent„
2178 1876 2249 1937 ut
2304 1863 2614 1939 adhibitis
2669 1865 2891 1938 modis
2947 1872 3017 1944 et
3068 1862 3339 1955 medijs.,
3411 1860 3498 1933 ad
3551 1860 3624 1935 id
3678 1884 3810 1933 ne-

486 1976 818 2065 cessarijs
854 1983 922 2045 et
960 1971 1554 2062 convenientibus,
1607 1973 2057 2066 praemissam
2110 1969 2558 2041 Intentionem
2611 1978 2917 2040 nostram
2970 1972 3041 2040 in
3085 1966 3400 2039 effectum
3439 1963 3808 2054 deducere,

487 2086 559 2149 et
613 2077 829 2150 semel
880 2098 1007 2172 pro
1063 2098 1337 2172 semper
1391 2074 1692 2149 stabilire
1745 2074 2049 2161 valeant,
2103 2070 2456 2167 Nobisque
2505 2070 2849 2144 refferant.

794 2178 882 2251 Et
935 2180 1111 2252 haec
1181 2190 1337 2253 sunt
1388 2193 1566 2275 quae
1635 2181 1706 2250 in
1757 2173 2043 2249 Materia
2112 2175 2691 2271 Incorporationis
2747 2173 2998 2270 Syrmij
3059 2183 3126 2244 et
3198 2170 3543 2244 inferioris
3602 2171 3805 2245 Scla-

483 2286 740 2357 voniae
817 2286 1106 2379 praevio
1187 2282 1393 2355 modo
1475 2280 1783 2354 ordinata
1858 2280 2080 2375 Regia
2137 2289 2207 2352 et
2258 2279 2710 2353 Provincialis
2791 2275 3201 2350 Commissio
3257 2274 3344 2349 ad
3388 2278 3804 2368 exigentiam

482 2390 1004 2484 praecitatarum
1059 2385 1317 2481 Legum
1374 2391 1443 2458 in
1498 2385 1811 2457 ellectum
1868 2382 2269 2456 deducenda
2324 2379 2627 2474 habebit,
2701 2380 2940 2477 quibus
2995 2379 3401 2468 effectuatis‚
3455 2376 3801 2474 praelibati

482 2490 954 2583 Commissarij
1002 2493 1216 2563 nostri
1252 2490 1484 2584 Regii,
1538 2486 1932 2561 absentibus
1985 2486 2381 2580 Regnorum
2437 2485 2842 2573 Dalmatiae,
2900 2482 3220 2556 croatiae
3274 2493 3345 2555 et
3391 2482 3806 2554 Sclavoniae

488 2594 851 2690 deputatis,
908 2603 1128 2666 semet
1198 2593 1281 2666 ad
1338 2603 1567 2688 partes
1620 2590 1846 2684 Regni
1901 2593 2114 2662 nostri
2169 2588 2565 2684 Hungariae
2613 2599 2802 2661 trans
2854 2584 3237 2659 Danubium
3290 2585 3692 2659 conferrent
3741 2592 3805 2656 et

481 2696 733 2771 ibidem
799 2702 1236 2793 operationes
1293 2718 1454 2768 suas
1508 2698 1850 2790 incipient.
1955 2692 2253 2766 Proinde

794 2800 1402 2872 Duodecimo:
1505 2797 1850 2892 Siquidem
1909 2820 2004 2869 ex
2055 2800 2323 2869 ratione
2376 2797 2638 2888 servitij
2695 2797 2911 2868 nostri
2965 2802 3035 2866 et
3086 2790 3247 2865 boni
3300 2790 3547 2888 publici
3607 2795 3801 2864 etiam

484 2903 552 2976 id
610 2905 988 2976 clementer
1038 2904 1600 2976 resolvissemus.
1654 2910 1727 2973 ut
1778 2922 2085 2995 eousque
2142 2903 2372 2988 etiam,
2429 2899 2653 2971 donec
2707 2920 2799 2970 ex
2852 2907 3045 2993 parte
3101 2918 3370 2992 quoque
3415 2895 3803 2988 Hungariae

481 3006 708 3100 Regni
780 3010 1229 3102 supracitatus
1284 3005 1631 3077 Articulus
1692 3003 1810 3076 18.
1866 3007 2289 3077 novissimae
2341 3002 2589 3075 Diaete
2658 3004 3082 3098 praescripto
3157 2998 3403 3071 ibidem
3476 2999 3686 3072 modo
3740 3008 3802 3070 et

480 3109 704 3182 forma
759 3110 1064 3205 plenarie
1103 3114 1170 3182 in
1219 3109 1534 3182 effectum
1575 3107 1818 3180 deduci
1852 3111 2097 3203 possit,
2149 3109 2413 3179 interea
2469 3109 2671 3179 etiam
2726 3115 2914 3177 trans
2969 3102 3346 3175 Danubium
3386 3107 3454 3175 in
3492 3101 3803 3175 Comita-

480 3212 658 3286 tibus
694 3213 901 3308 Bach}
922 3224 989 3285 et
1019 3212 1343 3305 Bodrogh
1379 3223 1656 3309 praeter
1692 3210 2022 3306 Oppidum
2062 3207 2403 3281 Szabatha
2442 3231 2564 3284 seu
2606 3207 2815 3281 Szent
2847 3205 3058 3279 Maria
3114 3207 3362 3279 dictum
3403 3209 3553 3300 jam
3600 3205 3800 3278 Anno

479 3320 848 3412 praeterito
902 3320 1433 3412 incorporatum,
1490 3319 1693 3387 etiam
1733 3315 1863 3387 alia
1920 3318 1988 3386 in
2049 3313 2294 3405 ijsdem
2353 3310 2794 3386 comitatibus
2851 3314 3212 3384 existentia
3268 3309 3451 3381 Loca
3490 3309 3800 3382 Militaria

480 3419 806 3510 Zombor‚
891 3420 1306 3494 Prestovacz
1362 3430 1431 3493 et
1484 3418 1810 3509 Palanka‚
1886 3418 2076 3490 velut
2128 3440 2329 3513 supra
2384 3414 3057 3488 Petro-Varadinum
3113 3418 3292 3486 iuter
3343 3436 3529 3485 mera
3591 3434 3805 3508 aeque

479 3524 634 3594 loca
690 3526 1137 3620 provincialia
1196 3534 1266 3595 et
1315 3521 1850 3613 Contribuentia.,
1923 3525 2079 3611 sita,
2135 3543 2287 3591 cum
2328 3522 2669 3592 universis
2724 3518 3236 3614 appertinentijs
3293 3520 3434 3591 suis
3486 3538 3618 3612 per
3666 3514 3807 3587 Mi·—

478 3626 715 3700 litares
797 3626 1043 3699 ibidem
1117 3626 1450 3701 hactenus
1504 3628 1881 3722 possessis,
1953 3622 2288 3696 Gamerae
2342 3632 2622 3696 nostrae
2691 3622 2857 3694 Jure
2911 3621 3319 3694 Terrestrali
3388 3618 3803 3717 possidenda

479 3730 854 3821 tradantur,
908 3742 979 3803 et
1033 3754 1184 3803 cum
1243 3729 1371 3804 sibi
1426 3752 1466 3801 a
1520 3730 1958 3825 proportione
2016 3725 2540 3801 obvenientibus
2612 3722 2934 3799 oneribus
2986 3723 3274 3820 publicis
3343 3723 3804 3797 Jurisdictioni

480 3832 812 3907 dictorum
866 3834 1055 3906 Bach
1111 3843 1180 3906 et
1230 3832 1557 3927 Bodrogb
1613 3831 2059 3904 Comitatuum
2117 3830 2202 3902 ad
2277 3834 2491 3904 instar
2569 3829 2809 3925 Oppidi
2864 3827 3079 3900 Szent
3127 3826 3343 3900 Maria
3417 3850 3602 3900 nunc
3657 3836 3802 3901 sta-

477 3939 596 4009 tim
647 3941 1036 4034 provisorie
1089 3941 1637 4032 incorporentur,
1709 3934 2085 4008 eorundem
2140 3941 2364 4008 autem
2416 3933 2723 4022 Incolae‚
2803 3934 2914 4027 qui
2969 3932 3295 4004 militares
3347 3950 3802 4027 perseverare

476 4041 746 4132 volunt,
819 4041 978 4113 inde
1033 4039 1148 4113 Cis
1209 4039 1590 4112 Danubium
1647 4038 1733 4111 ad
1788 4036 2097 4112 Confinia
2150 4038 2402 4134 Syrmij
2476 4047 2547 4109 et
2615 4036 3034 4108 Sclavoniae
3088 4058 3129 4107 a
3199 4033 3802 4108 Petro-Varadino

478 4167 697 4242 usque
752 4144 1054 4218 Semblin
1111 4142 1421 4215 ducenda
1474 4141 1997 4230 transferantur,
2054 4145 2291 4237 sicque
2346 4164 2384 4213 a
2431 4135 3025 4214 Contribuentibus
3081 4149 3508 4234 separentur.
3620 4136 3799 4210 Cae-

475 4258 696 4321 terum
750 4247 975 4344 quoad
1027 4247 1415 4320 Tel-minum
1460 4246 1922 4319 translationis
1976 4244 2332 4340 Hospitum
2388 4244 2682 4333 illorum,
2738 4246 2851 4337 qui
2905 4251 3060 4315 actu
3111 4245 3180 4315 in
3237 4239 3498 4316 Castris
3553 4243 3800 4315 nostris

479 4355 823 4426 constituti
878 4361 1060 4443 sunt,
1138 4373 1223 4424 ea
1280 4356 1485 4424 etiam
1563 4349 1676 4422 bic
1755 4349 1892 4422 loci
1948 4345 2521 4436 observabuntur,
2591 4368 2767 4443 quae
2822 4348 3133 4441 superius
3188 4344 3275 4417 ad
3344 4355 3669 4440 punctum
3733 4345 3795 4415 in

482 4454 737 4529 Ordine
792 4458 1153 4551 septimum
1208 4465 1280 4526 et
1340 4452 1588 4527 ibidem
1644 4452 2077 4525 denominata
2134 4451 2318 4524 Loca
2373 4451 2684 4522 militaria
2737 4452 3156 4545 praescripta
3212 4459 3388 4523 sunt.

786 4559 1160 4631 Decimo
1232 4558 1597 4630 Tertio:
1702 4555 1983 4628 Incolae
2054 4553 2343 4650 praefati
2415 4557 2559 4646 jam
2630 4552 3051 4648 Incorporati
3122 4549 3503 4624 Cameralis
3578 4548 3796 4648 oppidi

479 4665 700 4737 nostri
758 4662 1101 4736 Szabatba
1178 4684 1304 4734 seu
1360 4659 1866 4746 Sunt-Maria,
1939 4662 2050 4754 qui
2105 4680 2229 4753 pro
2286 4656 2681 4731 militaribus
2737 4664 2958 4730 semet
3004 4659 3149 4749 jam
3201 4655 3663 4746 declararunt,
3729 4661 3789 4724 et

477 4767 759 4839 ulterius
830 4769 1031 4838 etiam
1114 4765 1289 4838 tales
1347 4786 1802 4860 perseverare
1856 4763 2125 4852 volunt,
2197 4760 2282 4833 ad
2340 4782 2670 4836 summum
2743 4782 2962 4855 usque
3035 4759 3237 4832 finem
3295 4754 3613 4832 Octobris
3684 4756 3789 4828 vel

475 4873 732 4942 initium
807 4867 1223 4944 Novembris
1278 4868 1463 4940 Anni
1513 4870 1845 4940 currentis
1901 4865 1988 4938 ad
2027 4865 2227 4938 alium
2272 4862 2697 4937 Cameralem
2754 4863 3008 4935 Locum
3066 4874 3370 4937 nostrum
3426 4861 3788 4949 Mossoriu‚

473 4978 542 5047 in
598 4974 781 5047 dicto
837 4997 1057 5070 aeque
1113 4972 1447 5044 Comitatu
1485 4970 1878 5061 Bachiensi.,
1932 4969 2052 5042 vel
2106 4969 2324 5042 altero
2378 4968 2881 5062 Bodrogbiensi
2935 4971 3113 5039 inter
3147 4965 3492 5039 Tibiscum
3539 4976 3609 5039 et
3643 4964 3789 5035 Da-

471 5077 746 5151 nubium
820 5081 979 5163 sito.
1037 5082 1103 5148 in
1160 5087 1476 5172 quantum
1533 5099 1571 5146 a
1627 5077 2073 5170 proportione
2142 5072 2420 5144 Numeri
2477 5081 2546 5145 et
2598 5073 3044 5144 necessariae
3108 5094 3193 5141 ac
3246 5068 3473 5142 bonae
3545 5066 3787 5142 Subsi-

473 5186 765 5257 stentiae
829 5186 1128 5277 ipsorum
1184 5180 1343 5252 illuc
1393 5179 1658 5251 illocari
1730 5186 2074 5273 poterunt,
2145 5180 2214 5248 in
2269 5184 2591 5270 quantum
2645 5197 2820 5247 vero
2874 5174 3011 5247 boc
3064 5172 3213 5245 fieri
3286 5177 3598 5269 nequiret
3657 5168 3782 5241 de·-

476 5284 702 5357 fectus
758 5307 852 5356 ex
918 5286 1074 5375 alijs
1143 5282 1349 5355 Locis
1422 5287 1487 5354 in
1542 5282 1721 5353 illius
1782 5285 2034 5355 vicinia
2091 5278 2238 5370 (ubi
2305 5283 2447 5372 jam
2500 5282 2786 5374 praevie
2841 5277 2925 5350 ad
2978 5275 3485 5350 Prothocollum
3538 5276 3665 5349 diei
3714 5270 3784 5342 8.

474 5383 697 5475 Martij
770 5382 957 5455 Anni
1011 5389 1344 5457 currentis
1425 5383 1723 5479 benigne
1775 5384 2232 5477 resolvimus)
2301 5405 2429 5479 per
2482 5380 3053 5457 commissionem
3128 5382 3500 5477 supleatur‚
3567 5377 3783 5450 idem-
