3950 5917
3281 372 3456 451 w?

134 575 393 665 cedere,
446 575 855 652 confirmare
893 586 964 650 et
996 576 1354 651 declarare
1391 580 1788 670 ualeamns3
1841 581 1997 676 quia
2036 581 2256 653 eciam
2292 583 2556 653 iusticia
2595 578 2863 667 suadet,
2917 579 3212 654 reddere
3263 584 3438 654 uni-

136 682 357 775 cuique
436 679 621 776 quod
692 702 888 753 snum
943 691 1095 754 est:
1171 679 1601 779 Quapropter
1655 704 1783 756 nos
1838 680 2143 757 Comites
2195 686 2671 780 prenominati,
2742 685 2907 756 moti
2959 687 3229 779 propria
3281 704 3436 758 vo·-

136 783 365 855 laatate
417 782 504 855 ad
560 786 776 856 iustas
845 786 1236 880 petitiones,
1316 807 1561 858 omnes
1631 795 1704 860 et
1765 786 2073 880 singulas
2154 808 2394 859 eorum
2474 787 2786 881 antiquas
2865 785 3440 863 eonsuetudines.

137 886 461 959 libertates
516 895 591 960 et
623 889 1103 976 immunitates,
1158 910 1244 960 ac
1280 910 1519 961 eorum
1572 891 1747 978 iura,
1800 888 2045 985 quibus
2080 887 2167 961 ab
2205 892 2479 985 antiquo
2534 898 2843 985 tempore
2880 891 3070 985 potiti
3125 897 3306 977 sunt,
3358 897 3438 961 et

138 1010 292 1062 mc
338 991 690 1084 potiuntur
742 1000 814 1062 et
858 1000 1137 1064 vtuntur
1187 1013 1282 1063 ex
1334 989 1960 1065 confirmationibus
2013 990 2391 1085 Regalibus
2445 1000 2516 1063 et
2564 1000 2954 1065 nostrorum
3019 994 3434 1088 progenito-

138 1113 260 1164 rm
309 1144 674 1166 ........
778 1092 950 1167 Item
1004 1092 1433 1167 declaramus
1483 1103 1555 1166 et
1607 1092 2087 1167 confirmamus
2142 1104 2361 1168 metas
2414 1104 2485 1166 et
2536 1092 2829 1167 confinia
2901 1097 3007 1167 sui
3058 1094 3432 1185 districtus,

137 1192 347 1290 quibus
399 1216 684 1291 semper
733 1199 925 1292 potiti
977 1206 1133 1270 sunt
1184 1196 1270 1269 ab
1326 1199 1601 1293 antiquo
1650 1206 1990 1294 tempore,
2042 1196 2366 1270 videlicet
2417 1196 2805 1294 incipiendo
2842 1219 2884 1268 a
2919 1207 3112 1294 parte
3151 1197 3433 1271 Boreali

139 1297 272 1370 dicti
316 1294 535 1393 Burgi
586 1301 805 1371 nostri
859 1297 1146 1389 Scrisie,
1201 1323 1240 1370 a
1277 1299 1438 1373 loco
1501 1299 1684 1373 dicto
1719 1300 2111 1373 Belwiscba
2154 1299 2387 1395 Draga
2441 1303 2629 1373 iuxta
2683 1322 2900 1390 mare,
2953 1299 3113 1374 inde
3165 1323 3431 1375 ascen—-

139 1398 333 1473 dendo
385 1403 710 1498 superius
762 1424 1014 1476 versus
1048 1412 1429 1475 trauersum
1466 1401 1552 1476 ad
1587 1412 1850 1499 partem
1882 1403 2248 1476 Borealem
2301 1404 2611 1477 locorum
2664 1402 2996 1477 dictorum
3040 1402 3431 1492 Staniscba⁹

138 1511 197 1577 et
234 1505 331 1577 sic
382 1514 587 1577 recto
640 1507 906 1577 tramite
951 1504 1039 1578 ad
1092 1506 1316 1579 locum
1378 1505 1629 1580 dictum
1682 1505 1948 1595 Dubaz,
2022 1505 2271 1580 deinde
2325 1506 2410 1580 ad
2462 1505 2858 1603 Ledenyze,
2929 1506 3181 1581 exinde
3252 1528 3431 1581 vere

140 1604 211 1678 ed
253 1608 625 1680 australem
685 1608 955 1705 plagam
1011 1608 1099 1682 ad
1151 1609 1378 1682 locum
1460 1608 1710 1682 dictum
1782 1614 2072 1706 stupize,
2152 1608 2402 1683 deinde
2479 1619 2673 1683 recto
2752 1613 3021 1683 tramite
3074 1609 3161 1682 ad
3215 1630 3431 1685 cerne

139 1710 311 1799 stine,
362 1731 595 1807 vsque
632 1710 720 1784 ad
754 1711 983 1784 locum
1038 1711 1286 1785 dictum
1322 1712 1492 1786 Bani
1531 1722 1758 1809 stany,
1813 1711 2063 1785 deinde
2115 1734 2364 1787 versus
2418 1714 2816 1808 quirinalem
2869 1714 3144 1809 plagam
3197 1712 3429 1787 eundo

139 1811 390 1887 inferius
435 1813 525 1887 ad
568 1836 760 1887 mare
791 1817 861 1887 in
893 1814 1224 1910 Dragam,
1269 1837 1406 1910 que
1453 1814 1696 1889 dicitur
1729 1814 2161 1905 Moscbiena,
2201 1818 2390 1889 iuxta
2430 1838 2645 1907 mare,
2692 1826 2762 1890 et
2793 1816 2920 1890 has
2957 1819 3063 1889 eis
3110 1815 3430 1891 volumus

139 1917 461 2012 inponere
514 1926 769 2008 metas,
821 1926 901 1990 vt
933 1918 1156 1991 nullus
1190 1917 1563 1992 Vallacbus
1600 1919 1716 1993 vel
1752 1919 1928 1993 alter
1959 1921 2342 2015 quicunque
2395 1919 2774 2015 aliqualiter
2826 1922 2916 1993 sit
2947 1941 3158 1993 ausus
3203 1917 3434 1992 infra-

141 2017 325 2092 dictas
357 2029 591 2093 metas
626 2042 907 2094 manere
940 2021 1059 2094 vel
1096 2042 1389 2117 pascere
1423 2021 1644 2119 aliqua
1683 2022 2025 2111 animalia,
2080 2044 2205 2096 seu
2236 2021 2473 2095 facere
2511 2021 2785 2118 aliquod
2820 2022 3258 2111 laboral-ium,
3297 2018 3431 2099 aab

56 2170 57 2215 p
142 2143 289 2217 pena
318 2120 648 2196 librarum
684 2133 983 2215 centum,
1023 2124 1508 2198 soluendarum
1538 2128 1794 2198 ciuitati
1830 2123 2119 2211 Scrisie,
2153 2124 2480 2198 videlicet
2507 2122 2753 2199 Comiti
2793 2134 2865 2197 et
2905 2124 3265 2215 iudicibus,
3309 2125 3431 2222 qui

56 2218 59 2327 ξ
142 2245 243 2320 pro
270 2234 586 2323 tempore
620 2237 837 2300 erunt.
890 2226 1060 2302 Item
1089 2226 1356 2318 damus,
1392 2227 1836 2302 concedimus
1863 2239 1931 2301 et
1959 2227 2442 2302 confirmamus
2475 2228 2800 2325 predictis
2828 2226 3139 2303 fidelibus
3174 2229 3435 2303 nostrin

144 2326 645 2420 Solisiensibus,
679 2339 757 2403 vt
782 2339 854 2403 et
880 2352 1156 2428 semper
1189 2330 1594 2422 babuerunt,
1633 2331 1814 2427 qnod
1850 2334 2119 2428 possint
2151 2332 2514 2428 pasculare
2549 2354 2788 2407 eorum
2816 2332 3131 2405 animalia
3165 2334 3235 2405 in
3272 2332 3435 2427 pla-

144 2432 295 2524 uitiis
326 2442 660 2507 montane
695 2441 958 2524 nostre,
995 2444 1192 2508 extra
1228 2456 1468 2508 eorum
1500 2434 1806 2531 predicta
1843 2432 2138 2533 confinia
2176 2443 2250 2508 et
2281 2445 2503 2509 metas
2549 2444 2619 2508 et
2652 2438 2722 2507 in
2759 2435 3072 2531 planiciis
3105 2433 3435 2509 incedere

144 2531 302 2623 fena,
326 2558 562 2625 arare,
590 2539 960 2626 seminare,
1003 2560 1088 2609 ac
1121 2535 1411 2612 uallibus
1448 2537 1629 2612 dicte
1666 2547 1987 2611 montane
2024 2536 2330 2612 incidere
2364 2539 2735 2633 lignamina
2771 2548 2845 2611 et
2875 2538 3150 2612 trabere
3175 2557 3431 2612 versus

144 2633 336 2710 locum
371 2661 605 2729 suum,
658 2642 818 2736 quin
872 2662 968 2713 ex
1000 2639 1107 2714 bis
1144 2641 1343 2714 nobis
1396 2642 1629 2715 valeat
1680 2641 1957 2730 utilitas,
2013 2646 2163 2714 sine
2218 2641 2757 2715 contradictione
2810 2642 3116 2715 alicuius.
3171 2638 3434 2728 Quibus

147 2739 422 2813 cunibus
477 2741 810 2838 predictis
865 2752 936 2816 et
986 2742 1292 2839 quolibet
1342 2742 1798 2842 predictorum
1855 2766 1982 2840 per
2031 2765 2162 2819 nos
2217 2743 2553 2834 datorum,
2627 2766 3121 2818 concessorum
3171 2753 3245 2817 et
3295 2741 3436 2815 de·-

149 2840 558 2935 claratorum,
610 2846 929 2919 volumus
981 2849 1328 2943 perpetuis
1380 2846 1799 2942 temporibus
1850 2868 2259 2943 permanere
2320 2846 2541 2935 firma,
2612 2856 2761 2919 rata
2811 2857 2881 2920 et
2931 2857 3154 2941 grata,
3225 2855 3299 2920 et
3349 2843 3437 2919 ab

152 2945 424 3021 omnibus
502 2945 868 3022 obseruari
940 2948 1217 3023 debere.
1322 2949 1401 3023 In
1473 2953 1665 3023 cuius
1735 2952 1838 3023 rei
1906 2952 2370 3024 testimouium
2450 2960 2810 3048 presentes
2887 2950 3039 3025 fieri
3118 2949 3438 3040 fecimus,

153 3056 212 3118 et
272 3051 468 3145 sigilli
549 3054 771 3125 nostri
842 3055 1221 3127 communis
1299 3056 1669 3127 munimine
1738 3050 2072 3127 roborari.
2176 3053 2423 3127 Datum
2502 3052 2873 3147 Obrovacij
2947 3052 3257 3129 secundo
3325 3050 3441 3126 die

153 3156 374 3226 mis
450 3152 872 3229 Nouembris
952 3177 1133 3229 anno
1214 3155 1488 3230 Domini
1564 3153 1929 3230 Millesimo
2009 3160 2496 3230 trecentesimo
2570 3160 3047 3252 octuagesimo
3120 3159 3433 3253 septimo.

153 3251 419 3331 Alterius
468 3278 654 3331 vero
709 3261 930 3332 series
983 3257 1286 3333 verbalis
1340 3270 1451 3334 est
1500 3259 1679 3333 bec:
1777 3257 2143 3333 Vniversis
2198 3269 2269 3332 et
2320 3260 2633 3353 singulis,
2685 3271 3079 3357 presentem
3117 3262 3440 3356 paginam

56 3436 63 3449 ,
158 3376 229 3428 ac
273 3361 697 3455 priuilegium
749 3364 1186 3459 inspecturis,
1267 3360 1558 3436 Carolus
1629 3372 1702 3435 et
1750 3361 2080 3452 Thomas,
2158 3360 2411 3435 fratres
2465 3373 2536 3436 et
2588 3361 2705 3435 lilii
2757 3362 3099 3460 quondam
3153 3358 3438 3435 Comitis

154 3454 336 3544 Pauli,
378 3473 449 3537 et
480 3463 928 3557 Franciscus,
964 3463 1143 3540 iilius
1178 3465 1521 3562 quondam
1547 3463 1862 3551 Buthcbi,
1904 3463 2037 3537 Dei
2073 3473 2144 3537 et
2176 3464 2394 3538 Incliti
2418 3465 2884 3539 Romanorum
2910 3465 3127 3559 Regis
3165 3484 3442 3559 semper

153 3560 411 3659 Augusti
482 3570 707 3662 gratia
771 3565 1075 3643 Comites
1139 3566 1479 3642 Gorbauie
1532 3578 1663 3641 etc.
1682 3620 1707 3660 ,
1779 3568 2016 3641 harum
2089 3571 2274 3642 serie
2343 3578 2576 3642 notum
2645 3568 2939 3642 facimus
3009 3577 3081 3642 et
3131 3564 3440 3645 manite-

155 3672 321 3741 σιω.
406 3669 613 3758 Quod
664 3693 821 3743 cum
874 3671 1208 3746 bonorum
1259 3670 1569 3746 laborum
1621 3674 1925 3767 grauitas
1982 3681 2090 3746 est
2140 3670 2405 3748 fructus
2457 3683 2531 3747 et
2571 3674 2892 3747 virtutum
2944 3673 3206 3770 premia
3255 3667 3442 3744 bene

155 3773 405 3863 neritis,
466 3777 801 3868 exigente
853 3777 1105 3849 institia
1158 3774 1641 3864 conferuntur3
1722 3798 1935 3872 qnare
2004 3775 2524 3851 considerantes
2594 3777 3080 3874 amplissimam
3133 3773 3440 3848 fidelita-

156 3876 267 3945 ten
330 3886 401 3949 et
461 3875 844 3974 perfectam
925 3882 1321 3953 seruitutem
1397 3877 1692 3952 fidelium
1770 3887 2161 3954 nostrorum
2234 3878 2321 3952 de
2387 3888 2574 3952 terra
2644 3891 2879 3953 nostra
2952 3877 3215 3952 Scrisie
3285 3878 3440 3950 siue

154 3968 341 4071 Bflgb,
418 3990 495 4053 et
562 3983 867 4077 ipsorum
941 4005 1025 4054 ac
1077 3992 1429 4079 parentum
1503 4004 1783 4057 suorum
1851 3980 2247 4055 fidelissima
2319 4003 2534 4077 opera
2593 3993 2665 4055 et
2715 3983 2994 4057 seruitia
3066 4000 3237 4074 erga
3308 3999 3440 4054 nos

154 4085 741 4181 progenitoresqne
802 4095 1080 4160 nostros
1133 4107 1410 4182 semper
1461 4096 1534 4159 et
1580 4089 1905 4159 continue
1976 4085 2272 4157 maxima
2345 4082 2670 4158 fidelitate
2741 4095 3025 4160 ostensa
3077 4092 3152 4158 et
3200 4091 3444 4179 gestu

56 4128 59 4249 l
154 4178 381 4259 idcirco
435 4208 568 4261 nos
633 4184 937 4262 Comites
1008 4192 1475 4286 suprascripti,
1547 4191 1866 4263 volentes
1938 4190 2182 4262 merito
2247 4190 2675 4262 vniversitati
2746 4199 2931 4264 terre
2974 4195 3214 4262 nostre
3257 4184 3444 4260 dicte

56 4322 57 4335 κ
155 4282 447 4380 tribuere,
521 4289 764 4365 damus
835 4291 1085 4383 eidem,
1168 4302 1238 4365 et
1298 4315 1424 4389 per
1473 4316 1604 4367 nos
1677 4302 1748 4365 et
1809 4290 2107 4365 heredes
2177 4301 2249 4365 et
2311 4312 2766 4368 successores
2835 4301 3116 4366 nostros
3169 4311 3443 4364 conce-

156 4383 346 4464 dimus
422 4396 495 4467 in
575 4403 974 4491 perpetuum
1054 4398 1283 4469 omnia
1363 4406 1436 4469 et
1514 4397 1781 4491 singula
1860 4397 1928 4468 in
2010 4393 2462 4492 infrascriptis
2523 4391 2851 4492 Capitulis
2919 4403 3289 4484 contentu
3363 4399 3447 4467 vt

158 4510 369 4569 onnes
423 4506 495 4570 et
548 4498 797 4593 singuli
857 4496 1170 4591 Nobiles,
1250 4503 1443 4573 ciues
1498 4508 1570 4573 et
1619 4501 2112 4573 vniversitates
2184 4508 2371 4573 terre
2450 4509 2688 4574 nostre
2756 4498 2939 4573 dicte
3005 4500 3248 4593 suique
3319 4492 3441 4573 mii

160 4603 219 4666 et
260 4595 548 4675 heredes
602 4605 845 4674 merito
901 4601 988 4676 de
1040 4601 1241 4677 bonis
1297 4601 1617 4700 operibus
1674 4601 1804 4674 sibi
1854 4601 2120 4675 tributis
2175 4612 2671 4676 contententur.
2766 4599 3069 4699 Capitula
3144 4599 3442 4691 demum,

162 4720 274 4794 que
337 4724 374 4772 a
447 4704 649 4778 nobis
721 4704 1212 4797 conceduntur,
1278 4716 1436 4781 suut
1503 4706 1662 4787 bec..
1734 4705 2064 4780 videlicet
2132 4708 2394 4803 primo:
2506 4704 3003 4781 Confirmamus
3072 4725 3317 4779 omnes
3376 4713 3452 4779 et

162 4805 437 4900 singulas
530 4818 813 4884 veteres
903 4813 1314 4885 vsitationes
1401 4809 1583 4883 dicte
1663 4819 1848 4883 terre
1918 4819 2157 4884 nostre
2226 4808 2486 4884 Scrisie
2557 4814 2712 4885 sive
2786 4808 2983 4904 Bagb
3000 4862 3025 4900 ,
3123 4816 3448 4883 contente

166 4917 227 4979 ct
287 4911 623 5007 descripte
700 4916 770 4987 in
841 4913 1189 4989 volumine
1271 4923 1673 4988 statutorum
1762 4912 1942 4986 dicte
2013 4922 2198 4986 terre
2268 4924 2550 5003 nostre,
2630 4937 2715 4991 ac
2793 4916 3000 4987 etiam
3070 4914 3297 4987 omnia
3376 4918 3452 4985 e‘t

167 5013 402 5108 ringula
456 5011 800 5112 Capitula,
870 5019 941 5090 in
994 5016 1178 5092 dicto
1232 5018 1582 5092 volumine
1657 5017 2027 5114 descripta,
2096 5026 2174 5090 vt
2224 5017 2432 5108 bona,
2503 5040 2674 5091 vera
2728 5028 2803 5091 et
2850 5020 3059 5105 iusta,
3129 5014 3452 5109 factaque

172 5134 298 5191 οιιι
338 5118 559 5209 bonis,
612 5124 802 5195 veris
838 5130 910 5194 et
941 5125 1139 5196 iustis
1192 5121 1563 5195 ordinibus.
1635 5119 1806 5194 Item
1860 5141 2105 5194 omnes
2159 5129 2231 5194 et
2264 5121 2576 5215 singulos
2629 5119 2875 5195 fideles
2920 5128 3229 5208 nostros,
3277 5137 3456 5215 pre-

172 5230 374 5297 untes
425 5233 497 5298 et
540 5222 829 5317 futtiros,
892 5223 982 5298 de
1033 5224 1277 5299 eadem
1330 5235 1517 5298 terra
1570 5234 1807 5300 nostra
1860 5223 2152 5298 facimus
2205 5234 2569 5321 exemptos
2622 5247 2709 5298 ac
2759 5222 3019 5299 liberos
3067 5225 3138 5297 in
3190 5242 3457 5320 perpe-

56 5364 59 5377 ·
172 5327 325 5398 ham
365 5326 479 5417 ⁸de
539 5327 847 5404 omnibns
923 5338 997 5403 et
1046 5329 1338 5426 siugulis
1404 5331 1552 5403 aas
1622 5325 2008 5404 introitibus
2076 5348 2630 5429 quarumcunque
2698 5349 2976 5403 suarum
3043 5326 3460 5425 ponende-
