3950 5917
146 635 1441 729 memmidemlaedulm
1454 634 1863 733 supradicto
1913 633 2235 735 Nicolao,
2269 637 3142 733 exconcessioneregia
3191 639 3433 733 dede-1

151 755 235 821 nt
276 754 343 817 et
361 746 795 864 asfflgnarat,
874 740 1287 837 supradictis
1330 738 1724 835 Magistro
1750 739 2106 835 Dacyano
2146 747 2218 810 et
2249 726 2730 831 christoforo,
2791 762 2920 836 pro
2959 740 3431 837 quadraginta

147 859 219 923 et.
245 845 495 951 duabus
546 848 847 937 marcis,
910 848 1153 941 partim
1202 847 1276 917 in
1323 843 1651 935 denariis,
1698 853 1792 916 et
1822 845 2084 941 partim
2135 843 2207 939 ιι
2259 844 2759 921 estimacione
2781 843 3182 941 condigna,
3217 848 3432 943 plene

146 940 431 1048 mptis,
494 948 973 1041 vendidissent
1036 958 1375 1045 perpetuo
1439 945 1994 1044 possidendamz,
2046 967 2220 1042 quas
2277 955 2508 1020 tamen
2557 944 2679 1020 XL
2750 955 2822 1018 et
2881 944 3054 1037 duas
3124 972 3431 1045 marcas,

149 1054 436 1150 Iagister
480 1053 885 1150 Dacyanus
911 1062 1005 1125 et
1032 1050 1500 1143 christoforus
1549 1052 2030 1147 persoluerunt
2090 1071 2361 1123 coram
2379 1046 2592 1125 nobis
2630 1026 2953 1125 Ladizlao
3007 1063 3080 1126 et
3130 1051 3430 1145 Nicolao

148 1161 495 1255 prenotatis.
544 1157 753 1230 Dixit
793 1159 1001 1230 etiam
1048 1140 1439 1247 Ladizlaus,
1489 1154 1674 1250 quod
1723 1176 1864 1230 non
1914 1154 2139 1228 solum
2190 1153 2568 1251 predictam
2619 1163 2874 1227 terram
2925 1156 3222 1249 Borsod,
3295 1181 3430 1254 pro

150 1263 406 1358 predicta
456 1282 727 1347 summa
777 1263 1069 1357 pecunie
1122 1258 1574 1351 vendidisset,
1626 1281 1869 1345 verum
1922 1260 2144 1344 eciam
2196 1259 2496 1330 maxime
2545 1279 2673 1354 pro
2724 1280 2815 1332 eo
2853 1258 3187 1349 dedisset,
3241 1262 3429 1357 quod

151 1388 271 1439 cum
318 1364 562 1439 Comes
611 1363 871 1457 Paska,
939 1373 1136 1460 pater
1202 1364 1541 1455 eiusdem,
1606 1365 1681 1439 in
1747 1364 2078 1436 extremis
2147 1359 2519 1453 laboraret,
2587 1372 2873 1458 paterna
2923 1362 3430 1450 benedictione

150 1468 251 1543 sibi
291 1471 721 1561 iniunxisset,
770 1479 853 1543 vt
901 1470 963 1541 si
1012 1467 1345 1563 heredum
1411 1469 1659 1541 solatio
1729 1464 2089 1540 destitutus
2142 1462 2366 1557 fieret,
2434 1469 2690 1539 nemini
2759 1466 2849 1540 de
2912 1472 3224 1563 cognatis
3277 1473 3428 1544 suis

149 1572 389 1647 eandem
437 1583 700 1647 terram
751 1568 1064 1647 vendere
1116 1594 1244 1646 seu
1306 1569 1472 1644 dare
1517 1580 1969 1667 presumeret,
2022 1571 2156 1643 nisi
2208 1568 2368 1663 fflijs
2417 1567 2776 1663 Johannis,
2841 1571 3235 1647 consobrini
3290 1577 3426 1664 sui,

148 1675 419 1750 videlicet
465 1676 812 1773 Dacyano
864 1685 937 1749 et
987 1673 1415 1771 Christoforo
1485 1677 1881 1771 prenotatis.
1987 1672 2138 1747 Nec
2206 1672 2344 1749 hoc
2391 1677 2971 1773 pretermittimus,
3043 1675 3225 1772 quod
3274 1675 3430 1750 La-

151 1778 358 1854 dislnus
406 1791 478 1854 et
507 1780 849 1855 Nicolaus
894 1782 1258 1876 prenotati,
1311 1789 1591 1875 recepta
1642 1777 1998 1875 sepedicta
2048 1780 2339 1874 pecunia
2391 1777 2723 1872 plenarie,
2786 1780 3212 1875 priuilegium
3263 1780 3424 1857 Re-

152 1884 235 1975 g’u
273 1884 449 1977 Belo,
503 1906 728 1981 snper
778 1884 1162 1956 collacione
1217 1881 1529 1957 eiusdem
1580 1893 1763 1955 terre
1815 1881 2233 1975 confectum,
2301 1884 2374 1954 in
2425 1903 2666 1957 manus
2735 1881 3047 1979 Magistri
3108 1885 3425 1982 Dacyani

152 1997 207 2059 et
245 1986 638 2062 Christofori
690 1997 1070 2061 statuerunt
1118 2007 1354 2059 coram
1404 1985 1626 2061 nobis.
1731 1985 1917 2083 Sepe
1972 1985 2219 2059 dictam
2281 1996 2534 2059 terram
2605 1986 2900 2077 Borsod,
2933 2068 2940 2077 ⁴
2973 1991 3040 2061 ιιι
3095 1992 3296 2062 metis
3351 1998 3426 2062 et

152 2096 425 2183 terminis,
475 2096 544 2166 in
599 2096 779 2188 ipso.
813 2092 1169 2187 priuilegio
1225 2088 1752 2182 continentibus,
1807 2088 2197 2182 tenendam,
2252 2098 2322 2162 et
2355 2088 2841 2184 possidendam
2886 2094 2955 2165 in
2991 2090 3170 2166 filios
3225 2092 3425 2166 filio-

150 2214 260 2267 rum
302 2218 567 2270 suorum
628 2194 1102 2291 relinquendo.
1206 2194 1285 2268 In
1338 2197 1533 2268 cuius
1583 2199 1689 2268 rei
1738 2196 2142 2268 memoriam
2209 2192 2730 2289 firmitatemque
2797 2206 3199 2291 perpetuam·
3245 2219 3426 2293 pre-

152 2308 338 2373 mtes
400 2303 911 2391 concessimus,
982 2297 1068 2370 ad
1138 2300 1543 2373 instanciam
1614 2308 1684 2371 et
1746 2300 2165 2395 peticionem
2233 2296 2536 2371 Ladizlai
2598 2307 2670 2370 et
2719 2296 2987 2372 Nicolai
3057 2298 3420 2397 predicto·-

149 2421 284 2496 Νι,
338 2404 537 2499 sigilli
600 2406 840 2481 nostri
902 2405 1273 2479 munimine
1338 2398 1754 2477 roborando.
1858 2401 2110 2475 Datum
2183 2422 2365 2476 anno
2428 2401 2703 2476 Domini
2769 2401 2978 2476 Mcc,
3035 2415 3424 2502 septuage-

152 2524 289 2581 ano
328 2527 526 2584 nono.

150 2676 281 2803 ξομε.
308 2706 468 2764 Codex
499 2710 634 2780 Dipl
690 2710 857 2782 segni
891 2710 1062 2781 flung.
1098 2711 1153 2765 r.
1188 2710 1248 2763 v.
1284 2728 1336 2763 v.
1370 2706 1432 2764 11.
1468 2729 1521 2780 p.
1559 2710 1678 2763 sse.

1486 3299 2022 3382 LXXIII.

1336 3588 1545 3661 Anno
1605 3586 2168 3660 1279—1419.

148 3862 660 3979 Privilegia
763 3869 1508 3951 communitatis
1586 3867 2082 3948 Nobilium
2173 3867 2833 3949 Praedialium
2930 3879 3239 3953 castri
3320 3888 3414 3955 et

146 4010 422 4112 oppidi
499 4008 849 4092 Reicha
932 4033 1106 4088 seu
1185 4006 1660 4113 Βονιὲόε,
1731 4011 2140 4087 nuncin
2206 4008 2661 4086 confinio
2736 4011 3147 4088 militari
3210 4017 3409 4092 siti.

386 4246 534 4324 Nos
588 4248 923 4321 Nicolaus
977 4245 1063 4318 de
1120 4244 1326 4337 Gara,
1380 4248 1578 4339 regni
1647 4244 1996 4337 Hungarie
2066 4240 2436 4335 Palatinus,
2509 4254 2579 4317 et
2627 4244 2846 4318 Iudex
2920 4243 3406 4370 comanorum,

144 4367 241 4419 nee
282 4374 401 4426 uon
464 4351 728 4426 Comes
779 4352 1021 4424 Petrus
1094 4349 1179 4423 de
1230 4349 1457 4422 Peren
1511 4348 1731 4422 Iudex
1784 4347 1988 4421 Curie
2043 4344 2483 4421 Serenissimi
2538 4358 2608 4421 et
2660 4347 3007 4443 Magnifici
3077 4355 3407 4447 principis

142 4446 339 4527 domini
401 4454 855 4552 Sigismundi,
926 4454 1037 4529 dei
1091 4458 1326 4548 gracia
1394 4452 1859 4525 Romanorum
1928 4455 2119 4547 regis
2193 4474 2467 4548 semper
2517 4452 2839 4545 Augusti,
2914 4477 2997 4525 ac
3049 4454 3403 4549 Hungarie

142 4562 239 4627 etc.
281 4564 478 4685 regis,
553 4563 891 4633 memorie
962 4556 1521 4631 commendantes
1594 4568 1837 4628 tenore
1890 4560 2324 4652 presencium
2396 4554 2886 4649 significamus,
2961 4557 3202 4653 quibus
3259 4583 3410 4632 ex·-

140 4658 279 4747 pedit
336 4667 705 4739 vuinersis.
814 4662 1009 4751 Quod
1081 4684 1234 4734 cum
1305 4660 1495 4735 Elias
1566 4659 1742 4733 filins
1812 4658 2112 4757 Mykech
2184 4660 2271 4734 de
2337 4658 2644 4751 Welike,
2719 4656 2972 4734 Comes
3051 4668 3410 4739 terrestris

140 4756 538 4858 Reycbeusis,
613 4790 748 4842 nec
817 4790 955 4841 non
1023 4764 1376 4840 Ladislaus
1456 4763 1633 4839 filius
1685 4763 2042 4838 Michaelis
2113 4763 2202 4837 de
2252 4762 2733 4860 Fodorostyna
2786 4774 2857 4838 et
2907 4764 3152 4843 Petrus
3223 4767 3416 4844 filius

140 4860 278 4940 Petri
337 4869 606 4946 varch
671 4871 757 4944 de
809 4869 1218 4961 Pribenoch,
1286 4874 1357 4944 in
1411 4891 1649 4943 eorum
1718 4891 1804 4940 ac
1854 4871 2331 4943 vniuersorum
2386 4878 2457 4941 et
2506 4867 2931 4963 singulorum
2999 4872 3402 4969 predialium

144 4976 193 5038 et
228 4969 540 5049 Nobilium
598 4972 822 5049 Castri
872 4974 1306 5073 Reychensis
1369 4975 1710 5070 personis,
1782 4971 2057 5045 domino
2111 4982 2348 5045 nostro
2403 4970 2843 5066 sigismundo
2904 4980 3083 5070 regi,
3154 4979 3220 5048 in
3279 4995 3400 5065 eo,

146 5076 279 5163 qnod
324 5082 635 5173 quamvis
684 5082 815 5176 ipsi
869 5088 938 5153 et
989 5078 1265 5176 quilibet
1338 5100 1575 5152 eorum
1626 5075 1970 5173 prediales
2026 5086 2095 5149 et
2144 5074 2411 5150 nobiles
2482 5074 2908 5173 Jobagiones
2983 5077 3400 5151 Castrenses

148 5179 473 5275 existendo,
507 5206 639 5281 per
671 5182 868 5258 diuos
905 5206 1114 5279 reges
1150 5182 1526 5276 Hungarie,
1566 5188 1844 5278 propter
1871 5180 2183 5278 preclara
2227 5184 2738 5303 progenitorum
2776 5203 3014 5254 eorum
3043 5182 3410 5256 seruicia-

150 5294 255 5353 run
295 5291 525 5361 merita
581 5286 989 5383 specialibus
1052 5285 1429 5360 libertatum
1482 5288 1935 5387 prerogatiuis
1989 5292 2058 5356 et
2091 5286 2429 5378 graciosis
2484 5284 2784 5372 indultis,
2857 5287 3102 5379 vigore
3148 5292 3399 5357 certo-

151 5398 256 5457 run
290 5388 665 5464 litteralium
713 5390 1315 5467 Instrumentorum
1369 5389 1620 5464 exinde
1675 5388 2171 5478 confectorum,
2250 5387 2543 5463 fuissent
2595 5399 2665 5462 et
2717 5396 2955 5463 essent
3006 5374 3410 5487 presigniti,[

302 5540 721 5607 (rmirrivn.
755 5543 1057 5614 eumen.)
1654 5529 1661 5537 ’
2347 5528 2352 5537 ’
2873 5508 2971 5584 12
