3950 5917
482 406 645 490 21521

480 614 974 729 persoluimuffi
1048 628 1178 720 qui
1213 612 1476 723 gratum
1547 620 1747 697 nobis
1776 632 1783 645 ’
1811 614 2268 698 exbibuerunt
2335 621 2766 720 obsequium„
2836 621 3191 719 prebendo
3246 622 3399 717 ast
3453 621 3815 697 laudabilis

480 730 905 803 fimitacionis
956 729 1375 824 exemplum.
1465 726 1653 799 Sane
1707 726 2137 801 attendentes
2193 730 2465 801 sincere
2520 751 2604 801 ac
2639 730 3019 801 constanus
3074 726 3477 800 deuocionis
3530 736 3602 799 et
3651 725 3816 801 fidei

481 835 759 933 merita,
844 831 1087 927 quibus
1139 835 1248 904 vir
1301 829 1709 924 Magnificus
1784 830 2173 927 Stephanus
2252 818 2478 925 Vegle
2550 841 2620 904 et
2671 829 3015 923 Modruxij
3102 829 3385 920 Comes,
3463 829 3691 904 affinis
3746 841 3818 903 et

479 926 715 1008 indens
770 946 1009 1009 noster
1053 935 1367 1024 dilectus,
1414 956 1581 1028 erga
1618 937 2045 1008 maiestatem
2081 940 2387 1006 nostram
2441 932 2869 1013 euidentibus
2906 933 3229 1030 operibus
3282 934 3546 1024 claruit,
3600 936 3817 1029 ipsius

481 1060 764 1134 quoque
803 1038 1113 1133 grandia,
1166 1038 1356 1109 vtilia
1396 1046 1466 1109 et
1504 1032 1853 1110 fructuosa
1901 1040 2224 1129 seruicia,
2278 1060 2412 1133 que
2460 1035 2661 1111 nobis
2713 1037 3073 1129 hactenus,
3125 1059 3428 1134 persone
3481 1045 3550 1110 et
3584 1058 3818 1110 rerum

479 1163 767 1218 suarum
819 1163 958 1215 non
1010 1140 1357 1236 parcendo
1410 1140 1760 1237 periculis,
1830 1140 2178 1215 laboribus
2233 1150 2304 1213 et
2356 1138 2756 1236 sumptibus,
2819 1140 3149 1214 indetexe
3201 1144 3516 1237 prestitit,
3587 1163 3675 1212 ac
3723 1140 3822 1213 ad

479 1256 782 1343 'presens
834 1255 1094 1341 prestat
1145 1266 1230 1317 ac
1264 1253 1576 1340 prestare
1624 1246 1872 1340 poterit
1923 1246 2180 1318 vtiliter
2229 1245 2299 1317 in
2351 1243 2674 1334 futurum,
2729 1266 2823 1318 ex
2877 1243 3120 1338 quibus
3174 1243 3424 1318 nedum
3479 1243 3632 1333 sibi,
3687 1243 3821 1343 sed

479 1352 639 1423 suis
676 1352 895 1421 eciam
933 1352 1232 1444 posteris
1288 1347 1658 1422 ostendere
1712 1358 1950 1422 nostre
2004 1346 2426 1421 liberalitatis
2480 1352 2785 1442 graciam
2843 1348 3251 1442 obligamuS‚
3306 1348 3529 1421 eidem
3568 1346 3822 1420 Comiti

490 1453 730 1525 barum
773 1456 955 1524 serie
998 1451 1085 1524 de
1124 1461 1314 1524 certa
1355 1454 1656 1524 sciencia
1709 1461 1946 1526 nostra
1994 1451 2465 1542 concedimus»,
2521 1450 2705 1547 quod
2759 1454 2828 1523 in
2875 1474 3068 1537 casu,
3123 1473 3258 1546 qno
3309 1450 3630 1524 eundem·
3661 1449 3822 1525 Co'-

482 1559 726 1629 mitem
780 1554 1088 1627 subtrahi
1140 1554 1227 1627 ab
1280 1554 1413 1627 hac
1467 1556 1622 1627 luce
1676 1557 2066 1649 contigerit,
2144 1555 2469 1647 legitimis
2521 1553 2757 1629 liberis
2811 1555 3137 1629 masculis
3190 1578 3284 1627 ex
3339 1576 3467 1628 suo
3521 1574 3822 1650 corpore

494 1680 635 1733 non
687 1659 969 1746 relictis,
1026 1660 1096 1731 in
1151 1680 1238 1731 eo
1290 1679 1455 1732 casu
1513 1658 1877 1751 magnifica
1927 1657 2257 1731 infantula
2310 1657 2693 1747 Elizabeth‚
2767 1658 3074 1732 eiusdem
3132 1655 3416 1731 Comitis
3470 1657 3606 1730 filia
3662 1660 3822 1753 pri-

480 1765 847 1856 mogenita
903 1771 973 1835 et
1024 1762 1325 1856 legitima
1382 1784 1466 1834 ac
1519 1765 1581 1835 si
1635 1771 1827 1836 esset
1876 1763 2250 1852 masculus⁹
2326 1771 2397 1834 et
2459 1763 2763 1856 legitime
2817 1759 3324 1835 descendentes
3379 1784 3473 1833 ex
3527 1784 3641 1852 ea,
3703 1763 3825 1858 qui

492 1876 657 1959 tunc
710 1869 1114 1960 superstites
1186 1864 1461 1953 fuerint,
1539 1865 1913 1938 succedant
1986 1876 2056 1939 et
2109 1865 2490 1939 succedere
2562 1864 2859 1938 debeant
2930 1865 3156 1938 eidem
3211 1864 3455 1938 Comiti
3508 1869 3579 1938 in
3633 1864 3823 1938 dlcto

484 1972 819 2041 -comitatu
869 1968 1097 2064 Vegle
1153 1979 1222 2041 et
1276 1968 1649 2061 Modruxij.,
1705 1967 2155 2063 omnibusque
2210 1969 2365 2060 alijs
2420 1972 2647 2057 terris,
2703 1972 2975 2059 castris,
3027 1968 3213 2041 villis
3262 1978 3331 2042 et
3380 1966 3608 2055 bonis,
3683 1974 3826 2062 que

497 2072 582 2144 ad
635 2094 926 2167 presens
980 2073 1162 2145 idem
1218 2069 1470 2146 Comes
1525 2071 1731 2145 habet
1785 2081 1854 2143 et
1905 2071 2240 2168 possidet,
2313 2095 2399 2144 ac
2453 2070 2710 2144 babere
2765 2082 2836 2144 et
2888 2074 3248 2166 acquirere
3318 2074 3568 2168 poterit
3637 2074 3826 2144 iusto

480 2175 687 2247 “titulo
740 2179 810 2248 in
864 2174 1184 2265 futurum,
1257 2185 1327 2248 et
1380 2176 1491 2248 ad·
1522 2198 1648 2249 eos
1701 2179 1771 2247 in
1822 2179 2163 2271 premisso
2238 2197 2407 2248 casu
2486 2174 2872 2248 huiusmodi
2951 2178 3311 2249 successio
3392 2174 3826 2248 deuoluatur.

486 2278 643 2352 Nos
699 2282 878 2352 enim
933 2282 1066 2351 iam
1122 2279 1370 2351 dictam
1422 2277 1804 2369 Elizabeth‚
1851 2290 1921 2351 et
1955 2280 2259 2373 legitime
2304 2278 2811 2352 descendentes
2850 2301 2943 2352 ex
2981 2301 3091 2368 ea,
3148 2302 3244 2352 ex
3287 2301 3469 2351 nunc
3520 2282 3589 2351 in
3647 2301 3830 2351 casu

496 2385 838 2479 premisso
895 2382 981 2454 ad
1035 2384 1553 2455 successionem
1616 2382 2003 2456 huiusmodi
2056 2394 2126 2455 et
2179 2404 2422 2455 omnes
2495 2382 2667 2457 alios
2723 2393 2916 2456 actus
2982 2383 3328 2478 legitimos
3383 2404 3468 2454 ac
3521 2380 3830 2477 quelibet

486 2488 631 2557 -alia
687 2485 772 2557 ad
828 2489 1347 2559 successionem
1402 2488 1619 2581 ipsam
1671 2489 2120 2581 pertinencia,
2192 2486 2280 2559 de
2334 2485 2514 2558 dicta
2565 2495 2752 2558 certa
2807 2496 3043 2560 nostra
3116 2489 3418 2562 sciencia
3473 2493 3543 2558 et
3594 2484 3827 2579 Regio

486 2599 733 2663 *nostre
786 2592 1145 2685 potestatis
1195 2587 1638 2686 plenitudine,
1691 2588 1953 2662 habiles
2009 2589 2356 2663 reddimus
2411 2600 2479 2662 et
2534 2611 2856 2685 capaces„
2912 2590 3100 2684 Lege
3153 2591 3266 2662 uel
3321 2592 3829 2662 constitucione

499 2693 725 2786 Regni
777 2695 994 2766 nostri
1048 2692 1399 2787 Hungarie
1455 2697 1795 2765 contraria
1847 2714 1989 2765 non
2043 2693 2379 2766 obstante.
2489 2692 2638 2766 Nec
2694 2697 2915 2765 eciam
2986 2692 3473 2767 obsistentibus
3527 2693 3830 2789 quibus-

500 2819 796 2892 cumque
848 2796 1119 2887 litteris,
1201 2795 1462 2868 cedulis
1516 2797 1631 2868 uel
1685 2799 2064 2891 scripturis,
2147 2796 2347 2869 factis
2410 2819 2536 2892 per
2587 2796 2985 2869 recollende
3065 2802 3394 2869 memorie
3474 2796 3830 2868 dominum

502 2900 920 2972 Ludovicum
970 2900 1083 2973 dei
1118 2902 1352 2991 gracia
1394 2898 1701 2994 Vngarie
1736 2899 2007 2994 Regem
2046 2911 2208 2989 etc.3
2239 2899 2724 2972 Reuerendum
2770 2900 3116 2973 dominum
3170 2911 3430 2996 patrem
3485 2906 3827 2989 nostrum,

504 3013 618 3075 aut
672 3005 820 3075 aliis
879 3000 1416 3097 quibuscumque
1471 3025 1596 3075 seu
1649 3025 1775 3098 per
1826 3026 1956 3077 nos
2010 3004 2123 3076 uel
2178 3004 2350 3076 alios
2407 3005 2714 3075 similiter
2765 3001 2967 3076 factis
3037 3004 3150 3076 uel
3204 3007 3646 3099 imposterum
3701 3001 3827 3073 fa-

504 3105 793 3195 ciendis,
841 3106 928 3178 de
966 3107 1427 3180 translacione
1475 3105 1859 3179 huiusmodi
1914 3109 2381 3181 successionis
2431 3115 2498 3177 et
2551 3109 2764 3202 ipsius
2819 3109 3088 3180 comitis
3139 3105 3476 3180 bonorum
3513 3109 3584 3179 in
3618 3105 3828 3177 alium

505 3230 1001 3305 quemcumque
1073 3221 1143 3282 et
1210 3210 1387 3286 illius
1432 3208 2005 3285 ,habilitacionem
2053 3209 2147 3295 ad
2199 3212 2718 3285 successionem
2788 3209 3105 3299 eandem,
3180 3232 3350 3305 quas
3426 3221 3496 3283 et
3546 3232 3681 3303 que
3737 3208 3832 3301 de

504 3312 686 3385 dicta
739 3323 929 3386 certa
982 3323 1217 3386 nostra
1274 3316 1575 3387 sciencia
1621 3314 1920 3387 tollimus
1975 3326 2047 3387 et
2098 3335 2533 3404 reuocamoe,
2590 3337 2674 3386 ac
2726 3312 2986 3388 viribus
3042 3324 3111 3386 et
3164 3314 3474 3386 efficacia
3527 3313 3838 3386 totaliter

505 3438 901 3490 vacuamus.
1008 3415 1084 3488 In
1140 3418 1332 3489 cuius
1387 3419 1490 3490 rei
1541 3419 2003 3513 testimonium
2049 3427 2414 3515 presentes
2443 3418 2728 3511 ‘litteras
2784 3439 3105 3492 exm....
3160 3417 3308 3490 fieri
3365 3427 3432 3489 et
3500 3415 3837 3512 pendenti

501 3517 882 3594 Maiestatis
963 3529 1198 3595 nostre
1280 3520 1505 3613 sigillo
1576 3524 1898 3595 iussimus
1973 3523 2394 3593 communiri.
2502 3519 2750 3592 Datum
2802 3519 2996 3593 Bude
3051 3543 3231 3594 anno
3285 3521 3541 3593 domini
3586 3518 3838 3594 Mille-

502 3625 678 3696 simo
734 3626 1218 3697 trecentesimo
1291 3626 1766 3716 octuagesimo
1821 3632 2054 3714 sexto,
2126 3624 2236 3698 die
2300 3626 2636 3697 vicesimo
2709 3623 3017 3699 secundo
3069 3624 3400 3716 saunarij,
3454 3644 3639 3697 none
3693 3623 3831 3698 In-

504 3723 864 3817 diodonis,
941 3725 1340 3821 Regnorum
1413 3735 1802 3799 nostrorum
1856 3725 2190 3821 Vngarie,
2272 3726 2626 3801 Dalmacie
2681 3738 2812 3801 etc.
2869 3749 3049 3801 anno
3105 3730 3350 3825 primo,
3429 3727 3842 3802 Jerosolimi

501 3848 679 3902 uero
731 3838 801 3902 et
853 3827 1090 3923 Sicilie
1144 3850 1325 3903 anno
1383 3831 1635 3925 quinto.

1311 4060 1439 4139 (Ab
1481 4060 1781 4141 inferiori
1819 4071 2009 4144 parte
2051 4061 2331 4143 sigillum
2388 4062 2653 4125 rubrum
2690 4062 3029 4145 pendeus.)

505 4268 649 4342 orig.
686 4272 985 4328 membrnua
1017 4275 1072 4329 in
1107 4273 1354 4329 Arcbivio
1389 4275 1559 4346 Regni
1593 4274 1852 4331 Cro-fiae.
1886 4276 1945 4330 N.
1985 4276 2044 4331 R.
2080 4277 2144 4331 Α.
2179 4276 2325 4331 Fue.
2360 4277 2511 4331 1592.
2548 4276 2610 4329 Ν.
2630 4279 2680 4330 5.

492 4540 529 4553 ,μ-
