3950 5917
546 440 707 518 126

543 666 707 722 num
761 656 833 722 et
883 666 1238 741 coronam,
1312 649 1568 746 regalis
1620 649 1878 746 fastigii
1929 647 2477 742 succedentibus,
2549 646 2828 725 labores
2905 650 3291 740 continuos,
3369 667 3842 745 expensarum

547 751 810 825 honera
838 754 935 825 'et
985 755 1266 828 servitia
1316 753 1693 847 indefessa,
1742 775 1869 851 pro
1922 754 2340 828 exaltatione
2389 756 2566 850 regii
2613 754 2924 828 culminis
2975 761 3047 826 et
3094 751 3405 845 honoris,
3451 772 3580 847 pro
3626 754 3846 826 rein-

548 858 934 951 tegratione
1001 867 1074 929 et
1131 866 1494 953 aug-mento
1561 858 2002 955 reipublicae,
2073 880 2159 930 ac
2208 857 2696 932 reformatione
2758 859 2953 953 pacis
3017 859 3091 930 in
3148 876 3369 952 reg-no
3436 853 3844 949 Hungariae

548 957 926 1056 praedicto,
974 961 1046 1033 in
1098 960 1391 1036 diversis
1443 962 1984 1059 expeditionibus
2034 965 2249 1058 ipsius
2299 961 2517 1037 Patris
2569 965 2810 1052 nostri,
2862 969 2934 1034 et
2981 962 3261 1047 nostris,
3314 958 3556 1033 ductor
3604 980 3848 1033 exer-

552 1067 727 1136 citus
781 1066 1115 1155 existens,
1166 1068 1518 1161 potissime
1569 1068 1640 1138 in
1691 1068 2221 1141 conservatione
2285 1063 2726 1139 confiniorum
2779 1072 2850 1138 et
2898 1066 3419 1161 recuperatione
3482 1066 3842 1137 termino-

550 1188 701 1239 rum
742 1170 940 1262 regni
990 1172 1208 1243 nostri
1257 1168 1645 1264 Hungariae
1694 1168 2075 1266 praelibati,
2125 1179 2433 1266 tempore
2485 1171 3068 1244 sanctissimorum
3116 1162 3636 1263 Progenitorum
3689 1188 3844 1240 no-

548 1280 869 1361 strorum,
939 1272 1100 1345 olim
1149 1273 1503 1349 illustrium
1552 1294 1797 1368 regum
1845 1273 2264 1368 Hungariae,
2315 1276 2386 1346 in
2437 1275 2875 1347 conterminis
2939 1292 3314 1368 regnorum
3379 1270 3714 1347 Austriae
3766 1279 3839 1344 et

543 1370 919 1448 Bohemiae
968 1375 1424 1468 imitatorum,
1490 1384 1562 1451 et
1612 1376 1879 1451 demum
1930 1381 2084 1474 ipso
2134 1398 2355 1472 regno
2423 1386 2662 1452 nostro
2731 1375 3122 1473 Hungariae
3174 1394 3304 1451 suo
3352 1374 3644 1448 naturali
3699 1396 3838 1447 re-

547 1487 738 1552 ctore
815 1477 1162 1571 destituto,
1240 1503 1375 1554 nec
1424 1479 1716 1555 habente
1768 1483 1839 1554 in
1894 1503 1999 1573 se,
2079 1484 2191 1578 qui
2243 1502 2412 1554 suae
2482 1482 2840 1576 aequitatis
2911 1477 3217 1554 habenas
3291 1487 3485 1552 recto
3559 1482 3844 1550 tramite

546 1580 980 1676 gubernaret,
1029 1586 1299 1679 penitus
1351 1583 1439 1658 ad
1491 1584 1668 1657 dicta
1717 1586 1946 1658 vicina
1995 1606 2212 1680 regna
2263 1587 2644 1680 nequitiose
2693 1591 3207 1680 occupatorum,
3282 1605 3437 1657 cum
3488 1580 3840 1656 effusione

547 1689 896 1779 sanguinis
949 1690 1081 1779 sui,
1159 1698 1230 1761 et
1297 1710 1499 1784 quam
1570 1689 2007 1785 plurimorum
2082 1692 2546 1785 proximorum
2618 1695 2689 1760 et
2747 1690 3159 1762 servitorum
3225 1707 3504 1763 suorum
3580 1685 3842 1778 caede,

545 1788 941 1864 fidelissime
1020 1788 1434 1885 exhibendo,
1509 1813 1678 1888 prae
1730 1793 1882 1868 aliis
1932 1790 2278 1888 regalibus
2355 1793 2609 1867 nostris
2685 1788 2934 1864 famam
2986 1790 3381 1887 pollentem,
3451 1799 3522 1863 et
3569 1810 3838 1864 nomen

547 1890 838 1965 ducebat
871 1893 1269 1986 gloriosum,
1322 1895 1464 1970 de
1442 1898 1656 1992 1psius
1705 1896 2034 1970 industria
2088 1906 2157 1969 et
2187 1894 2532 1990 legalitate
2584 1892 3033 1986 confidentes,
3087 1893 3399 1968 adiuncta
3435 1890 3564 1967 sibi
3596 1895 3840 1988 gentis

545 1995 990 2088 multitudine,
1022 2001 1095 2071 in
1127 1998 1544 2095 praedictum
1586 2021 1873 2094 reguum
1905 2009 2213 2073 nostrum
2264 1998 2566 2091 Siciliae,
2616 2008 2691 2070 ut
2725 1997 3159 2073 seductorum
3208 2000 3504 2094 nequitia
3556 2000 3840 2071 exstir-

546 2111 767 2196 petur,
818 2103 1235 2176 tirannorum
1284 2108 1597 2200 puniatur
1647 2102 2040 2195 crudelitas,
2089 2124 2578 2201 perversorum
2631 2112 3107 2198 compescatur
3158 2103 3533 2192 temeritas,
3605 2118 3834 2196 prae-

547 2214 893 2279 sumtuosa
947 2205 1334 2280 refrenetur
1377 2206 1686 2297 audacia,
1738 2207 2070 2280 malorum
2120 2207 2455 2281 evellatur
2502 2209 2951 2303 perversitas,
3003 2204 3449 2302 superborum
3495 2214 3837 2279 conster—

543 2319 743 2381 netur
795 2309 1024 2401 elatio,
1099 2319 1171 2383 et
1221 2311 1552 2384 elatorum
1605 2330 1859 2382 cornua
1913 2311 2393 2407 deprimantur,
2460 2308 2890 2405 fideliumque
2941 2319 3011 2384 et
3058 2307 3392 2383 bonorum
3462 2311 3838 2383 sinceritas

546 2411 793 2486 clarius
845 2412 1215 2503 elucescat,
1271 2413 1584 2486 duximus
1637 2412 2126 2487 destinandum.
2224 2414 2356 2501 Qui
2406 2413 2675 2511 quidem
2728 2413 3114 2510 Stephanus
3164 2411 3562 2510 Wayvoda,
3612 2422 3836 2507 post-

545 2537 744 2612 quam
790 2513 1036 2590 fuisset
1084 2521 1153 2589 in
1178 2517 1447 2615 Fogya,
1497 2516 1874 2612 praefatum
1925 2516 2345 2592 Ludovicum
2397 2516 2483 2590 de
2533 2517 2859 2608 Tarento,
2911 2526 3216 2592 nostrum
3267 2517 3535 2591 hostem
3583 2514 3836 2611 publi-

545 2639 699 2690 cum
752 2628 821 2691 et
869 2623 1067 2713 regni
1133 2625 1347 2695 nostri
1399 2620 1675 2695 Siciliae
1744 2623 2165 2713 invasorem,
2235 2632 2304 2695 et
2355 2642 2690 2717 sequaces
2763 2643 2928 2696 suos
2996 2623 3065 2693 in
3119 2621 3394 2694 civitate
3459 2618 3836 2712 Luceriae,

544 2721 870 2814 districte,
923 2722 1189 2796 fortiter
1235 2723 1528 2815 obsedit,
1579 2723 1894 2820 idemque
1945 2723 2356 2799 Ludovicus.
2405 2729 2651 2798 timore
2703 2746 2953 2820 magno
3003 2726 3428 2821 perterritus,
3480 2733 3550 2796 et
3584 2745 3834 2817 ang-u-

541 2829 687 2899 stiis
738 2826 1031 2924 undique
1085 2827 1560 2919 circumdatus,
1613 2832 1835 2923 gentis
1889 2851 2085 2920 suae,
2137 2839 2208 2901 et
2260 2829 2494 2904 salutis
2547 2851 2714 2904 snae
2763 2850 2976 2925 prope
3030 2828 3454 2924 desperatus,
3503 2825 3595 2899 de
3639 2827 3832 2900 dicta

538 2928 868 3002 Luceriae
929 2934 1204 3005 civitate
1257 2930 1655 3024 discedens,
1709 2954 1959 3007 versus
2014 2935 2356 3006 civitatem
2407 2932 2676 3006 Exculii
2725 2934 2972 3006 volens
3023 2953 3344 3028 pergere,
3397 2940 3553 3004 aute
3597 2932 3825 3027 ipsum

540 3030 952 3128 Stephanum
1003 3035 1444 3133 Wayvodam
1494 3038 1618 3110 vix
1667 3038 1962 3109 vicinam
2027 3039 2367 3111 civitatem
2437 3036 2713 3133 Troyae
2781 3040 3117 3130 attingere
3185 3036 3397 3109 valuit
3459 3031 3828 3128 fugiendo,

535 3134 921 3231 praedictus
973 3159 1144 3212 vero
1200 3137 1581 3236 Stephanus
1627 3137 2027 3238 Wayvoda,
2097 3150 2170 3213 ut
2217 3139 2514 3236 prudens
2564 3144 2699 3229 vir,
2768 3141 3017 3214 volens
3069 3142 3139 3213 in
3174 3148 3423 3262 ..cepto
3461 3142 3830 3262 proposito

534 3237 871 3335 publicato
917 3245 988 3315 in
1041 3254 1195 3316 actu
1246 3265 1673 3341 praeponere
1725 3266 1970 3316 necem
2019 3248 2232 3336 vitae,
2283 3248 2672 3340 prinsquam
2726 3242 2811 3315 ab
2848 3247 3118 3339 incepto
3169 3243 3624 3337 ignominiose
3680 3241 3838 3314 de-

541 3345 761 3437 sistat,
811 3349 1032 3442 ipsum
1082 3346 1498 3422 Ludovicum
1555 3347 1641 3419 de
1693 3347 2039 3444 praedicta
2092 3352 2367 3422 civitate
2393 3347 2692 3444 Troyae,
2747 3370 2901 3420 cum
2953 3369 3078 3420 sua
3126 3356 3359 3442 gente,
3412 3368 3568 3418 cum
3615 3345 3836 3418 Ban-

540 3446 749 3523 deriis
803 3471 931 3523 seu
982 3452 1259 3525 vexillis
1321 3451 1685 3547 explicitis,
1754 3473 2006 3526 versus
2073 3450 2490 3549 praedictam
2556 3454 2896 3525 civitatem
2948 3449 3217 3525 Exculii
3266 3454 3338 3523 in
3390 3447 3832 3525 convallibus

527 3552 661 3623 iter
713 3557 1172 3650 arripientem,
1219 3559 1498 3644 invasit,
1569 3566 1638 3628 et
1691 3577 1841 3628 cum
1893 3558 2043 3651 ipsa
2096 3566 2303 3651 gente
2369 3554 2700 3629 Ludovici
2768 3554 3148 3651 praeliavit,
3216 3558 3288 3627 in
3343 3575 3477 3649 quo
3526 3553 3834 3649 praelio,

527 3656 708 3729 sicut
754 3656 1048 3731 Domino
1100 3660 1376 3755 placuit,
1426 3660 1786 3732 victoriam
1840 3656 1968 3732 sibi
2020 3661 2271 3732 institia
2323 3663 2752 3751 ministravit,
2806 3669 2876 3732 et
2910 3669 3185 3755 praeter
3234 3661 3509 3732 occisos
3543 3666 3614 3729 et
3646 3658 3832 3731 vul-

524 3768 807 3834 neratos
861 3760 949 3832 ad
999 3772 1313 3854 mortem,
1366 3771 1713 3834 trecentos
1767 3765 2032 3856 equites
2085 3765 2479 3858 captivavit,
2540 3764 2799 3837 vexilla
2849 3762 3062 3837 Ducis
3112 3761 3469 3852 Veruellii,
3536 3760 3832 3833 Domini

524 3858 795 3937 Nicolai
834 3864 920 3937 de
954 3863 1347 3957 Acherolis,
1397 3864 1669 3938 Domini
1721 3863 2034 3962 Philippi,
2088 3865 2247 3938 dicti
2298 3867 2457 3939 mali
2509 3870 2808 3963 spiritus,
2858 3867 3133 3940 Domini
3181 3864 3467 3939 Joannis
3504 3864 3592 3937 de
3625 3864 3838 3937 Tur·—

522 3969 760 4060 gonia,
831 3977 901 4040 et
952 3968 1084 4042 alia
1133 3972 1262 4041 tria
1316 3967 1954 4043 connestabulorum
2010 3964 2475 4065 Corporalium
2528 3992 2654 4044 seu
2704 3967 3046 4044 Nobilium
3115 3970 3538 4066 apportavit3
3597 3990 3834 4064 prae-

527 4068 689 4143 dicti
737 4092 911 4147 vero
962 4071 1123 4146 Dux
1154 4073 1542 4148 Veruellius
1578 4083 1649 4146 et
1678 4073 2012 4147 Dominus
2064 4072 2387 4149 Nicolaus
2423 4073 2510 4148 de
2542 4074 2934 4164 Acherolis,
2988 4095 3145 4146 cum
3193 4074 3417 4148 multis
3469 4073 3649 4163 aliis,
3693 4094 3836 4195 per

522 4175 732 4248 multa
782 4194 1227 4272 personarum
1279 4178 1583 4274 pericula
1649 4174 1910 4252 viribus
1982 4200 2309 4274 equorum
2379 4200 2658 4253 suorum
2727 4176 3046 4275 perffulti,
3099 4176 3187 4249 de
3237 4174 3549 4250 manibus
3599 4178 3836 4271 ipsius

524 4276 851 4374 Stephani
894 4280 1313 4379 Wayvodae
1362 4284 1707 4376 incogniti
1740 4284 1865 4355 vix
1916 4291 2308 4356 evaserunt.
2396 4280 2889 4378 Dampnificata
2937 4284 3169 4378 itaque
3221 4291 3429 4376 gente
3480 4278 3834 4377 praedicti

520 4378 852 4457 Ludovici
903 4394 973 4457 et
996 4383 1369 4508 ‘praedicta
1418 4383 1825 4481 perditione,
1879 4388 2188 4481 sequenti
2241 4385 2350 4458 die
2402 4385 2584 4458 idem
2633 4385 3022 4459 Ludovicus
3074 4381 3201 4459 sub
3256 4386 3524 4459 silentio
3584 4386 3828 4460 noctis

522 4486 804 4582 auffugit
855 4487 943 4560 de
992 4491 1141 4586 ipsa
1192 4486 1425 4585 Troya
1473 4491 1544 4562 in
1580 4491 1926 4561 civitatem
1973 4487 2222 4563 Exculi
2272 4498 2763 4586 praenotatam,
2816 4500 2886 4562 et
2936 4487 3208 4561 demum
3257 4488 3596 4562 nonnullis
3652 4486 3831 4561 die-

519 4585 651 4664 bu's
701 4596 1061 4667 transactis
1111 4591 1295 4666 idem
1348 4590 1730 4713 Stephanus
1780 4588 2156 4688 Wayvoda
2207 4592 2585 4689 praefatum
2627 4592 2890 4667 Ducem
2929 4590 3349 4667 Vernellium
3398 4614 3554 4665 cum
3604 4594 3836 4688 quin-

519 4694 747 4786 gentis
800 4699 1075 4770 armatis
1130 4698 1441 4770 societati
1491 4697 1705 4791 ipsius
1754 4692 1968 4769 Ducis
2020 4694 2327 4769 Veruelii
2379 4697 2711 4771 adiunctis
2777 4699 2851 4769 in
2905 4696 3181 4771 civitate
3234 4694 3532 4769 Corneth
3585 4699 3835 4792 capti-

519 4799 733 4871 vavit.
808 4796 1004 4872 Post
1052 4797 1229 4872 haec
1279 4821 1433 4871 cum
1483 4796 1666 4871 idem
1715 4796 2105 4874 Ludovicus
2177 4811 2553 4896 aggregata
2607 4800 2737 4874 sibi
2764 4803 3015 4924 ‘gentis
3083 4799 3499 4874 multitudine
3552 4821 3840 4895 appre-

523 4898 773 4993 ciatae,
825 4910 897 4972 et
947 4900 1400 4999 compluribus
1450 4905 1649 4997 regni
1698 4905 1915 4978 nostri
1983 4901 2262 4978 Siciliae
2327 4904 2708 4979 infidelibus
2760 4906 2831 4979 in
2884 4926 3078 4980 suam
3130 4907 3533 4980 societatem
3583 4904 3824 5000 appli-

525 5008 724 5096 catis,
806 5002 1159 5080 confidens
1208 5008 1279 5079 in
1330 5007 1571 5130 gentis·
1608 5027 1777 5080 suae
1825 5006 2270 5101 multitudine,
2348 5012 2570 5105 ipsum
2647 5007 3064 5105 Stephanum
3136 5005 3577 5107 Wayvodam
3658 5026 3826 5081 cum

519 5116 663 5182 tota
718 5118 926 5204 gente
978 5106 1108 5186 sibi
1160 5106 1499 5200 adiuncta,
1548 5113 1622 5183 in
1673 5112 2150 5186 contumeliam
2199 5116 2417 5188 nostri
2465 5116 2644 5209 regii
2691 5112 2975 5189 honoris
3032 5114 3304 5209 penitus
3355 5112 3830 5187 exterminare

519 5215 830 5310 cupiens,
881 5222 953 5287 et
1003 5215 1227 5288 animo
1276 5211 1678 5291 desiderans
1745 5213 2115 5309 anhelanti,
2184 5225 2345 5293 ante
2415 5219 2759 5292 civitatem
2808 5212 3327 5314 Neapolitanam
3378 5219 3450 5291 in
3501 5237 3670 5289 area
3723 5214 3820 5290 ad

520 5325 867 5392 certamen
913 5314 1077 5393 belli
1125 5320 1311 5415 prius
1378 5338 1504 5416 per
1567 5320 1789 5415 ipsum
1839 5316 2256 5416 Stephanum
2303 5318 2750 5419 Wayvodam
2796 5323 2870 5394 in
2922 5322 3336 5395 contrarium
3383 5322 3603 5419 ipsius
3655 5317 3816 5393 Lu-

518 5417 773 5495 devici
799 5431 1229 5522 praeparata,
1302 5419 1465 5500 belli
1511 5431 1859 5500 certamen
1923 5429 2285 5519 commisit,
2361 5421 2480 5501 ubi
2525 5424 2710 5506 idem
2765 5422 3157 5523 Stephanus
3203 5418 3582 5524 Wayvoda
3651 5422 3818 5501 zelo
