3950 5917
510 428 627 506 32

518 639 712 728 garia
769 645 926 709 suut
983 634 1118 706 due
1171 633 1379 708 sedes
1428 631 2121 730 Archiepiscopales3
2192 631 2688 728 strigoniensis
2740 642 2813 706 et
2863 631 3288 707 Colocensis.
3398 631 3824 726 strigonium

515 737 726 811 habet
794 739 881 812 de
952 742 1140 810 curia
1210 741 1400 832 regis
1464 737 1551 809 de
1624 748 1892 810 moneta
1946 737 2044 820 VI
2089 738 2274 812 mille
2319 759 2608 810 marcas
2678 746 2751 809 et
2817 736 3152 811 decimam
3219 747 3673 829 monetarum,
3751 747 3827 811 et

519 852 629 916 est
683 843 1078 937 metropolis
1129 841 1456 936 Vngarie.
1538 840 1941 916 Colocensis
1996 842 2230 914 sedem
2283 841 2488 914 habet
2535 840 2987 915 Bachiensem
3040 850 3110 913 et
3159 840 3365 913 habet
3416 841 3549 914 duo
3604 841 3819 913 millia
3949 875 3950 908 ;

521 956 592 1018 et
644 951 1050 1041 quingentas
1105 967 1395 1019 marcas.
1449 944 1877 1040 Suffraganei
1930 945 2184 1020 domini
2236 944 2726 1039 strigoniensis
2781 953 2971 1018 sunt:
3023 944 3405 1040 Episcopus
3443 945 3816 1039 Agriensis
3949 995 3950 1000 =

520 1048 783 1124 habens
836 1051 926 1122 111
977 1051 1184 1122 millia
1237 1072 1638 1122 marcarum.
1740 1050 2170 1146 Episcopous
2219 1048 2638 1123 Woacensis
2690 1047 2951 1121 habens
3005 1052 3470 1143 septingentas
3523 1071 3820 1123 marcas.

516 1153 901 1250 Episcopus
980 1154 1738 1248 Quinqueecclesiensis
1814 1152 2073 1226 habens
2151 1154 2334 1226 mille
2414 1163 2484 1225 et
2560 1155 2961 1247 quingentas
3038 1175 3330 1226 marcas.
3433 1151 3822 1248 Episcopus
3947 1160 3950 1204 ἑ

520 1256 920 1332 Gouriensis
979 1257 1241 1330 habens
1292 1258 1477 1329 mille
1529 1279 1820 1329 marcas.
1923 1256 2304 1352 Episcopus
2352 1256 2913 1352 Wesprimiensis
2965 1254 3225 1330 habens
3296 1256 3476 1328 mille
3531 1260 3820 1351 septin-

515 1372 763 1453 gentas
817 1384 1107 1436 marcas.
1212 1360 1597 1457 Episcopus
1642 1361 2006 1436 Nitriensis
2077 1360 2338 1435 habens
2409 1362 2591 1436 mille
2646 1370 2912 1434 centum
2986 1382 3275 1435 marcas.
3382 1359 3821 1454 Suffraganei

518 1462 925 1538 Colocensis
981 1474 1180 1539 sunt:
1234 1463 1616 1560 Episcopus
1672 1463 2094 1539 Sunadensis
2149 1462 2656 1556 (Chanadensis
2675 1463 2755 1554 Y)
2810 1464 2927 1535 vel
2969 1486 3008 1534 a
3045 1462 3255 1536 fluvio
3307 1463 3816 1559 preterlabente

513 1567 955 1659 Norbensis,
1026 1567 1288 1641 babens
1350 1568 1484 1641 duo
1537 1570 1742 1640 millia
1797 1591 2198 1640 marcarum.
2303 1567 2683 1662 Episcopus
2736 1566 3004 1640 Biarch.
3061 1571 3251 1640 cuius
3306 1567 3511 1642 sedes
3566 1568 3819 1640 dicitur
3947 1603 3950 1646 ³

513 1669 908 1747 Orosiensis
981 1670 1441 1765 (Olasiensis)
1529 1669 1790 1745 habens
1862 1673 2044 1744 mille
2109 1693 2402 1744 marcas.
2507 1671 2887 1766 Episcopus
2955 1669 3481 1767 Vltrasylvanus
3549 1669 3819 1746 habens

512 1771 646 1848 duo
721 1777 924 1848 millia
994 1797 1398 1848 marcarum.
1502 1775 1884 1872 Episcopus
1954 1772 2438 1869 Zagrabiensis
2510 1797 2715 1870 super
2783 1774 3031 1848 flumen
3085 1772 3226 1847 Soa
3294 1773 3556 1849 habens
3625 1775 3816 1846 mille

511 1882 919 1974 quingentas
991 1901 1285 1953 marcas.
1388 1879 1466 1951 In
1517 1879 1868 1951 Dalmacia
1941 1889 2098 1953 sunt
2150 1878 2282 1951 duo
2335 1877 3024 1975 Archiepiscopatus:
3095 1878 3496 1953 Jaderensis
3551 1878 3816 1970 (Jace-

506 1984 809 2157 vensis),
881 1980 1141 2056 habens
1196 1987 1629 2107 quingentas·
1655 2005 1944 2107 marcas.
2049 1982 2546 2106 EspaletensiS‚
2616 1980 2876 2055 habens
2930 1981 3458 2078 quadringentas
3510 2003 3807 2056 marcas.

504 2085 1232 2284 v323fl5252¹012331³53
1289 2097 1605 2263 30:1¹3?
1611 2087 1789 2263 ’3ἑῖ
1803 2083 3062 2281 hssissi‘esffiifflabffiss“¹333ssss
3067 2085 3241 2285 ⁵122?
3246 2109 3546 2282 ssas,
3615 2085 3814 2264 ιῗξῖ

500 2292 709 2367 habet
769 2293 857 2365 de
907 2294 1055 2368 sale
1110 2317 1237 2368 suo
1290 2293 1454 2365 XVI
1504 2294 1710 2366 millia
1763 2316 2054 2366 marcas.
2158 2293 2345 2365 Idem
2423 2292 2629 2365 habet
2698 2292 2784 2365 de
2837 2292 3148 2389 pedagiis
3222 2303 3292 2365 et
3343 2296 3680 2390 passagiis
3739 2305 3818 2366 et

504 2401 826 2470 mercatis
881 2421 1004 2472 seu
1040 2397 1238 2488 foris,
1295 2419 1426 2493 que
1481 2401 1705 2469 omnia
1760 2407 1916 2471 sunt
1960 2397 2159 2469 XXX
2211 2397 2414 2469 millia
2466 2419 2869 2470 marcarum.
2920 2396 3111 2469 Idem
3163 2393 3369 2469 habet
3422 2397 3510 2470 de
3562 2397 3812 2471 alienis
3949 2427 3950 2430 ¹

501 2499 877 2597 hospitibus
947 2506 1137 2594 regis
1192 2501 1279 2573 de
1330 2501 1763 2597 Vltrasylvas
1817 2500 1950 2572 XV
2001 2502 2206 2573 millia
2261 2524 2660 2574 marcarum.
2763 2499 2953 2573 Idem
3021 2500 3226 2572 habet
3287 2500 3374 2573 de
3428 2524 3550 2575 sua
3605 2506 3814 2574 tertia
3939 2549 3946 2588 r

501 2614 695 2700 parte
748 2604 835 2678 de
892 2610 1315 2701 septuaginta
1388 2603 1649 2677 duobus
1723 2602 2081 2679 comitibus
2154 2607 2294 2679 suis
2347 2604 2435 2677 de
2487 2604 2750 2677 redditu
2822 2627 3046 2677 annuo
3099 2603 3300 2677 XXV
3348 2605 3554 2678 millia
3606 2628 3813 2677 mar-

504 2732 759 2782 carum.
828 2709 1020 2782 Idem
1071 2707 1277 2781 habet
1330 2708 1416 2781 de
1467 2709 1663 2780 Duce
1717 2709 2086 2781 Sclauonie
2139 2732 2263 2805 per
2316 2732 2561 2781 annum
2614 2708 2680 2780 X
2732 2708 2913 2780 mille
2965 2731 3255 2783 marcas.
3326 2707 3812 2805 Unusquisque

502 2817 826 2885 comitum
892 2810 992 2885 72
1063 2812 1280 2886 semel
1352 2815 1420 2884 in
1494 2835 1670 2886 anno
1742 2836 1985 2907 regem
2050 2811 2357 2907 Vngarie
2426 2822 2769 2909 procurat,
2837 2822 2907 2885 et
2975 2823 3336 2908 antequam
3406 2812 3493 2885 de
3564 2835 3812 2887 mensa

501 2926 760 3010 surgat,
835 2916 1013 2989 dona
1079 2915 1193 2989 dat
1245 2939 1485 2990 munus
1557 2926 1825 2989 centum
1877 2939 2285 3008 marcarum,
2356 2927 2427 2989 et
2479 2916 2717 3013 aliquis
2778 2938 3013 2988 eorum
3064 2916 3145 2988 Π.
3202 2914 3277 2989 C.
3333 2939 3620 2990 marcas.
3728 2917 3814 2990 In

499 3020 741 3115 quibus
797 3019 1104 3093 adminus
1151 3024 1561 3116 presumitur
1630 3043 1888 3094 summa
1946 3022 2157 3094 solius
2209 3023 2397 3114 regis
2450 3021 2642 3114 larga
2698 3024 3197 3116 computatione
3249 3019 3318 3093 X
3370 3022 3551 3093 mille
3603 3043 3814 3094 mar-

499 3146 756 3197 carum.
860 3123 950 3196 Et
993 3135 1227 3220 preter
1275 3124 1407 3197 hec
1462 3126 1637 3197 dona
1690 3128 1930 3219 regine
1986 3134 2056 3196 et
2106 3123 2395 3197 filiorum
2446 3129 2633 3218 regis
2686 3148 2933 3219 magna
2986 3128 3056 3196 in
3094 3133 3407 3218 argento,
3463 3147 3586 3199 seu
3618 3146 3814 3220 pan-

495 3230 631 3318 nis,
683 3230 929 3303 sericis
983 3237 1054 3301 et
1105 3231 1321 3325 equis.
1424 3227 1513 3301 Et
1561 3239 1792 3325 preter
1840 3228 1972 3300 hec
2024 3231 2390 3302 tricesima.
2493 3228 2791 3323 Populus
2860 3238 3043 3300 terre
3112 3232 3264 3322 regi
3332 3227 3499 3301 facit
3545 3231 3813 3303 victum
3939 3279 3946 3326 :

497 3331 896 3427 plenarium.

494 3533 661 3601 Fejer.
701 3534 879 3589 Codex
912 3534 1284 3605 Diplomaticns
1316 3534 1483 3605 Regni
1515 3535 1832 3605 Hungariae.
1865 3527 1980 3587 vol.
2013 3531 2076 3588 Π.
2110 3550 2230 3605 pag.
2265 3534 2387 3588 21⁷.
2452 3533 2501 3588 E
2535 3534 2718 3588 codice
2751 3533 2919 3603 Regio
2953 3534 3223 3589 brisiensi
3256 3534 3378 3589 Νη.
3411 3535 3551 3588 6238
3586 3534 3674 3588 fol.
3717 3536 3814 3589 m.
3941 3491 3950 3538 1

1870 4096 2328 4186 xxvn
2339 4099 2418 4181 Ι.

1886 4387 2095 4459 Anno
2164 4386 2204 4458 1
2221 4384 2398 4459 185.

494 4644 855 4726 Petrus
951 4647 1588 4752 Spalatensis
1667 4646 2592 4753 Archiepiscopus,
2689 4648 3201 4729 celebrato
3296 4647 3804 4757 Concilio,
3945 4649 3950 4693 ³

489 4783 1042 4867 Parochias
1102 4791 1366 4867 inter
1423 4785 2103 4892 Episcopatus
2168 4785 2633 4867 Croatiae
2697 4798 2793 4866 et
2851 4785 3402 4867 Dalmatiae
3481 4812 3805 4893 aequo
3937 4851 3950 4902 :

554 4927 776 5030 jure
838 4924 1365 5004 distribuit
1422 4927 1971 5032 multasque
2034 4927 2533 5007 salutares
2607 4926 3295 5007 ordinationes
3358 4931 3724 5008 sancit.

802 5195 879 5269 In
930 5198 1205 5269 nomine
1260 5205 1541 5270 sanctae
1594 5207 1664 5271 ct
1711 5195 2102 5270 individuae
2153 5197 2515 5272 Trinitatis.
2619 5199 2826 5272 Anno
2880 5197 2965 5272 ab
3017 5203 3483 5275 incarnatione
3537 5200 3812 5277 domini

494 5297 959 5372 HGLXXXV.
1011 5300 1382 5374 indictione
1429 5301 1543 5374 ΙΙΙ.
1646 5300 1941 5375 Domino
1996 5300 2206 5374 Lucio
2257 5324 2432 5398 papa
2480 5302 2595 5376 ΙΙΙ.
2650 5305 3070 5400 apostolicae
3124 5304 3275 5378 sedi
3325 5304 3806 5401 praesidente‚
3949 5315 3950 5318 ’

490 5425 583 5474 ac
629 5403 714 5476 D.
748 5403 917 5479 Bela
967 5404 1083 5479 ΠΙ.
1134 5404 1526 5502 Hungariae
1576 5427 1863 5501 regnum
1915 5404 2363 5500 gubernante,
2416 5416 2487 5480 et
2516 5405 2811 5483 Domino
2863 5408 2947 5483 Η.
3003 5408 3382 5503 (Henrico)
3435 5407 3574 5484 filio
3611 5412 3806 5504 eius,
3946 5487 3950 5526 Ξ
