3950 5917
518 397 677 473 152

498 607 726 678 'sione
779 624 904 699 pro
957 607 1238 697 generis
1290 604 1564 677 humani
1616 604 2089 701 redemptione
2140 604 2453 701 pendeus
2505 608 2574 677 in
2629 625 2837 677 cruce
2890 602 3248 676 decoravit
3313 600 3626 692 mirifice,
3697 612 3842 675 tota

520 710 775 781 nentis
855 708 1231 779 intentione
1311 708 1681 782 studiosius
1762 707 1969 781 debet
2017 708 2376 781 intendere
2450 712 2710 804 pariter
2760 717 2831 779 et
2882 706 3284 798 invigilat-03
3363 709 3557 777 cuius
3627 706 3842 795 cultu,

526 812 863 904 cuiusque
916 819 1104 901 nutu,
1176 813 1506 906 cuiusque
1554 811 1930 884 rationibus
2000 832 2330 907 prospera
2400 809 2682 905 regibus
2753 820 2996 883 cuncta
3068 807 3444 883 succedunt
3495 817 3570 880 et
3617 831 3842 881 acce-

524 910 731 1001 dunt3
809 933 968 984 nam
1017 910 1105 984 de
1155 935 1480 986 moerore
1550 935 1704 986 cum
1759 914 2012 1007 gaudio
2085 918 2406 1010 provenit
2454 918 2624 1011 ipsis
2678 915 2959 1004 laetitia,
3039 921 3110 984 et
3159 914 3472 985 tristitiae
3548 911 3842 985 redeunt

528 1017 802 1106 solatia,
855 1014 944 1087 de
996 1014 1244 1088 nebula
1294 1020 1534 1091 svavis
1590 1040 1755 1089 aura
1806 1016 2032 1113 prodit
2084 1028 2155 1089 et
2206 1020 2478 1090 nimium
2533 1018 2929 1108 dulcorosa,
3007 1026 3079 1090 et
3131 1015 3219 1088 de
3263 1015 3464 1090 hoste
3516 1036 3643 1088 seu
3693 1014 3839 1088 ho-

524 1117 743 1199 stibus
795 1122 1148 1212 consurgit
1197 1122 1490 1192 victoria
1543 1122 1742 1194 simul
1796 1131 1866 1193 et
1901 1120 2314 1214 triumphus3
2367 1130 2438 1191 et
2473 1124 2749 1193 omnino
2804 1122 3153 1194 terrestria
3206 1121 3277 1191 in
3332 1119 3661 1203 coelestia
3713 1118 3838 1191 fe-

521 1222 745 1294 liciter
796 1231 1312 1295 commutantur.
1401 1223 1698 1295 Proinde
1753 1224 1840 1296 ad
1893 1227 2370 1296 universorum
2423 1227 2727 1297 notitiam
2778 1221 3019 1296 harum
3071 1224 3254 1296 serie
3307 1223 3623 1295 volumus
3662 1244 3840 1317 per-

524 1328 803 1397 venire:
858 1328 1016 1419 quia
1069 1324 1531 1400 Serenissimo
1578 1326 1894 1422 Principe
1937 1326 2233 1399 Domino
2284 1325 2641 1399 Ludovico
2694 1326 2941 1399 eadem
2990 1325 3121 1398 Dei
3156 1328 3374 1417 gratia
3411 1324 3835 1419 Hungariae,

520 1426 880 1519 Poloniae,
932 1427 1314 1501 Dalmatiae
1366 1439 1498 1502 etc.
1553 1428 1780 1521 Rege,
1851 1427 2179 1502 Genitore
2245 1440 2484 1503 nostro
2539 1429 2971 1520 charissimo,
3039 1427 3422 1501 laudandae
3484 1428 3834 1500 recorda-

518 1533 755 1620 tionis,
808 1529 1088 1603 volente
1141 1530 1435 1604 Domino
1490 1533 1696 1620 coeli,
1769 1535 1962 1607 cuius
2025 1542 2191 1606 nutu
2243 1536 2470 1605 omnia
2523 1541 2853 1626 reguntur
2906 1542 2977 1606 et
3027 1530 3498 1626 disponuntur,
3569 1529 3833 1626 absque

518 1634 713 1728 prole
764 1635 1141 1707 masculina
1195 1634 1283 1707 de
1336 1634 1564 1708 medio
1620 1634 1913 1723 sublato,
1967 1633 2302 1731 nobisque
2354 1639 2504 1708 iure
2558 1638 2998 1709 successorio
3053 1645 3125 1706 et
3175 1634 3416 1707 ordine
3469 1637 3832 1726 geniturae

521 1735 769 1810 solium
839 1746 911 1808 et
964 1758 1291 1810 coronam
1347 1737 1511 1810 dicti
1578 1743 1775 1832 regni
1843 1739 2239 1833 Hungariae
2293 1761 2377 1811 ac
2431 1749 2702 1833 sceptra
2774 1740 3126 1830 regiminis
3197 1740 3410 1831 ipsius
3481 1735 3834 1810 Genitoris

517 1842 738 1912 nostri
781 1836 1077 1912 feliciter
1128 1841 1420 1935 adeptis,
1502 1840 1724 1916 fidelis
1774 1852 2017 1915 noster
2067 1841 2387 1937 specialis
2441 1839 2876 1936 Capellanus,
2946 1839 3365 1913 venerabilis
3434 1843 3504 1911 in
3560 1838 3836 1913 Christo

521 1940 728 2014 Pater
776 1942 1109 2016 Dominus
1166 1942 1689 2040 Chrysogonus,
1760 1948 2142 2039 praemissa
2196 1955 2267 2016 et
2317 1946 2698 2040 apostolica
2758 1946 2976 2038 gratia
3029 1942 3415 2039 Episcopus
3465 1941 3835 2016 Ecclesiae

520 2043 1027 2140 Traguriensis,
1063 2046 1150 2120 ad
1185 2058 1466 2121 nostrae
1503 2051 1891 2122 serenitatis
1945 2047 2344 2122 accedendo
2395 2049 2883 2143 praesentiam,
2931 2057 3212 2121 nostrae
3265 2044 3604 2118 humiliter
3655 2067 3835 2140 sup-

518 2148 796 2242 plicavit
844 2147 1212 2241 Maiestati,
1267 2161 1339 2222 ut
1390 2154 1547 2245 quia
1599 2150 1777 2223 dicta
1829 2149 2150 2225 Ecclesia
2204 2151 2684 2244 Traguriensis
2755 2149 2881 2224 sub
2935 2147 3276 2223 vocabulo
3347 2148 3833 2242 gloriosissimi

518 2248 769 2325 Christi
817 2250 1140 2349 Martyris
1208 2251 1554 2326 Laurentii
1624 2263 2042 2343 constructa,
2113 2253 2297 2326 foret
2368 2252 2819 2342 Cathedralis,
2875 2263 2945 2325 et
2995 2252 3328 2326 hactenus
3400 2251 3626 2345 sigillo
3695 2273 3834 2323 ca·-

518 2358 774 2428 ruisset
844 2355 1272 2443 authentico;
1344 2356 1503 2429 ideo
1558 2355 1648 2429 de
1691 2356 2113 2451 benignitate
2183 2358 2473 2449 reginali
2526 2356 2752 2430 eidem
2798 2356 3162 2429 Ecclesiae
3214 2364 3286 2428 et
3339 2376 3465 2429 suo
3520 2351 3832 2448 Capitulo

522 2458 840 2551 sigillum,
920 2480 1056 2553 quo
1109 2463 1456 2554 perpetuis
1506 2459 1924 2555 temporibus
1981 2459 2310 2533 Canonici
2359 2483 2484 2533 seu
2538 2459 2913 2556 Capitulum
2966 2461 3178 2553 ipsius
3230 2457 3592 2530 Ecclesiae
3640 2457 3833 2529 Tra-

517 2563 859 2651 guriensis
916 2572 1286 2647 uterentur,
1337 2562 1504 2634 dare
1559 2572 1629 2634 et
1680 2562 2071 2636 concedere
2126 2563 2604 2656 dignaremur,
2677 2567 2854 2636 sicut
2906 2563 3083 2635 aliae
3137 2565 3340 2634 etiam
3397 2559 3830 2635 cathedrales

515 2662 880 2737 Ecclesiae
932 2668 1129 2759 regni
1181 2669 1399 2738 nostri
1448 2666 1689 2758 sigillis
1768 2665 2068 2760 gaudent
2123 2678 2195 2739 et
2246 2666 2572 2740 fruuntur.
2677 2665 2823 2738 Nos
2877 2668 3104 2760 itaque
3159 2666 3472 2757 vestigiis
3527 2666 3830 2758 priorum

502 2765 1141 2841 Praedecessorum
1195 2778 1610 2859 nostrorum,
1682 2770 1843 2841 olim
1896 2769 2253 2843 illustrium
2324 2791 2562 2863 regum
2627 2768 3020 2862 Hungariae
3090 2767 3637 2840 beatissimarum
3699 2790 3830 2840 re-

518 2867 1011 2960 cordationum,
1067 2874 1180 2966 qui
1232 2870 1778 2946 tamEcclesias
1830 2871 2262 2946 chatedrales
2313 2884 2383 2943 et
2437 2874 2864 2965 collegiatus,
2938 2894 3138 2965 quam
3211 2871 3380 2942 alias
3434 2873 3634 2961 regni
3683 2891 3829 2942 no·

520 2975 668 3064 stri,
721 2971 1017 3046 diversis
1070 2972 1452 3046 libertatum
1503 2978 2006 3070 praerogativis
2063 2985 2132 3047 et
2166 2976 2541 3070 privilegiis
2598 2975 3011 3047 decorarunt
3061 2984 3133 3045 et
3177 2975 3368 3066 regia
3423 2971 3826 3044 liberalitate

513 3072 942 3166 refoverunt,
1022 3076 1486 3166 inhaerentes,
1567 3077 2167 3174 supplicationibus
2247 3078 2534 3173 praefati
2613 3077 2888 3150 Domini
2964 3076 3401 3173 Chrysogoni
3473 3072 3826 3170 Episcopi,

516 3199 714 3272 quem
767 3182 833 3250 in
890 3183 1152 3252 cunctis
1207 3184 1421 3254 nostri
1476 3192 1545 3253 et
1597 3186 1792 3274 regni
1846 3185 2064 3255 nostri
2118 3185 2414 3273 negotiis
2469 3185 2821 3278 prosperis
2877 3192 2947 3253 et
2982 3179 3297 3253 adversis
3353 3183 3537 3250 iuxta
3592 3188 3826 3251 nutum

511 3292 790 3353 nostrae
828 3283 1196 3356 voluntatis
1243 3305 1520 3379 semper
1573 3307 1926 3378 sagacem,
1984 3295 2054 3357 et
2091 3286 2413 3359 solertem
2453 3308 2536 3356 ac
2574 3283 2845 3356 fidelem
2900 3286 3303 3379 reperimus,
3359 3280 3834 3355 favorabiliter

508 3384 900 3477 inclinatae,
979 3387 1299 3460 volentes
1354 3387 1485 3460 sibi
1536 3386 1624 3460 de
1675 3386 2096 3482 benignitate
2150 3388 2437 3480 reginali
2501 3388 2962 3482 complacere,
3044 3390 3396 3481 potissime
3479 3389 3682 3457 etiam
3737 3383 3828 3458 ob

514 3508 705 3584 spem
762 3499 833 3561 et
883 3488 1324 3563 devotionem
1395 3500 1727 3581 nostram,
1800 3513 2002 3586 quam
2056 3491 2144 3563 ad
2196 3494 2417 3586 ipsum
2488 3491 3058 3584 gloriosissimum
3131 3488 3382 3562 Christi
3447 3486 3830 3583 martyrem

507 3588 941 3664 Laurentium
1003 3598 1307 3685 gerimus
1363 3603 1432 3664 et
1483 3592 1840 3681 habemus,
1919 3593 2209 3689 provida
2282 3592 2774 3666 deliberatione
2828 3616 2961 3666 una
3018 3615 3172 3665 cum
3242 3591 3828 3666 excellentissima

510 3702 580 3766 et
631 3690 1090 3768 Serenissima
1142 3695 1460 3790 Principe
1515 3706 1585 3769 et
1636 3695 1929 3768 Domina
1982 3693 2362 3787 Elisabeth,
2432 3700 2810 3791 praemissa
2864 3696 2998 3769 Dei
3051 3698 3268 3789 gratia
3323 3698 3565 3789 regina
3618 3693 3827 3767 Hun-

506 3796 769 3888 gariae,
822 3795 1179 3890 Poloniae,
1233 3797 1612 3871 Dalmatiae
1666 3809 1826 3889 etc.,
1880 3802 2216 3893 genitrice
2295 3811 2531 3873 nostra
2609 3821 2925 3895 percara,
3004 3822 3137 3872 nec
3188 3820 3329 3872 non
3380 3798 3705 3894 praelatis
3760 3808 3833 3871 et

505 3896 887 3973 Baronibus
965 3904 1164 3995 regni
1216 3904 1435 3974 nostri
1486 3900 1908 3998 praehabita,
1989 3903 2283 3995 sigillum
2360 3925 2645 3992 novum,
2726 3925 2862 3999 quo
2942 3901 3321 3998 Capitulum
3373 3912 3445 3973 et
3497 3897 3829 3974 Canonici

506 4013 928 4074 memoratae
980 4002 1345 4078 Ecclesiae
1417 4003 1826 4079 cathedralis
1880 4005 2077 4078 Beati
2142 4004 2486 4079 Laurentii
2553 4004 2876 4101 Martyris
2930 4006 3017 4079 de
3069 4005 3406 4099 Tragurio
3477 4008 3830 4101 perpetuis

504 4104 924 4202 temporibus
976 4110 1316 4203 potiantur
1368 4118 1440 4180 et
1487 4118 1784 4200 utantur,
1838 4111 1906 4181 in
1956 4131 2092 4203 quo
2146 4112 2481 4203 imagines
2554 4108 3058 4205 infrascriptae,
3123 4109 3451 4182 videlicet
3500 4106 3579 4179 Β.
3631 4106 3828 4180 Lau-

503 4212 704 4282 renu‘i
754 4208 1105 4306 Martyris,
1158 4221 1403 4285 tenens
1458 4212 1847 4285 craticulam
1902 4215 1972 4283 in
2028 4234 2256 4301 manu,
2309 4216 2381 4285 in
2433 4210 2662 4285 habitu
2712 4211 3128 4301 Levitarum,
3184 4234 3268 4284 ac
3322 4210 3609 4284 duorum
3659 4210 3834 4283 An-

504 4314 845 4405 gelorum,
883 4337 922 4386 a
962 4312 1224 4389 dextris
1263 4325 1332 4388 et
1368 4318 1660 4390 sinistris
1714 4318 1927 4411 ipsius
1964 4319 2279 4410 imaginis
2315 4315 2513 4388 Beati
2545 4314 2915 4401 Laurentii,
2970 4315 3172 4389 flexis
3227 4311 3516 4407 genibus
3576 4336 3828 4387 cereos

502 4420 575 4489 in
610 4415 919 4491 manibus
974 4428 1355 4511 gestantes,
1410 4442 1495 4490 ac
1530 4416 1815 4490 inferius
1870 4422 2054 4491 circa
2109 4418 2358 4515 pedem
2410 4422 2622 4515 ipsius
2677 4422 2906 4511 imago
2961 4422 3162 4492 unius
3214 4415 3540 4513 Episcopi
3593 4416 3826 4489 induta

500 4519 997 4613 pontificalibus
1052 4532 1124 4593 et
1182 4521 1384 4595 flexis
1439 4518 1730 4612 genibus
1779 4530 2025 4595 teneus
2077 4520 2389 4596 baculum
2443 4524 2859 4618 pastoralem
2916 4525 2984 4594 in
3035 4543 3267 4611 manu,
3322 4522 3631 4615 sculptae
3687 4521 3826 4593 ha-

500 4618 815 4715 beantur,
869 4634 965 4696 ex
1016 4623 1362 4698 desiderio
1418 4622 1724 4696 affluenti
1776 4634 2057 4697 nostrae
2111 4624 2490 4698 Maiestatis
2544 4626 2629 4698 ad
2684 4626 2932 4698 dictam
2989 4623 3378 4699 Ecclesiam
3434 4622 3830 4697 Cathedra-

498 4723 638 4796 lem
690 4729 902 4820 ipsius
947 4726 1140 4799 Beati
1183 4727 1523 4798 Laurentii
1576 4724 1899 4823 Martyris
1955 4727 2042 4800 de
2078 4727 2443 4822 Tragurio,
2496 4739 2825 4825 perpetuo
2881 4727 3198 4802 duximus
3261 4726 3828 4815 concedendum3

502 4831 1030 4915 committentes,
1102 4840 1173 4901 et
1224 4829 1312 4902 de
1360 4829 1772 4925 plenitudine
1841 4841 2124 4905 nostrae
2191 4835 2552 4928 potestatis
2622 4835 2996 4923 sacientes,
3065 4843 3138 4904 ut
3208 4830 3459 4921 dictum
3530 4831 3828 4923 sigillum

500 4933 714 5027 ipsius
765 4929 1130 5004 Ecclesiae
1186 4943 1257 5004 et
1301 4932 1586 5028 Capituli
1638 4932 2120 5028 Traguriensis
2177 4959 2218 5007 a
2254 4936 2460 5009 modo
2515 4945 2586 5008 et
2619 4935 2948 5032 deinceps
3002 4938 3414 5008 autenticum
3466 4933 3826 5025 habeatur,

502 5044 575 5106 et
627 5036 877 5120 eidem,
934 5058 973 5107 a
1027 5035 1266 5108 litteris
1338 5041 1521 5109 omni
1593 5042 1885 5110 veritate
1959 5037 2342 5111 scribendis
2396 5048 2466 5112 et
2520 5038 2966 5113 conficiendis
3019 5037 3145 5113 sub
3197 5038 3472 5128 eodem,
3542 5036 3834 5111 indubi-

498 5149 639 5210 tata
693 5136 853 5211 fidei
906 5137 1239 5212 certitudo
1293 5161 1418 5236 per
1471 5162 1712 5214 omnes
1770 5143 2160 5235 regnicolas
2216 5154 2488 5216 nostras
2548 5154 2683 5214 tam
2737 5146 2805 5214 in
2843 5143 3121 5225 iudicio,
3176 5163 3375 5237 quam
3432 5150 3630 5215 extra
3687 5140 3828 5214 ad-

499 5240 828 5345 hibeatur.
934 5242 1011 5316 In
1067 5246 1258 5315 cuius
1312 5249 1414 5316 rei
1470 5243 1851 5317 firmitatem
1906 5249 2443 5339 memoriamque
2507 5256 2903 5341 perpetuam
2970 5255 3376 5340 praesentes
3450 5249 3829 5320 concessi-

499 5362 650 5415 mus
702 5347 964 5420 litteras
1034 5356 1309 5420 nostras
1378 5349 1871 5443 privilegiales,
1945 5344 2304 5444 pendentis
2377 5360 2447 5421 et
2516 5352 2837 5421 autentici
2910 5350 3115 5444 sigilli
3166 5353 3384 5422 nostri
3453 5351 3832 5422 munimine
