3950 5917
416 411 615 485 70—

415 625 761 713 sequatur.
840 614 1177 690 volumus
1230 616 1481 706 eciam,
1535 611 1719 710 quod
1774 635 1984 712 super
2036 635 2441 712 quacunque
2503 633 2744 708 causa,
2797 633 3032 690 coram
3086 615 3290 691 nobis
3334 619 3456 691 vel
3506 617 3770 693 corath

414 723 681 793 maiore
722 718 895 794 ville
948 727 1378 812 emergente,
1430 717 1811 815 producdo
1860 721 2138 792 testium
2192 718 2281 792 de
2326 723 2705 810 extraneis,
2759 723 2894 794 nisi
2937 719 3025 792 de
3059 720 3305 824 eadem
3355 723 3549 814 villa,
3599 726 3768 796 im·-

413 826 689 920 petitori
744 844 885 896 non
938 824 1420 911 committatur,
1475 820 1601 895 sed
1652 824 2104 896 iuramentum
2157 825 2330 919 ipsis
2382 823 2647 898 ciuibus
2697 824 3053 897 indicetur.
3159 824 3487 898 Preterea
3539 830 3768 922 quis-

417 930 572 1022 quis
622 934 1033 1016 exuamus,
1102 928 1267 999 sine>
1306 926 1479 998 cinis
1524 923 1834 998 eiusdem
1886 927 2051 1012 loci,
2101 929 2174 999 in
2227 930 2376 1022 ipsa
2445 928 2611 1000 ville
2665 936 2905 1000 conoea
2965 925 3171 1000 alium
3242 945 3367 1024 pre
3418 932 3520 1002 ira
3574 930 3768 1023 gla-

414 1031 598 1103 dium
652 1052 780 1105 seu
817 1028 1162 1101 cultellum
1217 1032 1646 1121 euaginaret,
1699 1031 1766 1100 dr
1816 1028 1954 1102 boc
1999 1051 2151 1101 cum
2188 1033 2581 1104 testimonio
2634 1029 3064 1127 probaretur,
3117 1032 3237 1104 vel
3288 1036 3442 1127 quis
3489 1033 3766 1107 vulnus

413 1155 558 1208 non
610 1130 1035 1206 mortiferum
1090 1130 1372 1221 afficiet,
1425 1130 1676 1204 iudicio
1728 1135 1933 1205 vnius
1986 1155 2221 1205 marce
2275 1132 2833 1230 condempnetur.
2940 1133 3263 1231 Quisquis
3312 1138 3521 1231 igitur
3572 1158 3758 1211 casu

410 1234 772 1310 accidente
820 1256 1016 1310 suum
1068 1233 1496 1307 interfecerit
1547 1237 1936 1326 conciuem,
2007 1245 2282 1309 centum
2325 1240 2589 1333 pensis,
2654 1259 2750 1310 ex
2800 1236 3043 1332 quibus
3097 1235 3232 1311 due
3282 1248 3515 1335 partes
3565 1241 3758 1335 parti

408 1337 732 1430 aduerse,
814 1341 1031 1411 tercia
1082 1358 1260 1412 vero
1313 1360 1475 1433 pars
1527 1341 1769 1411 maiori
1837 1339 2004 1411 ville
2077 1339 2256 1438 solui
2323 1348 2663 1432 teneatur,
2735 1349 2807 1412 et
2855 1343 2989 1414 nisi
3041 1339 3380 1415 homicida
3451 1346 3752 1439 pecunia

407 1462 533 1518 sua
588 1464 670 1516 se
722 1439 1077 1530 defendet,
1152 1450 1354 1536 caput
1405 1445 1555 1516 eius
1626 1440 1715 1513 ad
1788 1464 2027 1516 manus
2094 1446 2309 1538 partis
2381 1442 2677 1518 aduerse
2743 1452 3093 1516 statuatur.
3199 1444 3339 1517 Fur
3390 1456 3616 1519 autem
3671 1457 3760 1518 et*

406 1546 903 1641 calumpniator
937 1541 1368 1635 manifestus,
1425 1553 1663 1617 contra
1712 1566 1915 1639 quem
1968 1550 2349 1620 communis
2401 1548 2691 1643 populus
2745 1545 3013 1619 faceret
3063 1550 3548 1640 testimonium,
3602 1546 3760 1621 ab·

403 1648 559 1723 latis
615 1647 955 1737 omnibus,
1010 1669 1145 1742 que
1196 1645 1427 1736 babet,
1482 1646 1569 1719 de
1613 1647 1778 1720 villa
1833 1649 2218 1743 expellatur
2270 1671 2422 1721 cum
2475 1649 2759 1745 pudore.
2814 1648 3255 1723 Decedentes
3305 1661 3532 1724 autem
3587 1653 3766 1725 sino

406 1750 803 1842 heredibus,
859 1753 1087 1824 omnia
1158 1748 1341 1822 bona
1413 1771 1538 1823 sua
1598 1751 1985 1845 relinquant
2052 1753 2432 1846 cuicunque
2501 1754 2739 1825 uolunt
2805 1752 3185 1825 retinenda.
3290 1754 3429 1849 Ipsi
3483 1759 3756 1827 etenim

409 1858 604 1928 ciues
659 1853 745 1926 ad
800 1856 1180 1925 exercitum
1233 1850 1417 1942 bani,
1460 1853 1577 1926 uel
1628 1852 1873 1947 Regis,
1927 1865 2044 1927 aut
2089 1854 2339 1929 Iudicis
2394 1859 2500 1928 sui
2526 1859 2628 1929 ire
2655 1876 2796 1927 non
2848 1854 3279 1944 tenebuntur,
3332 1880 3468 1930 nec
3521 1857 3731 1931 alicui

403 1960 709 2053 ipsorum
761 1960 869 2031 uis
924 1956 1280 2029 domorum
1334 1978 1638 2046 suarum,
1690 1979 1825 2030 nec
1877 1979 1916 2029 a
1973 1956 2228 2031 familia
2276 1968 2540 2050 nostra,
2593 1980 2819 2054 neque
2871 1957 2958 2031 ab
3013 1960 3168 2050 alijs
3218 1959 3574 2051 inferatur,
3602 1959 3740 2033 sed

406 2082 609 2155 quem
663 2059 900 2133 uolunt
950 2059 1261 2154 hospicio
1332 2063 1669 2155 recipiant
1736 2061 2146 2134 voluntarie.
2249 2061 2578 2134 Preterea
2644 2065 2865 2134 maior
2930 2062 3122 2153 ville,
3166 2064 3482 2137 reuoluto
3554 2086 3754 2137 anno

402 2163 858 2238 villicacionis
914 2184 1066 2253 sue,
1112 2184 1306 2236 suam
1354 2161 1606 2235 debeat
1655 2185 1999 2257 reponere
2046 2164 2562 2254 villicationem,
2615 2168 2682 2237 dr
2735 2168 2797 2237 si
2848 2168 3226 2239 communis
3252 2168 3541 2262 populus
3591 2190 3750 2241 uo—

402 2266 632 2357 luerit,
688 2264 911 2338 eidem
963 2264 1310 2339 villicacio
1364 2263 1785 2353 conferatur,
1858 2271 1964 2341 sin
2018 2276 2246 2340 autem
2299 2266 2494 2339 alteri
2550 2269 2658 2339 cui
2708 2267 3048 2358 uoluerit,
3117 2271 3267 2364 ipsa
3342 2269 3764 2344 conferatur

402 2370 772 2444 villicacio.
876 2367 957 2442 Si
1009 2371 1160 2463 quis
1211 2371 1419 2462 igitur
1468 2368 1556 2441 ad
1606 2372 1827 2464 ipsam
1878 2371 2112 2442 villam
2165 2373 2409 2443 venire
2461 2372 2783 2460 uoluerit,
2852 2370 3069 2445 libere
3109 2374 3369 2463 veniat,
3441 2374 3738 2447 recedat

406 2475 616 2544 etiam
671 2493 947 2562 secure,
1001 2471 1300 2544 venditis
1353 2469 1554 2545 bonis
1609 2475 1780 2560 suis,
1835 2476 1948 2567 qui
1999 2473 2336 2546 recedere
2363 2475 2604 2546 volunt
2656 2473 2741 2546 ab
2771 2473 3036 2548 eadem.
3093 2474 3426 2550 Volumus
3481 2480 3759 2565 eciam,

406 2575 592 2671 quod
643 2575 986 2662 homines,
1042 2578 1154 2669 qui
1206 2578 1613 2648 marturinas
1686 2575 1964 2648 soluere
2019 2577 2269 2668 solent,
2342 2575 2429 2648 ad
2497 2581 2714 2673 ipsam
2784 2578 3019 2651 villam
3086 2600 3226 2651 non
3294 2583 3742 2676 recipiantur.

401 2678 578 2752 Item
631 2700 838 2775 super
891 2699 1101 2750 causa
1152 2682 1575 2772 pecuniaria,
1612 2681 1673 2753 si
1709 2681 1860 2773 quis
1914 2684 2404 2772 conuincetur,
2456 2678 2902 2776 quadraginta
2956 2681 3280 2758 denarios
3315 2705 3440 2778 pro
3477 2683 3762 2757 iudicio

402 2781 681 2856 soluere
709 2778 1070 2855 tenebitur.
1115 2780 1441 2853 Preterea
1467 2783 1598 2876 ipsi
1625 2785 1817 2856 ciues
1846 2780 2160 2855 tributum
2189 2787 2258 2855 in
2285 2782 2442 2856 foro
2468 2805 2608 2858 non
2637 2785 2911 2857 soluent
2951 2784 3040 2857 de
3068 2788 3213 2858 suis
3241 2789 3737 2860 mercimoniis.

401 2886 930 2980 Assignauimus
986 2887 1208 2957 eciam
1244 2893 1498 2956 terram
1548 2884 1808 2959 eisdem
1839 2885 1926 2959 de
1964 2890 2303 2982 superiori
2329 2897 2519 2982 parte
2548 2888 2714 2961 ville
2742 2885 3137 2978 Grisiensis,
3168 2911 3370 2982 quam
3394 2912 3525 2963 nos
3553 2911 3750 2985 per-

400 2987 733 3078 sonaliter
782 2989 1208 3082 inspeximus
1261 2991 1328 3060 dc
1377 3010 1504 3083 per
1558 2986 1929 3082 Georgium
1986 2987 2322 3063 Comitem
2377 2989 2825 3082 Crisiensem,
2869 3002 3072 3087 atque
3132 2992 3442 3066 Prelsam
3491 3004 3756 3067 terre-

400 3099 611 3164 strem
666 3092 905 3164 metari
954 3088 1335 3181 facientes,
1407 3091 1494 3165 de
1565 3114 1849 3189 quorum
1918 3091 2154 3167 uerbis
2206 3097 2427 3189 ipsam
2469 3103 2723 3167 terram
2776 3096 3003 3167 taliter
3071 3094 3394 3190 distingui
3459 3118 3748 3193 reppe-

396 3196 631 3268 rimus.
709 3192 1086 3266 Videlicet:
1136 3197 1353 3289 prima
1403 3204 1585 3269 meta
1645 3199 1881 3292 incipit
1931 3219 1971 3268 a
2028 3220 2275 3291 magna
2327 3200 2443 3270 via
2496 3197 2585 3270 de
2636 3197 2799 3271 vico
2861 3198 3171 3273 eiusdem
3224 3201 3417 3289 ville,
3461 3199 3578 3273 ubi
3631 3201 3740 3274 de

400 3298 667 3370 oriente
721 3296 1091 3390 egrediens
1146 3296 1233 3370 ad
1287 3298 1718 3372 occidentem
1770 3303 2085 3394 peruenit
2135 3300 2222 3373 ad
2275 3300 2547 3373 fluuium
2606 3298 2914 3374 Corusca
2969 3302 3065 3374 ad
3118 3303 3431 3396 salicem,
3482 3314 3748 3379 trans-

395 3402 549 3474 iens
619 3410 846 3473 autem
916 3403 1140 3496 ipsum
1209 3400 1511 3493 fluuium,
1584 3403 1896 3476 ascendit
1938 3413 2272 3494 montem,
2338 3407 2407 3476 in
2463 3408 2658 3479 cuius
2724 3407 2992 3479 vertice
3065 3416 3174 3481 est
3241 3416 3423 3481 mete
3476 3417 3754 3482 terrea..

394 3502 566 3575 Item
621 3502 981 3577 descendit
1031 3503 1122 3576 ad
1172 3505 1453 3594 vallem,
1509 3503 1596 3577 ad
1632 3505 1932 3596 fluuium,
1961 3505 2078 3579 ubi
2127 3511 2315 3580 iuxta
2368 3510 2590 3603 ipsum
2643 3507 2917 3582 fluuium
2971 3507 3098 3583 sub
3135 3510 3332 3583 erulo
3382 3521 3495 3586 est
3543 3522 3742 3585 meta

392 3615 645 3680 terrea.
750 3605 918 3678 Inde
968 3606 1061 3680 ad
1107 3630 1409 3704 pomum,
1459 3608 1625 3682 inde
1674 3608 1763 3682 ad
1813 3609 2076 3701 barazt,
2131 3609 2246 3682 ubi
2299 3620 2408 3683 est
2459 3620 2668 3702 meta,
2719 3610 2881 3686 inde
2934 3612 3024 3685 ad
3058 3612 3194 3688 duo
3233 3636 3500 3688 cerasa.
3553 3612 3750 3689 Inde

395 3717 622 3781 autem
675 3713 1018 3783 transiens
1084 3709 1420 3805 quendam
1492 3710 1769 3785 fluuium
1835 3716 2153 3808 peruenit
2203 3713 2290 3785 ad
2341 3715 2574 3787 tiliam.
2679 3714 2847 3788 Inde
2900 3715 2991 3788 ad
3044 3726 3374 3808 montem,
3444 3717 3560 3793 ubi
3608 3729 3736 3794 est

393 3809 602 3885 arbor
652 3812 967 3907 populea.
1045 3811 1214 3886 Inde
1268 3813 1354 3886 ad
1408 3814 1836 3887 occidentem
1890 3816 1978 3888 ad
2029 3840 2238 3890 vnum
2292 3816 2595 3907 fluuium,
2649 3829 2720 3892 et
2761 3841 2889 3915 per
2935 3819 3120 3892 illum
3174 3820 3449 3894 fluuium
3503 3842 3736 3917 supe-

394 3919 536 3990 rius
609 3914 862 4005 eundo,
908 3913 1089 3989 cadit
1139 3917 1209 3990 in
1261 3940 1585 4011 magnam
1654 3922 1863 4010 viam,
1938 3942 2071 4013 que
2141 3921 2329 3993 ducit
2387 3920 2474 3993 ad
2528 3933 2838 3994 sanctum
2907 3921 3296 4015 Micaelem,
3368 3924 3530 3999 inde
3599 3948 3744 4020 per

394 4015 688 4092 eandem
742 4021 926 4093 viam
962 4042 1282 4113 magnam
1333 4020 1525 4096 vadit
1561 4020 1648 4093 ad
1683 4021 1944 4095 fontem
1981 4023 2323 4095 Tetrench
2373 4029 2680 4116 nomine,
2732 4024 2848 4097 ubi
2903 4035 3011 4098 est
3064 4025 3270 4099 arbor
3322 4029 3509 4117 ulmi,
3562 4028 3768 4103 inde·

393 4143 520 4216 per
571 4121 867 4195 eundem
934 4121 1196 4196 fontem
1268 4129 1582 4221 superius
1626 4125 1716 4198 ad
1760 4131 2343 4221 septemtrionem,
2414 4131 2602 4201 iuxta
2672 4139 2927 4200 terram
2997 4129 3259 4220 Zuene,
3331 4131 3740 4225 iobagionis

393 4228 602 4300 castri
656 4220 1053 4319 Grisiensis,
1107 4249 1234 4323 per
1257 4239 1479 4304 metas
1530 4239 1841 4320 veteres,
1892 4230 2053 4303 inde
2080 4235 2268 4304 iuxta
2323 4241 2573 4304 terram
2626 4230 2953 4325 Tiburcij,
3023 4256 3150 4328 per
3203 4235 3495 4309 eundem
3549 4235 3742 4310 fon-

392 4337 532 4401 tem
587 4331 900 4424 superius
957 4335 1273 4427 peruenit
1322 4331 1413 4404 ad
1464 4343 1668 4429 caput
1717 4332 2030 4407 eiusdem
2099 4333 2349 4425 fontis,
2408 4334 2525 4407 ubi
2594 4334 2719 4410 sub
2796 4337 2989 4410 erulo
3062 4347 3173 4410 est
3243 4349 3444 4411 meta.
3549 4339 3734 4412 Inde

387 4433 580 4503 iuxta
632 4440 887 4507 terram
960 4434 1270 4510 eiusdem
1340 4433 1637 4527 Tiburcij
1713 4433 1968 4525 eundo,
2040 4443 2354 4531 peruenit
2395 4461 2613 4534 usque
2685 4450 2938 4514 terram
2991 4439 3077 4512 de
3130 4439 3449 4516 Komluk.
3553 4442 3742 4516 Inde

390 4536 582 4605 iuxta
634 4542 888 4609 terram
944 4536 1031 4610 de
1084 4536 1382 4611 Komluk
1434 4537 1689 4626 eundo,
1744 4549 2125 4612 cometatur
2193 4551 2377 4614 terre
2424 4542 2668 4616 domus
2721 4547 2944 4616 sancti
2997 4544 3341 4640 sepulchri
3392 4544 3481 4617 de
3537 4544 3731 4619 Gol-

392 4634 714 4729 gonicha.
820 4638 988 4712 Inde
1043 4663 1292 4716 versus
1348 4645 1679 4715 orientem
1736 4646 2168 4736 coniungitur
2237 4654 2423 4719 terre
2496 4645 2739 4720 domus
2807 4645 3071 4743 Templi
3125 4647 3212 4721 de
3268 4647 3764 4744 Golgonicba..

388 4735 560 4814 Inde
616 4738 840 4813 eundo
898 4746 1330 4838 coniungitur
1389 4754 1575 4818 terre
1627 4744 1958 4836 wlchote,
2013 4745 2126 4819 ubi
2182 4757 2291 4821 est
2340 4759 2545 4821 meta.
2624 4748 2791 4824 Inde
2843 4753 3034 4823 iuxta
3078 4759 3332 4826 terram
3384 4752 3734 4843 wlcbote,

388 4863 515 4938 per
566 4862 777 4916 vnum
830 4842 1119 4936 fontem,
1171 4846 1532 4922 descendit
1580 4870 1707 4944 per
1755 4859 2005 4938 metas,
2058 4859 2130 4923 et
2181 4849 2268 4924 de
2315 4850 2509 4926 fonte
2581 4857 2728 4925 exit
2776 4854 2866 4925 ad
2916 4857 3156 4950 pirum.
3208 4855 3375 4929 Inde
3430 4856 3520 4930 de
3569 4860 3736 4951 piro

390 4945 481 5018 ad
549 4965 871 5041 magnam
938 4950 1151 5038 viam,
1228 4950 1345 5023 ubi
1415 4961 1525 5025 est
1568 4961 1768 5024 meta.
1875 4951 2050 5027 Inde
2115 4953 2376 5028 directe
2445 4956 2821 5047 veniendo,
2892 4962 3208 5053 peruenit
3258 4959 3345 5031 ad
3400 4960 3738 5034 arborem

387 5071 659 5124 nucum.
764 5049 930 5124 Inde
982 5055 1226 5126 transit
1277 5052 1555 5130 fluuium
1606 5057 1877 5130 vrtelen
1932 5061 1998 5129 dc
2049 5061 2362 5153 peruenit
2414 5059 2503 5132 ad
2551 5064 2852 5156 priorem
2904 5071 3186 5154 metam,
3253 5061 3369 5135 nbi
3420 5062 3548 5136 fuit
3598 5066 3732 5136 in·—

390 5162 614 5247 cepta,
667 5153 895 5250 ibique
967 5159 1385 5230 terminatur.
1490 5158 1586 5231 Vt
1637 5170 1862 5233 autem
1932 5160 2133 5236 buius
2201 5163 2368 5235 ville
2413 5161 2695 5237 libertas
2767 5167 3184 5241 inconcussa
3255 5177 3731 5262 permaneret,

383 5256 619 5330 literas
672 5268 1033 5353 presentes
1103 5259 1419 5336 duximus
1491 5262 1756 5337 eisdem
1828 5264 2335 5339 concedendas.
2441 5266 2687 5338 Datum
2740 5268 2813 5340 in
2865 5266 3049 5341 festo
3122 5267 3358 5342 Sancti
3429 5269 3730 5365 Georgii

387 5380 572 5431 anno
628 5359 883 5436 domini
933 5362 1046 5436 Μ’·
1074 5359 1230 5437 GC⁰·
1255 5364 1394 5439 LII.
1470 5364 1621 5440 Nos
1674 5367 2010 5464 siquidem
2062 5368 2394 5465 prelibate
2447 5370 2613 5445 ville
2665 5369 3050 5446 libertatem
3097 5394 3225 5469 per
3274 5377 3411 5446 iam
3464 5372 3734 5450 dicmm
