3950 5917
166 622 337 702 alit*
357 615 631 714 Rau-is
670 620 1001 710 unctis,
1038 614 1599 711 msa,
1643 619 1855 696 im-
1885 616 2247 692 minutum
2291 613 2750 698 vastem.
2777 624 2946 696 nate.
2973 612 3512 704 Coronationem

31 726 32 733 ’
164 725 381 798 Anne
460 717 831 798 lliueeino
858 723 1428 798 smmum-simo
1500 729 1754 800 mtto
1824 717 2082 796 editu·
2132 717 2468 796 conferet.
2576 713 2826 808 Quinta
2869 718 3200 795 conditio.
3293 713 3513 812 ‘Quod

162 848 297 922 pm
345 823 666 906 iustitiae
735 823 1349 912 adaman-atinus,
1426 825 1587 900 siue
1620 846 1769 921 qun
1817 819 2066 918 Regna
2105 825 2508 900 «consistam
2558 845 2698 900 non
2749 832 3066 920 possunt,
3131 819 3514 918 secundum

167 927 583 1004 laudabilem
636 937 713 1002 et
756 926 912 1002 Deo
966 936 1234 1023 gratnm
1262 930 1377 1024 fin
1402 924 1861 1006 ‚celebrandis
1882 974 1887 978 «
1909 924 2216 1001 -Judiciis
2269 928 2612 1023 antiquam
2664 926 2891 1023 Regni
2943 924 3514 1026 consuetudinem

31 1064 32 1103 ι
164 1032 439 1110 indicta
490 1032 833 1110 muntia
878 1034 1077 1133 peta
1128 1040 1471 1128 tenpore,
1536 1039 1677 1106 uun
1712 1032 1819 1104 ..iu
1862 1028 2365 1127 superioribus,
2418 1053 2620 1126 quam
2671 1033 2742 1104 in
2793 1027 3234 1106 inferioribus
3283 1025 3520 1126 Regni

166 1134 517 1224 Partibus,
567 1140 759 1210 iuxta
811 1136 1362 1210 constitutionem
1406 1133 1596 1208 Anni
1627 1132 1970 1208 Millesimi
2026 1136 2519 1210 sexcentesimi
2568 1136 2760 1226 noni,
2814 1134 3170 1208 articulum
3221 1141 3517 1230 septua-,

31 1312 32 1319 Ν
166 1244 545 1332 cesimum,
592 1241 921 1313 continuo
976 1235 1315 1312 celebrari
1344 1236 1584 1324 faciet,
1638 1247 1709 1310 et
1738 1239 1928 1314 iuxta
1981 1235 2278 1312 eundem
2328 1236 2711 1314 Articulum
2758 1246 2898 1312 tam
2940 1239 3013 1312 in
3049 1234 3304 1311 Tabula
3352 1231 3516 1310 Re-

163 1346 315 1435 gia,
369 1364 578 1438 quam
618 1339 1250 1438 Appellationibus,
1313 1343 1464 1416 sine
1518 1340 1937 1415 discretione
1988 1338 2372 1436 Religionis
2422 1339 2705 1416 Jndices
2756 1338 2946 1430 fiant,
2997 1362 3225 1435 neque
3278 1339 3514 1438 Status

168 1456 242 1519 et
276 1443 575 1522 Ordines
622 1444 859 1540 Regni
909 1444 1247 1519 mandatis
1299 1453 1497 1517 extra
1552 1446 1880 1518 terminos
1933 1444 2354 1519 Judiciorum
2406 1465 2643 1518 coram
2694 1442 3045 1519 Judicibus
3090 1442 3320 1540 Regni
3366 1439 3515 1526 Or-'e

168 1549 457 1624 dinariis
509 1548 629 1623 vel
650 1617 655 1623 ,
676 1546 1033 1644 Deputatis
1086 1547 1235 1621 Juri
1286 1557 1474 1621 stare
1526 1557 1601 1620 et
1647 1547 1732 1620 ad
1785 1547 2302 1642 productionem
2348 1547 2866 1643 Priuilegiorum
2922 1570 3183 1642 cogere
3236 1537 3514 1621 execti·-L

164 1655 536 1748 tionesque
587 1652 931 1745 legitimas
985 1673 1118 1724 nec
1169 1672 1297 1746 per
1348 1673 1431 1724 se
1481 1649 1830 1746 impediet,
1902 1673 2036 1724 nec
2085 1673 2214 1748 per
2266 1672 2433 1725 suos
2479 1651 2829 1725 officiales
2899 1649 3211 1748 impediri
3261 1651 3514 1747 'patie-'

31 1826 32 1831 ,
164 1765 303 1844 tur,
356 1755 670 1830 similiter
720 1758 925 1828 etiam
979 1754 1327 1850 illegitima
1379 1752 1645 1826 Judicia
1701 1763 1773 1825 et
1821 1753 2212 1848 illegitimas
2263 1753 2735 1828 Eexcutiones
2790 1752 2941 1828 fieri
2993 1776 3132 1828 uon
3186 1753 3514 1832 admittet}

164 1858 583 1951 Allegantur
634 1862 857 1953 primo
923 1880 1049 1958 pro
1115 1857 1534 1930 Judiciorum
1590 1857 1999 1930 octaualium
2056 1856 2520 1932 celebratione
2576 1859 2900 1931 articulus
2956 1857 3508 1954 septuagesimus

163 1962 357 2034 Anni
408 1960 751 2038 Millesimi
805 1963 1299 2035 sexcentesimi
1352 1964 1536 2033 noni.
1590 1958 1969 2051 Secundo,
2026 1983 2152 2057 pro
2204 1959 2479 2058 Juribus
2534 1959 2926 2034 Nobilitaris
2981 1965 3512 2056 praerogativae

162 2068 477 2160 tripartiti
528 2057 723 2160 primi
777 2057 1005 2137 titulus
1077 2067 1572 2159 nonagesimus
1626 2072 1910 2152 sextus3
1970 2063 2144 2140 Item
2187 2060 2609 2138 Ferdinandi
2662 2063 2877 2159 Regis
2930 2064 3115 2138 Anni
3160 2063 3508 2160 millesimi

31 2238 32 2249 ἶ
162 2171 696 2263 quingentesimi
768 2167 1277 2262 quadragesimi
1349 2172 1532 2239 sexti
1603 2167 1924 2241 articulus
1979 2159 2416 2262 trigesimus3
2492 2168 2661 2241 Item
2727 2165 3051 2241 articulus
3104 2166 3512 2248 vndeoimus

31 2356 34 2361 ⁵
162 2270 673 2345 Pacificationis
734 2270 1175 2345 Viennensis.
1281 2269 1545 2359 Tertio,
1619 2292 1712 2344 ne
1779 2261 2114 2347 mandatis
2166 2268 2407 2366 Regiis
2478 2272 2661 2345 Juris
2707 2265 3108 2367 ‘processus
3143 2271 3148 2276 ’
3179 2270 3510 2382 turbetur,

31 2434 34 2453 ,
162 2372 468 2450 mathiae
517 2377 717 2470 primi
784 2373 1126 2448 Millesimi
1198 2373 1850 2469 quadringentesimi
1905 2378 2395 2469 septuagesimi
2448 2377 2644 2470 primi
2713 2379 2873 2448 anni
2941 2376 3265 2474 arti-culus
3321 2375 3512 2448 duo-

31 2522 34 2587 3
166 2477 523 2566 decimum
600 2477 1049 2552 Maximiliani
1101 2476 1443 2552 Millesimi
1512 2480 2042 2573 quingentesimi
2113 2481 2538 2573 sexagesimi
2608 2482 2789 2552 sexti
2853 2476 3175 2554 articulus
3228 2471 3510 2574 vigeat-'-

31 2596 35 2669 3
165 2603 319 2654 mus
374 2585 687 2677 quintus3
765 2580 1062 2654 Mathiae
1135 2579 1421 2654 secundi
1472 2578 1817 2654 Millesimi
1872 2579 2382 2655 ‘sexcentesimi
2456 2582 2702 2655 decimi
2762 2586 2943 2656 tertii
2997 2584 3319 2657 articulus
3372 2583 3509 2666 tri-2

162 2688 477 2777 gesimus
548 2681 866 2780 quartani
956 2684 1253 2774 Quarto,
1286 2685 1410 2757 'ne
1483 2679 1936 2779 expediantur
2005 2681 2320 2759 mandata
2398 2685 2779 2781 illegitima,
2858 2685 3270 2760 Ferdinandi
3321 2681 3511 2759 Anni

162 2785 512 2862 Millesimi
564 2790 1089 2882 quingentesimi
1154 2791 1579 2882 sexagesimi
1625 2790 1804 2860 tertii
1858 2789 2181 2862 articulus
2237 2793 2791 2885 octuagesimus3
2871 2789 3168 2862 Mathiae
3222 2787 3511 2870 secundi

31 2886 34 2909 ²
164 2890 512 2967 Millesimi
584 2893 1076 2965 sexcentesimi
1148 2894 1377 2963 octaui
1448 2891 1772 2966 articulus
1842 2903 2107 2966 sextus.
2217 2893 2431 2965 Sexta
2508 2893 2830 2967 conditio.
2939 2893 3136 2981 Quod
3210 2894 3507 2989 religio-

31 3036 35 3059 ι
164 2998 275 3069 nis
325 2998 695 3090 negocium
764 2998 945 3068 inter
1012 2997 1387 3069 vniversos
1442 2994 1675 3069 Status
1753 3006 1824 3068 et
1875 2994 2170 3074 Ordines
2239 2993 2466 3091 Regni
2545 2999 2614 3069 in
2686 2995 2828 3070 suis
2899 3020 2989 3069 ac
3060 2993 3211 3071 fisci
3279 2996 3508 3092 bonis,

162 3105 331 3171 item
370 3101 442 3171 in
480 3096 795 3172 confiniis
850 3120 1125 3193 quoque
1175 3095 1404 3191 Regni
1455 3098 1851 3192 Hungariae
1904 3097 2223 3172 militibus
2276 3099 2647 3192 nungaris,
2701 3110 2982 3196 propter
3027 3099 3253 3196 Regni
3306 3112 3507 3175 tran-

31 3194 34 3205 '
164 3202 547 3296 quilliorem
601 3203 1182 3298 permansionem,
1238 3206 1428 3274 iuxta
1483 3204 2004 3275 constitutiones
2058 3202 2497 3276 Viennenses
2548 3213 2615 3275 et
2655 3204 3002 3277 Articulos
3058 3215 3217 3277 ante
3274 3203 3509 3276 Coro-

164 3309 517 3380 nationem
571 3304 794 3379 editos
846 3315 1122 3378 maneat
1171 3302 1487 3394 liberum,
1559 3305 1898 3395 illaesum,
1952 3316 2023 3378 et
2073 3304 2422 3392 illibatum,
2495 3310 2581 3379 ita
2637 3305 2988 3393 videlicet,
3059 3317 3133 3379 ut
3183 3306 3508 3402 Religio-

162 3413 275 3482 nis
330 3411 735 3482 exercitium
789 3419 927 3480 tam
981 3407 1390 3495 Bai-onibus,
1444 3406 1879 3502 Magnatibus
1935 3419 2006 3481 et
2059 3406 2438 3488 Nobilibus,
2502 3432 2701 3505 quam
2757 3407 2991 3484 liberis
3045 3413 3247 3482 etiam
3305 3408 3507 3494 ciui-‚-

163 3512 417 3587 tatibus
468 3514 954 3608 vniversisque
1009 3510 1312 3586 Statibus
1368 3521 1438 3584 et
1491 3510 1854 3586 Ordinibus
1907 3509 2137 3607 Regni
2207 3515 2275 3584 in
2330 3515 2474 3586 suis
2529 3535 2612 3584 ac
2666 3515 2846 3586 Fisci
2901 3512 3128 3588 bonis.
3205 3516 3366 3584 item
3434 3517 3508 3587 in

165 3614 497 3690 Confiniis
548 3615 773 3709 Regni
841 3614 1262 3709 Hungariae,
1332 3637 1467 3687 nec
1519 3637 1659 3688 non
1709 3615 1974 3713 oppidis
2029 3638 2115 3688 ac
2165 3613 2376 3707 villis,
2447 3614 2611 3688 illud
2665 3626 2910 3712 sponte
2965 3639 3049 3688 ac
3099 3615 3317 3689 libere
3370 3617 3507 3687 ac-A·

164 3729 450 3813 ceptare
501 3717 921 3807 volentibus,
994 3716 1241 3815 ubique
1294 3715 1578 3791 liberum
1634 3719 2077 3815 relinquatur,
2147 3741 2283 3792 nec
2338 3722 2690 3816 quisquam
2748 3720 3217 3815 cujuscunque
3270 3719 3504 3796 Status

162 3833 237 3896 et
288 3823 705 3898 conditionis
759 3824 1072 3896 existens
1126 3825 1196 3895 in
1247 3820 1468 3895 libero
1524 3820 1832 3896 eiusdem
1884 3846 2012 3896 usu
2077 3847 2165 3900 ac
2218 3826 2554 3898 exercitio
2607 3819 2990 3918 Religionis
3046 3848 3084 3896 a
3139 3822 3507 3915 Majestate

31 3976 34 4023 1»
162 3926 305 4000 Sua
356 3924 581 4021 Regia
638 3935 709 3999 et
761 3926 912 3999 aliIs
985 3924 1335 4020 quibusuis
1389 3923 1705 3999 Dominis
1777 3924 2248 4002 Terrestribus
2317 3931 2561 4024 quouis
2615 3926 2822 4001 modo
2897 3936 3013 4001 aut
3075 3930 3320 4022 quouis
3376 3924 3505 4002 sub

158 4039 528 4126 praetextu
578 4026 885 4103 turbetur
936 4039 1008 4101 et
1055 4028 1481 4125 impediatur.
1586 4026 1888 4124 Septima
1955 4029 2277 4102 conditio.
2386 4029 2583 4118 Quod
2654 4034 2723 4105 in
2777 4031 3065 4106 Palatini
3115 4029 3506 4120 Electiono,

162 4134 612 4230 eiusdemque
667 4135 1096 4223 auctoritate,
1147 4131 1634 4205 Jurisdictione
1690 4140 1760 4205 et
1829 4130 2065 4206 officio
2117 4135 2308 4205 iuxta
2364 4134 2716 4207 articulum
2769 4134 3188 4209 Viennensis
3241 4132 3506 4207 Pacifi-

160 4240 457 4312 cationis
535 4236 621 4309 ad
691 4240 987 4326 tertium,
1068 4239 1229 4309 item
1304 4246 1464 4309 ante
1517 4235 2049 4308 Coronationem
2124 4235 2308 4311 edito
2362 4237 2548 4310 Anni
2599 4237 2944 4312 Millesimi
2997 4239 3504 4311 Sexcentesimi

161 4343 395 4414 octaui
466 4349 590 4412 art.
642 4340 1013 4413 vndecimo
1086 4350 1156 4412 et
1206 4338 1392 4412 Anni
1445 4338 1786 4414 Millesimi
1842 4338 2351 4414 sexcentesimi
2422 4342 2671 4414 decimi
2741 4346 2922 4415 tertii
2986 4341 3272 4415 articulo
3328 4364 3504 4440 sep-

156 4450 352 4532 timo,
406 4443 820 4517 Ferdinandi
873 4443 1087 4538 Regis
1140 4442 1326 4515 Anni
1376 4441 1720 4516 Millesimi
1776 4443 2322 4537 Quingentesimi
2375 4448 2916 4540 quinquagesimi
2973 4449 3181 4541 quinti
3236 4446 3538 4519 artculo.

159 4552 385 4644 primo
440 4550 625 4619 circa
681 4547 913 4636 finem,
970 4568 1053 4618 ac
1099 4545 1476 4621 secundum
1531 4545 1822 4619 formam
1878 4546 2255 4622 Juramenti
2310 4548 2616 4622 eiusdem
2672 4548 2957 4622 Palatini
3008 4552 3501 4645 praescriptum

160 4653 438 4724 modum
493 4650 824 4725 Maiestas
879 4651 1016 4722 Sua
1076 4650 1522 4722 obseruatura
1580 4661 1706 4723 est.
1794 4650 1899 4723 De
1950 4651 2217 4725 Banatu
2271 4656 2501 4741 etiam,
2557 4674 2733 4747 quae
2787 4658 2854 4725 in
2912 4653 3155 4726 eodem
3214 4652 3500 4725 articulo

162 4758 534 4827 vndecimo
587 4754 774 4828 Anni
827 4752 1168 4827 Millesimi
1223 4752 1735 4827 Sexcentnsimi
1789 4759 2020 4828 octaui
2093 4759 2546 4846 continentur,
2621 4756 2929 4829 similiter
2982 4765 3050 4828 et
3105 4754 3190 4829 de
3241 4753 3502 4828 Wala-

160 4861 308 4932 chis
380 4879 713 4932 annorum
786 4857 1127 4930 Millesimi
1202 4859 1690 4932 sexcentesimi
1774 4861 1991 4953 quarti
2064 4860 2416 4933 articulum
2488 4859 2825 4932 decimum
2899 4871 3233 4956 quartum,
3312 4859 3501 4933 Anni

158 4961 509 5037 Hillesimi
582 4964 1072 5035 sexcentesimi
1143 4965 1375 5033 octavi
1447 4962 1801 5033 articulum
1871 4984 2124 5034 nonum
2198 4973 2268 5035 et
2337 4963 2521 5036 Anni
2591 4962 2934 5036 Millesimi
3006 4963 3500 5036 sexcentesimi

158 5066 410 5141 decimi
467 5069 644 5138 tertii
698 5065 1131 5138 articulorum
1187 5064 1640 5159 Trigesimum
1696 5086 1947 5137 nonum
2005 5063 2413 5139 effeetuabit.
2522 5065 2781 5139 Octaua
2838 5066 3159 5139 conditio.
3250 5065 3498 5153 Quan-

158 5170 527 5266 doquidem
584 5167 771 5241 salus
827 5179 897 5241 et
947 5171 1338 5265 permansio
1391 5187 1527 5239 non
1583 5166 1789 5239 modo
1845 5166 2099 5240 afflicte
2153 5169 2355 5261 hujus
2409 5163 2704 5260 Patriae,
2775 5180 3091 5266 tanquam
3147 5170 3374 5267 clypei
3427 5177 3500 5242 et

162 5274 631 5362 antemuralia,
688 5271 813 5346 sed
864 5272 1155 5346 aliorum
1209 5292 1481 5368 quoque
1535 5272 1920 5342 vicinorum
1971 5268 2371 5365 Regnorum
2424 5283 2494 5345 et
2554 5273 3096 5360 Provinciamm,
3165 5296 3261 5346 ex
3311 5271 3496 5346 bona

31 5452 34 5479 ;
160 5391 223 5452 et
279 5399 533 5453 secura
591 5373 1053 5450 Coniiniorum
1106 5377 1505 5471 prouisione
1561 5372 1983 5471 dependeat:
2047 5374 2378 5470 Majestas
2433 5376 2572 5450 Sua
2628 5379 2815 5450 iuxta
2872 5379 3226 5452 articulum
3278 5380 3495 5490 vige-3

2917 5475 3073 5554 37*
