3950 5917
3296 415 3412 521 ἓξ

128 638 297 717 qnam
344 615 694 713 collectan
750 619 1052 713 ‚effligere
1104 614 1192 691 ab
1242 613 1533 715 eisdem,
1599 637 1738 701 non
1781 612 2207 707 obstantibus
2275 616 2490 717 literis
2545 619 2825 713 nostris,
2879 620 2941 692 si
2987 642 3162 723 quae
3212 644 3404 719 con-2,

135 736 213 805 tra
252 731 542 811 tenorem
596 719 1115 815 Priuilegiorum
1168 720 1573 810 eorundem,
1625 742 1753 792 seu
1788 729 2032 807 eontra¹
2063 719 2352 794 formam
2405 718 2736 799 libertatis
2772 718 3134 797 Ecclesiae
3188 714 3404 797 eina-⁴

136 834 391 917 meent,
420 824 572 898 .vel
622 822 983 921 deinceps.
1007 822 1517 920 quomodolibet
1570 825 1979 917 contingerit
2029 816 2381 921 emanare,
2453 846 2604 896 cum
2657 824 3077 921 praedictam
3129 814 3402 901 ane-¹

138 934 291 1017 inu,
355 931 523 1007 sicut
569 930 1084 1024 praemisimus,
1150 927 1238 1001 ob
1292 930 1752 1000 reuerentiam
1824 937 2217 1001 sanctorum
2283 927 2904 1027 praedecessorum
2972 924 3398 1022 nostrorum,

138 1031 409 1128 Stephani
473 1041 545 1104 et
610 1031 911 1105 Ladislai
977 1032 1246 1124 Regum
1314 1032 1735 1125 Hungariae,
1814 1053 1946 1103 nec
2018 1053 2157 1103 non
2225 1042 2510 1128 propter
2577 1033 3014 1129 approbatam
3084 1026 3406 1125 fidelita-¹

135 1145 237 1209 ten
291 1134 715 1210 Venerabilis
784 1136 1004 1209 Patris
1071 1135 1496 1224 Timotbaei,
1570 1135 1878 1207 eiusdem
1945 1133 2309 1209 Ecclesiae
2380 1134 2731 1233 Episcopi,
2804 1138 3052 1210 dictam
3121 1138 3390 1211 Eccle-

137 1243 285 1327 ziam,
328 1236 650 1334 Populos,
705 1249 780 1313 et
826 1239 981 1317 Iura
1033 1243 1183 1314 eius
1238 1240 1530 1313 velimus
1580 1249 1648 1311 et
1696 1237 2124 1313 intendamus
2177 1249 2648 1331 manutenere,
2720 1252 2790 1314 et
2843 1263 3261 1317 conseruare
3315 1248 3392 1317 in

140 1364 320 1419 eorum
383 1344 740 1415 consuetis
811 1352 881 1415 et
932 1347 1222 1439 antiquis
1299 1341 1720 1416 libertatibus
1788 1346 2225 1417 inconcusse.
2329 1341 2406 1416 In
2460 1345 2657 1435 cujus
2708 1347 2813 1418 rei
2864 1350 3262 1419 memoriam
3315 1357 3400 1421 et.

136 1456 461 1541 perpennam
514 1446 903 1519 firmitatem
954 1456 1361 1543 praesentes
1408 1445 1716 1519 dedimus
1769 1448 2005 1520 literas
2056 1445 2387 1543 dupplicis
2457 1447 2677 1542 Sigilli
2737 1447 2970 1547 Nostri
3021 1453 3398 1543 munimine,

138 1549 448 1623 roboratas.
552 1549 808 1623 Datum
861 1573 985 1646 per
1035 1572 1276 1625 manus
1325 1549 1638 1645 Magistri
1669 1549 2028 1623 Benedicti
2079 1549 2205 1623 S‘⁸‘
2244 1550 2738 1644 strigoniensis
2792 1548 3153 1628 Ecclesiae
3204 1550 3388 1627 Ele—

140 1657 223 1743 eti,
265 1654 690 1750 ejusdemque
741 1653 909 1726 Loci
962 1653 1245 1729 Comitis
1297 1656 1632 1752 perpetui,
1710 1652 1935 1727 Aulae
2005 1652 2302 1729 Nostrae
2354 1650 2989 1731 vioe-cancellarii
3039 1662 3106 1731 dc
3153 1657 3384 1731 Prae-

139 1759 287 1851 positi
326 1756 691 1849 Budensis,
757 1758 1003 1832 Dilecti
1075 1762 1141 1831 dc
1188 1758 1443 1833 Fidelis
1497 1756 1750 1831 Nostri.
1854 1756 2062 1831 Anno
2130 1758 2406 1831 Domini
2473 1754 2838 1832 Millesimo
2890 1758 3384 1836 Ducentesimo

141 1864 576 1955 septuagesimo
632 1871 905 1958 quarto,
958 1861 1174 1957 pridie
1230 1860 1570 1935 Calendas
1621 1863 1802 1954 Junij
1854 1860 2236 1936 Indictione
2283 1862 2614 1955 secunda,
2684 1863 2911 1959 Regni
2963 1876 3189 1940 autem
3239 1888 3388 1940 no-

140 1966 225 2037 sn·
276 1965 584 2041 secundo.
694 1965 1130 2040 Venerabilis
1214 1962 1526 2041 Patribus
1613 1965 1961 2063 Stephano
2035 1963 2404 2041 Colocensi
2491 1977 2563 2039 et
2641 1967 2910 2041 Joanne
2983 1969 3376 2067 Spalatensi

138 2062 646 2165 ArcbiepiscopiS,
701 2069 1066 2143 Lamberto
1117 2071 1473 2166 Agrieusi,
1525 2070 1797 2143 Briccio
1854 2064 2331 2161 Gsauadiensi,
2381 2070 2514 2144 Job
2551 2070 3368 2167 Quinque-Ecclesiensi,

138 2168 371 2269 Philippo
404 2172 762 2263 vaciensi,
814 2174 1038 2247 Aulae
1071 2175 1406 2248 Dominae
1459 2174 1798 2271 Reginae,
1854 2169 2215 2249 consortis
2245 2172 2568 2268 Nostrae,
2624 2172 3078 2267 cancellario,
3127 2178 3379 2251 Timo-

136 2271 285 2349 theo
332 2275 805 2371 Zagrabiensi,
871 2277 1283 2352 Lodomerio
1331 2277 1768 2369 Varadiensi,
1834 2277 2172 2375 Dyonisio
2242 2279 2585 2352 Jauriensi
2636 2289 2708 2352 et
2758 2279 2961 2353 Petro
3034 2280 3389 2379 Trausylf

132 2379 659 2478 moEpiscopis,
710 2380 1070 2456 Ecclesias
1100 2381 1235 2455 Dei
1266 2382 1561 2457 feliciter
1610 2379 2166 2479 gubernantibus.
2214 2382 2553 2480 Dyonisio
2589 2372 2924 2477 Palatino,
2980 2378 3244 2457 Comite
3282 2383 3375 2458 do

134 2478 313 2557 okueh
353 2488 413 2559 d:
456 2484 720 2561 Judice
774 2483 1247 2562 Cumanorum.
1300 2486 1587 2561 Nicolao
1639 2485 1883 2560 Judice
1939 2484 2192 2561 Curiae
2238 2485 2561 2574 Nostrae,
2617 2481 2880 2560 Comite
2926 2487 3013 2561 de
3061 2478 3372 2562 Guecke.
3445 2528 3455 2553 ·

138 2582 359 2663 Hearico
418 2590 609 2666 Bano
697 2595 903 2666 totius
975 2591 1424 2682 Sclavouiae,
1497 2587 1786 2663 Nicolao
1857 2589 2189 2689 voyvoda
2258 2591 2735 2689 Transylvano
2801 2603 2873 2664 et
2943 2587 3207 2665 Comite
3280 2590 3368 2666 de

136 2685 331 2785 lomi,
390 2694 595 2769 Paulo
681 2695 873 2769 Bano
928 2695 1017 2767 de
1070 2695 1436 2787 Seuerin0,
1504 2694 1886 2791 Joachymo
1955 2693 2287 2789 Magistro
2358 2696 2888 2769 Tauernicorum
2964 2692 3225 2769 Comite
3282 2696 3372 2769 de

138 2792 303 2887 Plyss,
344 2798 684 2873 Reinold«)
739 2798 1067 2894 Magistro
1111 2799 1591 2896 Dapiferorum
1646 2797 1909 2871 Comite
1944 2799 2465 2893 Zulgageriensi
2495 2800 2640 2892 (Ὁ,
2697 2800 2984 2873 Nicolao
3037 2799 3374 2893 Magistro

138 2892 568 2995 mmmmm,
662 2903 1020 2976 Herbordo
1087 2903 1420 2995 Magistro
1488 2903 1898 2996 Agazouum
1966 2914 2381 2995 nostrorum,
2456 2900 2718 2977 Comite
2785 2898 3078 2977 Bai-ana.
3164 2903 3371 3000 Moys

134 2996 383 3093 Magistro
428 3007 976 3081 Tauemicorum
1028 3008 1366 3081 Dominae
1417 3006 1755 3101 Reginae,
1820 3004 2179 3081 Consortis
2231 3018 2510 3081 nostrae
2561 3008 3033 3102 charissimae,
3108 3008 3378 3082 Comite

138 3102 525 3202 Sinigbiensi3
595 3111 884 3185 Ioanne
947 3110 1212 3184 Comite
1283 3110 1758 3208 Soprouieusi,
1831 3110 2169 3205 Gregorio
2241 3107 2505 3184 Comite
2577 3109 3034 3202 Castriferrei,
3104 3112 3375 3186 Dedalo

146 3200 335 3285 Comite
390 3215 813 3306 Zaladiensi,
880 3212 1145 3288 Jacobo
1220 3213 1481 3288 Comite
1552 3214 1872 3289 Nitrieusi
1895 3268 1917 3306 ,
2000 3225 2070 3287 et
2137 3215 2287 3289 aliis
2354 3238 2553 3310 quam
2625 3215 2923 3312 pluribus
2997 3214 3373 3292 Comitatus

141 3306 303 3406 Regni
342 3319 719 3395 tenentibus
773 3330 845 3393 et
894 3319 1217 3394 honores.

138 3484 191 3539 2¹
218 3498 502 3566 nmmo
532 3498 827 3552 litterarum
864 3497 1204 3567 originalium,
1240 3500 1289 3548 in
1329 3497 1569 3549 Archivio
1606 3494 1825 3565 Capituli
1860 3495 2219 3565 Zagrabiensis
2254 3505 2648 3552 asservatur-um.

1457 4006 1979 4092 vaIn.

1454 4301 1658 4368 Anno
1728 4297 1960 4368 1275.

128 4508 653 4641 Elisabetha'
708 4560 1077 4666 Regina
1172 4561 1566 4640 nobiles
1632 4558 2175 4641 Comitatus
2247 4556 2741 4661 Verevce,
2837 4557 3096 4636 ultra
3164 4560 3361 4639 flu-

122 4694 311 4773 vium
378 4698 797 4779 Dravum
887 4724 1059 4778 seu
1151 4705 1239 4777 in
1331 4699 1826 4804 Hungaria
1922 4703 2012 4777 in
2096 4701 2250 4803 jus
2344 4700 2687 4775 voe-ari
2783 4720 2968 4775 non
3063 4723 3361 4801 posse

733 4836 743 4847 ’
985 4837 996 4849 ”
1518 4843 1887 4916 statuit

368 5080 757 5174 Elisabeth,
830 5084 941 5157 dei
1012 5087 1246 5176 gracia
1306 5083 1573 5177 Regina
1643 5082 2035 5177 Hungarie,
2115 5085 2456 5155 vniuersis
2529 5082 2762 5159 christi
2835 5085 3144 5158 fidelibus
3216 5093 3353 5156 tam

131 5182 481 5265 mentibus
536 5209 736 5283 quam
790 5186 1029 5262 futuris
1080 5209 1371 5283 presens
1425 5190 1744 5282 scriptum
1814 5189 2220 5281 inspecturis
2295 5187 2580 5259 salutem
2631 5191 2703 5259 in
2756 5191 3055 5260 omnium
3110 5186 3354 5262 saluas

134 5281 255 5355 bre.
329 5288 431 5361 Ad
488 5293 948 5365 vniuersitatis
1017 5301 1255 5365 vestre
1324 5293 1639 5363 noticiam
1714 5289 1945 5361 barum
2021 5292 2202 5363 serie
2275 5291 2585 5363 volumus
2655 5294 3042 5386 pervenire.
3151 5286 3354 5378 Quod

137 5398 245 5457 nn
302 5390 597 5468 dominus
640 5393 987 5470 Ladislaus
1042 5417 1170 5467 rex
1230 5404 1300 5467 et
1351 5393 1487 5467 dux
1542 5393 1885 5473 Andreas,
1957 5392 2170 5465 frater
2222 5394 2554 5485 eiusdem,
2624 5392 2965 5467 karissimi
3037 5391 3151 5488 filij
3209 5416 3352 5469 no-

2779 5497 2925 5569 11*
