3950 5917
110 666 214 723 248-
271 668 422 719 Αιιιιο
461 666 636 722 1745.
670 665 755 718 die
796 666 843 717 1.
878 663 1017 718 Julii.
1053 666 1302 719 Viennae.
1373 644 1647 719 Instructio
1683 682 1715 719 a
1750 666 1947 737 Regina
1983 666 2141 720 Uaria
2175 667 2419 721 'l'heresia
2453 667 2627 723 hlarco
2661 669 2957 723 Alexandro
3010 669 3178 724 libero

271 761 455 814 baroni
490 758 781 827 Pejacevic,
819 758 1103 813 comitatus
1139 760 1454 827 Syrmiensis
1492 758 1662 813 Officii
1697 764 1925 831 'supremi
1961 763 2175 815 Comitis
2208 745 2641 829 Administratori,
2696 773 2913 833 totoque
2947 766 3182 831 ejusdem

278 856 558 911 Comitatus
590 847 908 924 Ua'gistratui
944 854 1063 907 data
1153 894 3176 914 ........................

61 959 62 970 ’
118 954 218 1010 mt
275 952 422 1004 Anno
459 948 638 1007 1745.
693 951 778 1002 die
835 957 882 1007 1.
935 950 1074 1003 Julii.
1145 950 1393 1003 Viennae.
1466 949 1741 1003 Instructio
1796 953 1945 1002 novis
2001 953 2250 1019 supremis
2305 952 2581 1005 comitibus
2635 963 2690 1005 et
2742 954 2900 1006 officii
2951 955 3180 1023 supremi

273 1045 468 1099 comitis
538 1046 932 1099 administratori
987 1047 1042 1097 in
1097 1042 1435 1098 comitatibus
1490 1043 1749 1099 Inferioris
1803 1044 2079 1099 Slavoniae
2134 1064 2163 1100 a
2217 1047 2320 1099 Sua
2376 1046 2632 1148 Caesarea
2687 1058 2740 1101 et
2794 1049 2960 1117 Regia
3012 1048 3178 1116 Μεισ-

269 1151 394 1194 mie
430 1141 552 1194 dita

644 1180 3172 1199 οοοοοοοοοοοοοοοοοοοοοοοοοοοοοο

3189 576 3390 649 Pagina

3282 859 3387 914 412

3278 1147 3384 1200 417

59 1271 62 1298 n
116 1237 211 1292 m.
267 1238 415 1289 Anno
455 1236 633 1291 1745.
670 1235 754 1288 die
791 1235 844 1287 9.
879 1234 1197 1288 Decembris.
1232 1231 1437 1286 Esseki.
1512 1234 1824 1287 Universitas
1860 1235 2143 1289 Comitatus
2180 1238 2487 1291 Verocensis
2524 1237 2592 1289 de
2628 1255 2721 1291 sua
2758 1247 2813 1291 et
2846 1213 3002 1291 totius
3034 1239 3178 1291 inl'e-
3262 1247 3270 1258 ‘

59 1331 64 1424 ι
209 1325 228 1344 ⁰
268 1333 412 1383 rioris
446 1330 725 1383 Slavoniae
761 1319 1238 1430 reincorporatnone
1276 1327 1516 1382 Generali
1554 1329 1719 1400 Regni
1757 1330 2062 1395 Dalmatiae,
2099 1330 2338 1386 Oroatiae
2371 1340 2427 1386 et
2459 1331 2734 1385 Slavoniae
2772 1332 3179 1403 Congregationi

274 1425 556 1494 gratulatur
1467 1423 1492 1452 ¹

629 1462 3176 1481 000000000000000000000000000000

59 1507 62 1560 i
113 1519 212 1575 148-
267 1522 414 1572 Αιιιιο
451 1519 759 1575 1745.12.
794 1518 1114 1573 Decembris.
1150 1517 1208 1570 ln
1245 1505 1439 1588 oppido
1479 1515 1784 1574 Valkovar.
1826 1519 2141 1573 Universitas
2192 1520 2472 1575 Comitatus
2525 1522 2831 1589 syrmiensis
2886 1522 2953 1576 de
2999 1538 3096 1574 sua
3127 1531 3182 1575 et

59 1623 60 1626 ’
270 1617 418 1667 totius
433 1615 720 1687 ‚inferioris
756 1613 1030 1667 Slavoniae
1067 1616 1549 1682 reincorporatione
1583 1613 1764 1681 inclyti
1768 1632 1796 1666 s
1837 1615 1927 1667 88.
1975 1624 2030 1667 et
2076 1613 2183 1668 00,
2232 1616 2401 1686 Regni
2455 1616 2776 1683 Dalmatiae,
2833 1615 3072 1671 croatiae
3126 1627 3181 1669 et

59 1723 60 1786 ᾗ
274 1709 546 1762 81ινοιιιιιο
595 1709 936 1777 gratulatur
970 1747 3166 1772 ...........................

59 1791 60 1848 i
119 1802 218 1858 249.
277 1806 423 1857 Anno
462 1803 643 1860 1747.
680 1804 765 1856 die
802 1805 853 1855 7.
888 1803 1067 1856 Martii.
1122 1804 1368 1856 Viennae.
1440 1804 1711 1856 instructio
1765 1807 2057 1857 neoerectis
2114 1804 2439 1857 comitatibus
2493 1804 2756 1858 lnl'erioris
2808 1803 3092 1861 Slavoniae
3145 1822 3178 1860 a

59 1901 60 1910 ’
279 1896 416 1968 Rege
454 1900 631 1952 medio
670 1898 940 1952 Generalis
975 1899 1143 1967 Regni
1177 1889 1612 1968 congregationis
1659 1899 1776 1952 data
1850 1937 3181 1954 ................

123 1991 225 2046 Ἀθ.
284 1995 429 2046 Anno
466 1994 648 2050 1749.
684 1993 735 2047 3.
770 1992 926 2045 Junii.
960 1993 1212 2046 Viennae.
1280 1993 1548 2045 Resolutio
1581 1993 1746 2063 Regia
1782 1995 1848 2045 de
1894 1994 2207 2048 instituendo
2260 1997 2314 2047 in
2368 1993 2573 2048 croatia
2629 2009 2732 2047 uno
2785 1994 3186 2064 vice-Magistro

282 2087 638 2141 Tbavernicali
674 2095 728 2141 et
761 2087 897 2141 Foro
933 2086 1202 2140 Revisorio
1240 2083 1527 2141 causarum'
1557 2068 1941 2142 civitatensium

121 2179 224 2235 al.
280 2182 425 2234 Anno
466 2183 647 2238 1750.
686 2182 770 2234 die
809 2183 894 2235 16.
929 2180 1212 2234 anuusrii.
1264 2182 1514 2236 Viennae.
1583 2184 1739 2236 Maria
1796 2182 2038 2236 Theresia
2095 2183 2471 2253 regulationem
2526 2182 2881 2237 Conflniorum
2926 2183 3186 2237 banalium

288 2280 460 2338 sancit,
501 2276 863 2345 nonnullaque
899 2277 1174 2346 Privilegia
1208 2277 1377 2346 Regni
1415 2279 1683 2334 confirmat
1771 2314 3184 2335 .................

121 2367 222 2425 82.
280 2373 425 2425 Anno
462 2372 644 2427 1751.
681 2372 765 2425 die
801 2371 851 2425 2.
889 2371 1120 2438 Aprilis..
1147 2370 1370 2424 lllokini.
1441 2372 1630 2426 Motis-a
1668 2383 1726 2426 et
1754 2372 2104 2438 reflectiones,
2140 2389 2205 2427 ex
2242 2374 2428 2443 quibus
2464 2374 2767 2427 inferiorum
2803 2373 2972 2440 Regni
3008 2372 3187 2427 Comi—

283 2475 468 2518 tatuum
507 2466 773 2536 Ablegati,
809 2468 861 2518 ιιι
900 2465 1064 2518 hocce
1105 2465 1141 2517 l.
1177 2465 1239 2519 D.
1277 2466 1510 2520 statuum
1548 2477 1603 2520 et
1638 2466 1886 2521 ordinum
1922 2466 2217 2539 Congressu
2255 2477 2587 2537 praesentes,
2635 2469 2766 2522 ultra
2800 2478 2904 2521 tres
2938 2468 3192 2526 hactenus

283 2561 509 2629 ablegari
546 2563 749 2626 solitos,
787 2560 916 2614 alios
953 2561 1125 2613 adbuc
1160 2571 1284 2626 tres,
1323 2571 1376 2615 et
1414 2563 1628 2631 quidem
1663 2579 1728 2615 ex
1763 2565 1886 2631 ipsis
1921 2562 2252 2616 inferioribus
2288 2562 2644 2628 comitatibus
2694 2580 2724 2615 e
2758 2562 2964 2631 singulo
3000 2562 3194 2615 videli-

284 2665 361 2708 eet
405 2672 571 2708 unum
608 2655 871 2720 Nuntium,
921 2657 973 2707 ιιι
1012 2655 1264 2726 qualitate
1291 2655 1461 2723 Regni
1497 2656 1773 2711 slavoniae
1807 2656 2180 2727 Ablegatorum
2216 2658 2284 2711 ad
2336 2659 2685 2709 imminentem
2737 2665 2792 2710 et
2824 2656 3190 2710 subsecuturas

57 2743 60 2842 i
291 2753 558 2805 continuas
596 2751 764 2820 Regni
799 2748 1112 2819 Huugariae
1129 2750 1337 2804 Diaetas
1372 2754 1566 2803 exmitti
1601 2751 1882 2804 humillime
1929 2752 2233 2821 postulant
2301 2769 2313 2804 ;
2389 2787 3184 2806 ..........

55 2859 58 2862 ·
125 2841 228 2898 83.
287 2848 428 2900 Auno
465 2847 654 2906 1759.
717 2845 953 2912 Systema
990 2845 1347 2913 Regulationis
1384 2845 1553 2915 Regni
1590 2844 1826 2899 croatiae
1864 2845 2209 2899 comitatuum
2302 2883 3188 2901 ...........

121 2935 226 2994 Q.
284 2943 426 2994 Anno
464 2940 644 2998 1761.
683 2941 769 2993 die
806 2941 858 2993 8.
893 2940 1312 3009 blajLYiennae.
1383 2939 1670 2992 lntimatum
1727 2939 1944 3009 Regium
2000 2942 2134 2993 circa
2188 2941 2395 2994 diversa
2441 2939 2821 2994 Postulatorum
2869 2949 3063 3010 puncta
3096 2939 3189 2994 88.

288 3046 335 3088 et
368 3034 478 3089 00.
515 3034 760 3089 croatiae
796 3035 974 3088 datum
1082 3073 1443 3089 .....
1499 3021 1510 3030 ’
1517 3074 2575 3092 .............
2604 3023 2611 3030 ⁰
2649 3072 3192 3091 .......

123 3125 227 3182 255.
285 3132 427 3184 Anno
466 3130 648 3187 1767.
689 3133 734 3182 l.
772 3131 1014 3199 Augusti.
1050 3111 1300 3183 Viennae.
1367 3129 1522 3182 Maria
1579 3129 1824 3182 Therasia
1881 3133 2132 3184 erectioni
2186 3134 2309 3184 novi
2359 3129 2571 3184 Consilii
2605 3130 2757 3197 Regii
2795 3130 3020 3185 Croatici
3056 3131 3191 3185 ultro

288 3219 515 3279 inhaeret
629 3261 1698 3278 .............
1719 3251 1728 3254 Δ
1772 3262 2397 3278 ........
2464 3264 2480 3292 „-
2556 3260 3188 3278 ........

127 3315 234 3372 256.
292 3323 435 3374 Anno
477 3321 552 3377 17
561 3321 657 3375 73.
693 3319 779 3372 die
815 3320 867 3372 8.
903 3319 1085 3371 Met-tii.
1123 3319 1371 3372 Viennae.
1441 3318 1735 3371 nummum
1772 3319 1990 3388 Regium
2025 3318 2170 3373 Bano
2207 3319 2445 3373 croatiae
2483 3322 2677 3381 datum,
2713 3329 2770 3371 ut
2802 3335 2947 3371 suam
2984 3321 3194 3387 opinio-

289 3431 398 3467 aem
435 3417 595 3478 dicat,
623 3416 749 3485 quis
785 3416 1004 3489 maxime
1043 3423 1330 3481 oportunus
1369 3415 1419 3464 in
1455 3416 1639 3466 merito
1675 3414 1952 3484 augendae
1990 3413 2395 3468 contributionis
2447 3415 2707 3467 inferioris
2759 3412 3041 3465 Slavoniae
3096 3415 3193 3479 pro

291 3510 602 3564 celebranda
638 3509 886 3562 Generali
920 3508 1089 3579 Regni
1126 3507 1547 3578 congregatione
1583 3510 1831 3561 terminus
1874 3509 2114 3562 constitui
2152 3517 2329 3577 posset
2384 3541 3187 3561 ..........

124 3598 229 3656 2⁸7.
286 3606 429 3657 Anno
466 3606 646 3662 1776.
686 3605 772 3659 die
809 3605 861 3658 9.
894 3604 1130 3672 Augusti.
1167 3603 1420 3657 Viennae.
1492 3603 1759 3657 Resolutio
1797 3603 1987 3656 Mariae
2023 3602 2301 3657 ‘l'beresiae
2351 3602 2417 3655 de
2466 3602 2700 3655 Flumine
2752 3599 3051 3668 immediate
3085 3600 3194 3652 Re-

291 3716 388 3770 gno
424 3699 665 3754 croatiae
699 3700 1108 3769 incorporando,
1145 3699 1213 3752 de
1251 3698 1488 3752 Comiatu
1525 3697 2265 3752 summensi-constituendo
2303 3697 2475 3768 deque
2511 3696 2832 3750 Fluminensi
2878 3703 3030 3763 portu
3065 3693 3195 3747 'l'er-

292 3799 470 3863 gestini
507 3799 669 3848 instar
701 3791 1017 3865 specialibus
1053 3794 1320 3846 favoribus
1356 3793 1705 3864 providendo,
1742 3792 2023 3846 dicasteriis
2071 3794 2449 3849 communicata
2556 3825 3188 3848 ........

130 3882 236 3941 88.
292 3892 439 3944 Anno
477 3890 656 3947 1776.
692 3890 777 3943 die
814 3891 848 3942 2
901 3888 1158 3942 Octobris.
1196 3886 1502 3958 Zagrabiae.
1573 3887 1863 3942 lntimatum
1900 3888 2116 3940 Consilii
2154 3885 2379 3940 Croatici
2427 3887 2494 3939 de
2532 3885 2669 3939 Urbe
2720 3893 2773 3938 et
2807 3893 2960 3954 portu
2996 3883 3193 3938 Flumi-

293 3988 454 4050 nensi,
491 4000 594 4038 nec
633 4000 740 4038 non
775 3983 937 4037 Bonis
974 3981 1421 4047 Buccarensibus,
1470 3985 1525 4036 in
1557 3991 1803 4051 quantum
1840 3981 2196 4035 carolostadio
2232 3982 2449 4034 Flumen
2487 3975 2670 4034 versus
2706 3980 2772 4032 ad
2811 3979 3043 4032 dextram
3076 3980 3196 4031 viae

298 4077 565 4133 Camlinae
599 4081 695 4133 sita
732 4088 868 4144 sunt,
905 4076 1125 4132 civitate
1163 4075 1389 4148 denique
1428 4075 1862 4131 carolostadiensi
1911 4076 2208 4128 immediate
2255 4075 2440 4143 Regno
2479 4074 2717 4129 croatiae
2772 4074 3194 4141 reincorporatis,

295 4185 584 4229 emanatum
630 4206 2312 4227 ....................
2341 4169 2349 4176 '
2385 4205 3189 4225 ..........

127 4262 234 4320 259.
291 4271 436 4324 Anno
473 4268 654 4328 1777.
687 4269 775 4322 die
810 4269 897 4326 29.
931 4270 1175 4337 Augusti.
1211 4268 1460 4322 Viennae.
1528 4267 1852 4336 Rescriptum
1888 4265 2109 4335 Regium
2145 4264 2268 4317 ddo.
2304 4265 2356 4318 9.
2388 4264 2615 4333 Augusti
2653 4264 2827 4327 177⁷„
2866 4276 2972 4332 quo
3010 4261 3197 4329 dispo-

296 4367 442 4432 nitur,
480 4374 538 4418 ut
572 4378 755 4418 omnes
793 4362 995 4418 Causae
1032 4362 1227 4416 civiles
1263 4363 1447 4433 Regno
1484 4361 1721 4417 croatiae
1767 4361 2066 4415 immediate
2118 4363 2483 4428 incorporatae
2526 4356 2678 4411 Urbis
2712 4356 2961 4410 Fluminis
2996 4372 3026 4410 a
3060 4355 3200 4409 Foro

293 4458 523 4515 Judicum
560 4458 713 4514 Urbis
747 4460 814 4514 ad
848 4458 1094 4513 Tabulam
1129 4458 1377 4511 Banalem
1413 4460 1498 4512 via
1534 4457 1895 4527 appellationis
1931 4464 2337 4526 promoveantur
2388 4489 3193 4510 ..........

131 4545 242 4606 2⁸0.
298 4557 442 4609 Anno
482 4555 655 4612 1777.
692 4544 870 4611 die'e.
905 4552 1239 4624 Septembris.
1274 4553 1524 4607 Viennae.
1593 4552 1654 4606 B.
1691 4552 2017 4619 Rescriptum
2053 4550 2115 4603 R.
2149 4551 2339 4603 Mariae
2367 4531 2663 4602 ‘morenae
2714 4546 2803 4601 88.
2850 4556 2904 4600 et
2948 4544 3056 4601 00.
3090 4545 3198 4598 Be·

303 4666 515 4720 gnorum
549 4650 854 4714 Dalmatiae,
891 4648 1129 4703 croatiae
1166 4657 1221 4701 et
1255 4647 1531 4701 Slavoniae
1567 4648 1775 4700 missum
1820 4655 1875 4699 et
1917 4646 2164 4698 ordinans
2185 4683 2200 4709 ‚
2228 4631 2313 4696 ‘ut
2363 4647 2417 4696 in
2473 4641 2730 4696 cambium
2782 4642 2947 4695 Statui
2998 4640 3200 4693 Uilitari

302 4760 553 4799 cessatum
597 4745 867 4816 plagarum
902 4742 1036 4798 Urbs
1072 4752 1127 4797 et
1160 4753 1339 4813 portus
1372 4742 1716 4796 Fluminensis
1752 4757 1869 4793 cum
1905 4739 2185 4809 Podbregh
2223 4749 2276 4794 et
2310 4739 2561 4807 Lopacsa,
2598 4753 2699 4790 nec
2734 4752 2839 4789 non
2875 4735 3022 4788 Bona
3057 4733 3198 4787 Buc-

304 4843 544 4898 eareusia.
581 4823 903 4894 Carlostadio
936 4839 1158 4892 Flumen
1191 4855 1372 4894 versus
1407 4838 1474 4891 ad
1511 4836 1740 4890 dextram
1776 4839 1894 4890 viae
1931 4834 2204 4889 Carolinae
2240 4837 2365 4901 sita,
2414 4849 2519 4887 una
2568 4848 2687 4885 cum
2725 4830 2946 4885 civitate
2982 4829 3202 4883 Cas-olo-

307 4935 461 4990 stadio
495 4934 792 4990 immediate
828 4935 1013 5002 Regno
1051 4933 1290 4986 croatiae
1324 4936 1803 5001 reincorporentur,
1844 4939 1899 4983 et
1934 4945 2000 4982 ex
2037 4930 2481 4998 neoincorporatis
2532 4925 2761 4997 partibus
2808 4939 3006 4987 novus,
3058 4922 3206 4976 Con·

306 5029 415 5083 silio
450 5031 615 5098 Regio
651 5028 894 5084 croatico
927 5027 1374 5094 subordinsndus,
1424 5026 1708 5082 Comitatus
1741 5027 1972 5095 erigatur
2042 5058 3194 5079 ..............

143 5115 250 5175 2⁸1.
307 5124 451 5180 Auno
485 5126 660 5182 1777.
696 5125 785 5179 die
821 5127 906 5179 to.
940 5123 1266 5178 Novembris.
1301 5123 1551 5176 Viennae.
1622 5122 1779 5177 Uaria
1812 5120 2058 5173 'l'beresia
2093 5117 2507 5172 ordinationibus
2544 5118 2650 5170 suis
2686 5115 2753 5169 de
2790 5115 3010 5184 partium
3044 5115 3203 5167 mari·

312 5207 533 5274 timei-nm
570 5221 1066 5290 reincorporatione‚
1105 5220 1171 5272 de
1205 5219 1508 5272 inducendo
1545 5215 1894 5272 commerciali
1927 5222 2227 5282 systemate,
2263 5212 2435 5281 deque
2467 5211 2782 5281 praestando
2815 5211 2970 5262 statui
3005 5207 3208 5262 militari

317 5317 660 5384 aequivalente
697 5330 855 5385 porro
893 5330 1108 5383 quoque
1152 5315 1336 5367 insistit
1429 5343 3204 5368 .....................
3266 5318 3273 5324 ·

415 5419 558 5482 (Pars
603 5417 643 5472 1.
697 5416 872 5472 privil.
927 5426 983 5470 et
1015 5417 1232 5480 Libert.)
2971 5419 3001 5452 ⁶

3282 1430 3387 1484 422

3272 1711 3380 1768 423

3283 1902 3391 1957 425

3291 2092 3396 2149 429

3278 3507 3398 3561 -452

3295 3789 3400 3844 453

3295 4166 3404 4220 456

3297 4450 3403 4505 457

3301 5011 3409 5069 459
