3950 5917
507 395 667 474 322

512 603 805 703 pelleret
856 615 927 679 et
977 602 1456 696 adstringeret,
1506 607 1910 675 recusantes
1962 605 2190 673 autam
2241 599 2448 674 etiam
2494 617 2622 695 per
2673 617 2890 674 onem
2937 606 3012 673 ct
3062 601 3488 693 gravamina,
3549 597 3819 694 cunque
3921 613 3923 616 ·

509 707 817 783 remedia
870 712 1072 781 etiam
1150 705 1446 780 indebita
1498 715 1571 779 ct
1639 705 1839 779 saluti
1890 706 2231 778 contraria
2299 712 2599 776 arctaret
2647 714 2720 778 et
2786 704 3250 798 compelleret,
3319 706 3390 775 in
3443 701 3820 774 eorundem

507 811 849 886 Nobilium
905 812 1246 897 damnum,
1317 809 1779 905 libertatisque
1830 817 1903 881 ct
1970 807 2487 881 consvetudinis
2539 828 2780 881 comm
2831 807 3315 903 praeiudicium
3387 808 3555 879 satis
3589 826 3817 898 suag-

508 935 692 990 m.
804 914 1069 988 Dehinc
1118 913 1440 988 volentes
1489 913 1695 986 iidem
1747 912 2240 985 Procuratores
2291 910 2625 984 dictorum
2675 910 3013 986 Nobilium
3065 915 3135 984 in
3187 912 3502 1006 personis
3554 931 3821 982 eorun-
3921 925 3923 928 ·

512 1019 671 1094 dem
730 1022 1093 1093 Actionem
1165 1039 1403 1090 eorum
1463 1019 1912 1113 praemissam
1979 1016 2248 1089 meliori
2325 1014 2813 1112 efficatior-ique
2879 1014 3290 1088 documento
3341 1011 3819 1110 comprobare,

509 1132 657 1197 tres
713 1123 998 1211 litteras,
1066 1121 1241 1195 duas
1290 1120 1614 1194 videlicet
1662 1120 2104 1193 Serenissimi
2155 1128 2226 1192 et
2274 1121 2725 1214 potentissimi
2777 1120 3108 1213 Principis
3159 1118 3493 1214 quondam
3547 1116 3824 1188 Domini

511 1225 810 1301 Mathiae
881 1226 1095 1320 Regis
1167 1225 1560 1319 Hungariae
1627 1234 1699 1297 et
1747 1222 2121 1296 Bobemiae
2174 1227 2301 1295 dcc.
2372 1223 2721 1316 gloriosae
2769 1225 3171 1312 memoriae,
3240 1222 3510 1293 Domini
3577 1224 3820 1300 nostri,

507 1349 712 1402 unam
769 1329 1089 1403 videlicet
1142 1328 1832 1415 Confirmationalem,
1885 1327 2166 1399 alteram
2217 1348 2392 1400 vero
2427 1325 3002 1424 Praeceptoriam,
3057 1335 3128 1399 et
3167 1328 3434 1398 tertiam
3478 1323 3822 1415 Mag-uilici
3921 1375 3923 1390 .

508 1433 721 1507 Ulrici
790 1432 1005 1506 Ciliae
1026 1484 1048 1521 ,
1129 1431 1675 1526 Ortbomburgae
1769 1430 2245 1525 Zagoriaeque
2324 1429 2604 1504 Comitis
2698 1453 2832 1506 nec
2902 1452 3040 1503 non
3107 1429 3330 1522 Regni
3401 1429 3822 1502 Sclavoniae

498 1536 704 1628 Bani,
747 1536 1440 1625 Confirmationalem,
1477 1535 1993 1632 privilegialiter
2029 1532 2422 1607 confectas:
2474 1535 2770 1621 Quarum
2806 1537 3048 1632 prima,
3083 1533 3409 1607 videlicet
3443 1530 3823 1604 conflrma-

505 1641 812 1731 tionalis,
886 1639 1203 1736 pendenti
1254 1650 1325 1713 et
1385 1638 1799 1712 Anthentico
1854 1638 2102 1735 duplici
2153 1638 2379 1732 sigillo
2451 1660 2578 1711 suo
2631 1660 2757 1735 per
2805 1660 3046 1712 manus
3094 1635 3682 1710 Reverendissimi
3751 1638 3824 1704 in

508 1741 780 1818 Christo
833 1744 1052 1818 Patris
1104 1742 1377 1817 Domini
1428 1741 1757 1839 Stephani
1804 1740 2270 1815 Ecclesiamm
2316 1739 2723 1816 Colocensis
2777 1751 2848 1815 et
2886 1743 3288 1815 Bacbiensis
3342 1738 3822 1840 Archi-Epis-

508 1852 665 1944 copi
731 1847 1030 1943 Lucique
1102 1845 1409 1920 eiusdem
1481 1845 1764 1920 Comitis
1832 1848 2172 1941 perpetui,
2267 1844 2491 1916 Aulae
2564 1869 2734 1918 suae
2806 1849 3048 1918 summi
3120 1843 3522 1917 Cancellarii
3594 1841 3822 1914 fidelis
3921 1919 3923 1926 ,

508 1952 739 2025 dilecti
814 1953 1019 2024 Anno
1071 1951 1345 2024 Domini
1414 1949 1617 2024 1466
1697 1953 1930 2045 quinto
1982 1948 2140 2022 Idus
2193 1946 2438 2037 Martii,
2514 1949 2738 2044 Regni
2809 1954 2914 2022 sui
2969 1951 3171 2022 Anno
3223 1970 3434 2034 nono,
3488 1945 3818 2019 Corona-

508 2058 715 2129 tionis
768 2077 942 2129 vero
997 2055 1303 2129 secundo
1356 2054 1563 2140 edita,
1615 2052 1877 2128 habeus
1922 2056 1990 2125 in
2029 2075 2109 2125 se
2164 2051 2633 2126 confirmative
2687 2065 2996 2126 tenorem
3051 2052 3463 2148 quarundam
3515 2049 3823 2122 Littera-
3921 2111 3923 2114 .

510 2179 658 2232 rum
711 2159 995 2232 illustris
1047 2158 1379 2255 Principis
1430 2157 1768 2253 quondam
1822 2157 2094 2229 Domini
2153 2156 2466 2245 JoanniS,
2543 2157 2762 2232 Patris
2815 2156 3109 2229 Mathiae
3160 2156 3377 2251 Regis
3450 2154 3689 2228 Budae
3756 2156 3827 2225 in

510 2263 758 2357 Vigilia
813 2263 972 2335 festi
1027 2261 1408 2335 Nativitatis
1461 2261 1536 2334 B.
1603 2261 1887 2334 Joannis
1938 2260 2312 2356 Baptistae,
2362 2259 2487 2333 sub
2541 2262 2765 2355 sigillo
2819 2262 3151 2349 eiusdem,
3223 2283 3357 2354 quo
3410 2269 3484 2331 nt
3535 2254 3821 2331 Guber-

510 2377 711 2440 nator
746 2364 1136 2460 Hungariae
1169 2366 1504 2454 utebatur,
1557 2363 1764 2436 Anno
1799 2364 2073 2436 Domini
2111 2363 2310 2436 1449
2347 2364 2756 2459 impendenti
2809 2368 3392 2450 communitarum,
3448 2363 3694 2434 seriem
3751 2368 3825 2431 et

509 2474 993 2544 continentiam
1058 2468 1473 2566 quarundam
1538 2467 1938 2540 Litterarum
2010 2466 2646 2558 adjudicatoriarum
2716 2469 2890 2541 Vice
2942 2469 3281 2541 Banorum
3331 2466 3556 2560 Regni
3601 2463 3822 2537 Scla-

509 2578 765 2647 voniae
835 2595 919 2645 ac
973 2573 1306 2646 Comitum
1359 2581 1431 2645 et
1492 2571 1804 2644 Judicum
1856 2570 2192 2644 Nobilium
2246 2569 2684 2645 Commitatus
2738 2571 3128 2659 CrisiensiS,
3183 2569 3384 2645 Crisii
3435 2579 3639 2644 sexto
3711 2566 3822 2640 die

507 2677 683 2751 feria
755 2676 1055 2753 secunda
1140 2685 1299 2772 post
1364 2685 1650 2750 octavas
1719 2672 1880 2749 festi
1946 2674 2468 2772 Epiphaniamm
2520 2676 2833 2769 Domini,
2930 2676 3136 2750 Anno
3207 2674 3512 2750 eiusdem
3594 2670 3822 2745 1446.

506 2791 1000 2872 manaturum,
1049 2779 1382 2854 habentes
1430 2782 1609 2853 inter
1644 2787 1919 2853 caetera
1954 2782 2026 2853 in
2060 2800 2141 2854 se
2174 2783 2662 2876 transumptive
2707 2791 3014 2855 tenorem
3067 2779 3482 2877 quarundam
3533 2776 3820 2850 duarum

505 2884 935 2976 Litterarum,
1007 2888 1203 2957 unius
1258 2885 1520 2957 scilicet
1570 2884 2012 2958 serenissimi
2083 2884 2407 2981 Principis
2461 2885 2750 2958 condam
2802 2887 3073 2958 Domini
3128 2881 3547 2977 Sigismundi
3602 2880 3819 2972 Regis

512 2997 851 3084 patenter,
923 2999 993 3061 et
1062 2990 1337 3062 alterins
1411 2987 1697 3085 Capituli
1763 2987 2131 3062 Ecclesiae
2203 2988 2642 3062 Cbasmensis
2709 2990 3115 3085 privilegial.
3190 2988 3445 3061 exinde
3515 2994 3826 3059 statutor.

516 3092 817 3179 Quarum
852 3095 1091 3187 prima,
1144 3092 1469 3165 videlicet
1522 3095 1876 3165 memorati
1930 3091 2267 3188 quondam
2311 3092 2580 3166 Domini
2619 3091 3038 3187 sigismundi
3088 3091 3330 3186 Regis,
3383 3089 3708 3161 Litteram
3764 3091 3830 3158 iu

513 3194 776 3269 Thatba
856 3196 1029 3270 feria
1084 3200 1312 3290 quinta
1382 3199 1694 3293 proxima
1746 3207 1905 3268 ante
1973 3195 2224 3270 festum
2276 3195 2771 3271 Pentbecostes
2825 3196 3046 3270 1430.
3152 3195 3547 3288 Regnorum
3603 3201 3832 3265 autem

514 3319 795 3374 suoram
848 3299 1054 3372 Anno
1107 3300 1498 3394 Hungariae
1550 3303 1677 3372 dcc.
1731 3299 1856 3374 44.
1907 3298 2369 3374 Romanorum
2426 3299 2548 3373 20.
2603 3311 2673 3373 et
2722 3300 3095 3374 Bohemiae
3139 3300 3454 3386 Decimo,
3509 3296 3595 3368 ad
3650 3317 3827 3390 pro-

514 3405 730 3500 priam
802 3425 992 3478 suam
1050 3400 1616 3478 Commissionem
1670 3406 1910 3476 maiori
1980 3425 2151 3478 suae
2201 3402 2581 3496 lajestatis
2651 3406 2880 3498 sigillo
2935 3406 3333 3496 consignata
3406 3397 3828 3480 declarabat,

517 3507 700 3603 quod
779 3506 1128 3604 praefatus
1208 3506 1548 3605 quondam
1635 3507 1968 3581 Dominus
2039 3505 2514 3601 sigismundus
2582 3508 2741 3581 Rex
2810 3507 3260 3581 consideratis
3330 3514 3400 3576 et
3469 3505 3836 3595 diligenter

514 3614 936 3707 praemetitis
1000 3610 1313 3685 fldelfflus
1364 3622 1436 3686 et
1496 3611 1802 3684 fidelium
1870 3613 2308 3684 servitiorum
2357 3614 2670 3703 gratuitis
2724 3615 2983 3686 meritis
3037 3621 3107 3685 et
3155 3611 3458 3705 acceptis
3511 3608 3836 3703 compla-

517 3717 763 3789 centiis
848 3714 1149 3789 fidelium
1222 3737 1501 3790 suorum
1570 3714 1913 3788 Nobilium
1989 3714 2277 3788 ,loannis
2365 3713 2483 3788 filii
2560 3714 2684 3789 Osl
2754 3713 2842 3789 de
2916 3714 3313 3810 Herbothya
3383 3723 3457 3785 et
3522 3710 3836 3806 Magistri

523 3816 881 3893 Michaelis
951 3818 1038 3893 de
1091 3820 1338 3894 Raven
1391 3818 1767 3891 Causarum
1829 3840 2101 3892 suarum
2171 3821 2633 3915 procuratoris
2702 3830 2773 3892 ct
2822 3819 3009 3893 sedis
3063 3817 3427 3893 Crisiensis
3479 3815 3839 3889 Protono-

517 3926 696 4013 tarii,
767 3922 1008 4017 quibus
1074 3921 1282 3996 iidem
1348 3924 1419 3995 in
1474 3921 1770 3997 divensis
1839 3922 2015 3996 locis
2067 3931 2140 3994 et
2195 3921 2612 4018 tenporibus
2667 3925 3068 4020 opportunis
3120 3921 3459 3995 Maiestati
3527 3941 3708 3992 suae
3761 3941 3838 3990 se

514 4029 709 4122 ipsos
779 4036 1015 4120 gratos
1084 4025 1377 4100 reddere
1449 4025 1865 4100 studuissent
1933 4037 2007 4099 et
2055 4035 2406 4122 acceptos,
2480 4025 3214 4122 supplicationibusque
3285 4023 3670 4098 eorundem
3717 4045 3842 4119 per

516 4133 710 4226 ipsos
764 4126 1051 4202 Culmini
1120 4150 1248 4203 suo
1318 4131 1389 4203 in
1434 4133 1755 4225 personis
1814 4140 1888 4202 ct
1938 4129 2275 4203 Nobilium
2343 4129 2724 4204 nominibus
2771 4130 3267 4204 Universorum
3324 4127 3545 4201 Castri
3603 4131 3839 4199 maio-

518 4237 615 4306 ris
642 4232 958 4306 ffimlek
1027 4234 1280 4306 devote
1328 4232 1604 4324 oblatis,
1672 4233 2015 4306 exanditis
2065 4243 2137 4305 et
2188 4231 2531 4323 admissis,
2597 4239 3082 4330 possessiones
3134 4244 3207 4306 et
3257 4244 3476 4306 terras
3525 4235 3840 4326 ipsorum

518 4333 860 4410 Nomium
911 4334 1409 4431 Jobbagionum
1465 4337 1624 4410 dicti
1677 4335 1902 4410 Castri
1954 4359 1996 4410 a
2031 4359 2217 4409 nexu
2254 4346 2324 4411 et
2363 4339 2535 4429 jugo
2589 4341 2908 4433 omnique
2955 4336 3446 4411 conditionaria
3473 4375 3478 4378 ·
3501 4339 3842 4410 servitute

519 4439 851 4537 praedicti
888 4439 1113 4515 Castri
1146 4452 1219 4513 ct
1250 4440 1338 4513 ab
1373 4440 1621 4514 eedem
1650 4440 1894 4514 Castro
1924 4440 2286 4514 eximenda
2318 4440 2760 4536 separandas,
2795 4441 3357 4537 sequestrandas,
3394 4439 3843 4534 distinguen-

521 4547 648 4618 das
701 4554 772 4618 et
819 4542 1306 4635 removendas,
1386 4543 1809 4642 eosdemque
1859 4543 2240 4617 Universos
2294 4544 2576 4617 Nobiles
2625 4545 3096 4639 Jobbagiones
3149 4542 3558 4617 Castreuses
3623 4565 3840 4616 verae

524 4647 905 4721 stabilitatis
941 4650 1131 4722 titulo
1166 4648 1662 4743 insigniendos,
1716 4651 2136 4744 praemissas
2172 4647 2548 4721 Universas
2583 4659 2652 4718 et
2686 4650 2932 4722 totales
2975 4652 3462 4744 possessiones
3500 4658 3571 4718 et
3619 4661 3838 4718 terras

520 4771 763 4825 corum
817 4751 1090 4825 cuilibet
1139 4756 1465 4849 ipsorum,
1545 4755 1740 4825 sicuti
1794 4775 1919 4846 pro
1981 4763 2140 4824 tunc
2211 4752 2686 4846 possedissent
2738 4765 2808 4825 et
2859 4758 2926 4824 in
2984 4776 3220 4825 eorum
3276 4754 3576 4824 dominio
3639 4755 3836 4847 paci-

524 4856 656 4930 uae
708 4859 1121 4931 extitissent.
1186 4856 1435 4930 'Novae
1502 4877 1673 4930 suae
1743 4857 2146 4929 Donationis
2199 4866 2271 4928 et
2321 4860 2637 4930 sincerae
2691 4856 3073 4930 Nobilitatis
3144 4858 3336 4930 titulo
3408 4856 3612 4930 simul
3689 4877 3834 4926 cum

523 4979 759 5034 earum
832 4964 1094 5033 cunctis
1163 4963 1585 5056 pertinentiis
1657 4971 1728 5033 et
1786 4960 2203 5050 utilitatibus,
2271 4963 2344 5032 in
2416 4960 2784 5034 eorundem
2857 4971 2930 5034 et
2981 4982 3465 5034 successorum
3533 4963 3836 5054 ipserum

520 5074 918 5161 perpetuam
954 5065 1440 5160 adscripsissct
1472 5064 1989 5154 haereditatem,
2044 5065 2258 5138 salvis
2289 5062 2557 5156 juribus
2601 5065 2887 5152 alienis,
2960 5065 3242 5138 eosdem
3298 5067 3498 5137 etiam
3546 5062 3838 5135 *Nobiles

521 5167 993 5262 Jobbagiones
1048 5188 1213 5241 suos
1269 5165 1680 5241 Castrenscs
1730 5177 1803 5241 et
1855 5190 2092 5241 eorum
2147 5178 2468 5263 posteros
2507 5166 2818 5241 ominbus
2863 5168 3275 5261 Privilegiis,
3330 5171 3594 5260 gratiis,
3655 5169 3836 5239 imu-

525 5270 869 5360 nitatibus,
927 5272 1470 5365 exemptionibus
1524 5282 1596 5346 et
1644 5270 2061 5345 libertatibus
2119 5272 2203 5344 ad
2256 5275 2470 5345 instar
2504 5282 2928 5346 caeterorum
2980 5272 3204 5366 Regni
3258 5275 3363 5344 sui
3415 5270 3838 5345 sekvoniao

527 5389 852 5446 verorum
903 5372 1266 5463 Nobilium,
1335 5379 1689 5471 perpetuis·
1736 5374 1976 5448 futuris
2049 5376 2462 5471 temporibus
2532 5379 2649 5466 uti,
2723 5375 2850 5448 frui
2905 5386 2974 5448 et
3027 5376 3330 5471 gaudere
3390 5374 3677 5462 debere,
3755 5373 3836 5447 de
