3950 5917
3270 435 3425 516 881*

144 644 493 721 mmet
540 647 610 717 tn
662 644 906 720 eadem
959 642 1341 718 Fintbnez
1392 643 1611 717 aher
1650 642 2134 737 hettonem,
2201 642 2476 718 Martini
2523 640 2951 718 Cbernebicb
3014 641 3101 720 de
3155 640 3428 722 Geato-2

146 754 351 840 vinea,
422 747 713 821 Ladislai
765 746 1027 822 Staaek
1077 750 1147 822 in
1198 747 1547 845 praedicta
1608 747 2038 824 Gestavincn
2087 758 2160 822 et
2208 747 2544 839 Rewcbe,
2612 746 2842 822 Lucae
2890 747 3084 820 Keos
3141 750 3212 822 in
3263 747 3423 824 Ko-

150 856 379 950 larory,
428 851 611 926 Petri
648 851 1000 928 Janscbak
1033 856 1104 925 in
1138 850 1625 944 Lukacliovea,
1675 853 1984 927 Joannis
2004 852 2257 938 Guzar,
2310 851 2494 926 Petri
2527 851 3038 937 Zerblinovich,
3089 837 3427 928 Andreae

56 971 57 976 ‘
150 955 372 1032 Jussalt
420 958 488 1028 in
538 955 1028 1049 Bogaobevina
1101 957 1301 1030 aliter
1344 956 1745 1053 Sipowczy,
1813 957 2102 1031 Joannis
2160 954 2588 1046 Mraaovich,
2660 955 2942 1049 Georgii
2991 953 3301 1031 Koritieb
3349 957 3423 1032 in

150 1061 512 1148 Mrazovcz,
582 1059 774 1133 Pauli
840 1060 1131 1150 Doleca,
1197 1058 1552 1134 Michaelis
1622 1058 1929 1133 Nemeen
1978 1063 2050 1133 in·
2101 1059 2524 1151 Finchovcz,
2573 1060 2836 1132 Vincz'a
2889 1068 2961 1133 et
3008 1057 3425 1134 Βωκωνίῳ

151 1168 235 1238 sic
279 1164 466 1238 dictis
518 1162 1108 1252 Possessionibus,
1164 1186 1297 1237 una
1352 1183 1507 1236 mm
1561 1168 1873 1258 portione
1926 1168 2233 1260 ipsorum
2281 1163 2850 1238 Promoutboriali
2898 1161 3146 1235 Velika
3199 1161 3428 1240 Olim

147 1277 518 1364 nuncupata,
576 1270 853 1341 omnino
890 1271 959 1340 in
998 1266 1332 1340 Comitatu
1386 1266 1719 1342 Crisiensi
1755 1278 1826 1341 et
1859 1266 2108 1363 Regno
2164 1268 2582 1342 sclavoniae
2629 1265 3081 1342 existentibus
3128 1264 3423 1356 habitas,

54 1365 55 1370 ’
148 1391 299 1466 quae
343 1393 693 1445 numerum
747 1370 1047 1465 Triginta
1084 1373 1371 1445 duorum
1408 1369 1820 1445 Gelonorum
1871 1393 2011 1445 non
2046 1371 2425 1463 excedere,
2479 1394 2564 1445 ac
2611 1374 2684 1446 in
2736 1393 3017 1469 quarum
3069 1373 3301 1466 quieto
3353 1379 3427 1448 ot

54 1557 55 1566 Ν
148 1474 401 1568 pacifico
434 1475 754 1547 Dominio
806 1478 1111 1571 realiqae
1156 1498 1281 1548 usu
1333 1475 1540 1547 iidem
1590 1480 1893 1549 maiores
1948 1485 2019 1549 et
2062 1479 2542 1572 progenitores
2584 1496 2751 1549 suos
2801 1478 3150 1569 utriusque
3206 1493 3424 1552 sexus

145 1578 216 1650 ab
254 1583 519 1674 antiqno
570 1582 1022 1674 praestitisse,
1076 1601 1375 1675 seseque
1427 1583 1632 1651 etiam
1681 1579 1768 1652 de
1806 1582 2150 1675 praesenti
2201 1578 2490 1675 pacifice
2543 1583 2942 1674 persistere,
2994 1577 3426 1673 Litterasque

145 1693 203 1753 et
232 1682 555 1756 Litteralia
609 1682 1059 1756 Instrumenta
1113 1682 1518 1755 sufficientia
1572 1682 1921 1769 babuisse,
1978 1706 2155 1780 quae
2194 1687 2398 1757 etiam
2438 1705 2622 1758 nunc
2651 1687 2720 1757 in
2756 1692 2950 1779 parte
2990 1692 3300 1773 exstare,
3350 1684 3423 1760 in

52 1819 53 1830 ¹
144 1796 309 1880 parte
370 1808 548 1858 vero
620 1786 1084 1882 superioribus
1156 1785 1634 1860 disturbiorum
1703 1787 2124 1882 temporibus
2188 1810 2227 1859 a
2284 1810 2446 1862 sese
2500 1787 2859 1883 deperdita.
2917 1796 2988 1859 et
3039 1784 3423 1865 abalienata

145 1911 283 1962 esse
330 1900 665 1965 asserunt
771 1890 1013 1963 Totum
1069 1895 1228 1964 item
1284 1902 1354 1963 et
1401 1912 1605 1963 omne
1657 1891 1781 1964 Jus
1835 1891 2189 1986 praefatae
2242 1891 2767 1966 Sacratissimae
2822 1890 3234 1965 Caesareae·
3264 1889 3420 1962 Re·-

142 1997 400 2089 giaeque
450 1993 829 2068 Maiestatis
883 1993 1199 2087 Regium,
1254 1997 1316 2066 si
1368 1994 1549 2088 qnod
1602 2017 1725 2069 sua
1782 1993 2109 2067 Maiestas
2161 1998 2231 2067 in
2281 1999 2649 2090 praetactis
2703 1994 3019 2069 totalibus
3073 1997 3420 2086 portioni-

144 2096 247 2169 bus
309 2101 877 2194 possessionariis
949 2108 1019 2170 et
1090 2097 1311 2171 Curiis
1379 2097 1864 2172 Nobilitaribus
1932 2102 2004 2169 in
2058 2099 2371 2172 antelatis
2440 2097 3007 2173 Possessionibus
3075 2096 3420 2185 Kobiline,

139 2199 569 2289 Jakussovez,
614 2198 820 2274 Felsb
857 2201 1315 2298 Radussicby,
1352 2202 1817 2299 Voynovczy,
1864 2202 2284 2291 Hisauovcz,
2329 2201 2775 2292 Drobkovcz,
2820 2202 3215 2291 Zaistovcz,
3269 2199 3418 2273 Po·-

139 2323 331 2398 povea
391 2306 590 2379 aliter
639 2304 1062 2397 Ugrinovcz,
1124 2305 1499 2378 Fintbovcz
1554 2307 1752 2379 aliter
1800 2305 2280 2395 Breztovicza,
2356 2306 2803 2393 Gostovincz,
2877 2304 3419 2393 Rewcse,„‘.Ko-

139 2408 364 2505 larczy,
417 2408 904 2497 Lukacbovcz,
957 2409 1448 2503 Bogacbevina
1511 2410 1708 2484 aliter
1759 2409 2137 2507 Sipovczy,
2209 2409 2610 2496 Mrazovcz,
2680 2408 3105 2496 Finchovez,
3157 2408 3421 2486 Vinaza

142 2523 196 2582 et
241 2513 712 2599 Breztovicza,
765 2535 899 2585 nec
951 2535 1087 2588 non
1144 2517 1458 2609 portione
1518 2514 2079 2608 promontboriali
2130 2512 2377 2586 Velika
2432 2513 2681 2599 Obres,
2737 2516 3012 2586 omnino
3064 2515 3134 2585 in
3188 2532 3420 2588 anno-

136 2624 257 2688 tato
300 2615 633 2689 comitatu
670 2615 999 2690 Crisiensi
1053 2627 1123 2689 et
1157 2616 1401 2710 Regno
1430 2617 1849 2691 Sclavoniae
1900 2617 2352 2690 existentibus
2404 2617 2675 2696 habitis,
2729 2620 2933 2689 etiam
2991 2617 3188 2689 aliter
3235 2637 3421 2711 qua·-

136 2719 531 2816 litercunque
583 2719 892 2809 baberet,
944 2731 1061 2794 aut
1111 2721 1405 2794 eaedem
1454 2744 1650 2794 suam
1702 2745 1796 2794 ex
1831 2721 2343 2816 quibuscunque
2401 2725 2657 2805 causis,
2711 2726 2871 2810 viis,
2919 2720 3144 2796 modis
3186 2728 3262 2800 ot
3290 2741 3421 2796 ra·-

134 2819 395 2898 tiouibus
462 2834 970 2898 concernerent
1019 2823 1473 2915 Maiestatem,
1527 2826 1725 2899 simul
1779 2848 1936 2899 cum
1989 2828 2252 2899 cunctis
2304 2828 2447 2900 suis
2499 2823 2888 2898 utilitatibus
2943 2833 3015 2898 et
3063 2826 3423 2920 peninon-,-

134 2930 225 2999 tiis
269 2926 696 3024 quibuslibet,
748 2933 950 3002 terris
1004 2930 1271 3002 scilicet
1323 2927 1713 3021 arabilibus,
1786 2930 1984 3003 cultis
2040 2939 2111 3002 et
2160 2929 2456 3016 incultis,
2528 2933 2741 3022 agris,
2811 2932 3049 3025 pratis,
3119 2929 3424 3022 pascuis,

136 3036 389 3128 eampis,
459 3032 787 3122 foenetis,
842 3033 1091 3128 sylvis,
1143 3032 1565 3116 nemoribus,
1618 3032 1988 3124 montibus,
2040 3032 2359 3121 vallibus,
2411 3035 2664 3123 vineiS,
2716 3036 3214 3129 vinearumque
3245 3053 3426 3127 pro-

48 3197 49 3200 ,
135 3135 530 3225 montboriis,
601 3138 819 3232 aquis,
873 3135 1124 3224 fluviis,
1177 3140 1484 3233 piscinis,
1549 3140 1939 3234 piscaturis,
2001 3159 2464 3232 aquarumque
2517 3135 2945 3224 decursibus,
3015 3136 3425 3216 molendini·

134 3249 191 3308 et
220 3241 584 3313 earundem
636 3240 867 3328 Locis,
923 3241 1341 3332 generaliter
1391 3263 1567 3313 vero
1622 3239 2070 3336 quarumlibet
2119 3241 2473 3313 utilitatum
2527 3251 2598 3315 et
2637 3243 3202 3337 pertinentiarum
3247 3261 3423 3312 sua·

132 3363 253 3413 ram
299 3342 822 3438 integritatibus,
897 3348 1143 3439 quovis
1197 3348 1496 3435 nomine,
1562 3344 1901 3419 vocabulo
1956 3347 2302 3429 vocitatis,
2370 3344 2496 3418 sub
2553 3349 2694 3419 suis
2747 3346 2948 3417 metis
3002 3352 3074 3414 et
3124 3344 3418 3436 antiquis

132 3445 414 3520 limitibus
469 3447 951 3529 existentibus,
1002 3471 1085 3520 ac
1122 3447 1205 3521 ad
1245 3448 1523 3522 easdem
1579 3446 1667 3522 (le
1696 3451 1855 3540 jnre
1908 3457 1981 3519 et
2015 3447 2101 3520 ab
2138 3451 2411 3540 antiquo
2467 3447 2931 3544 spectantibus
2969 3457 3040 3520 et
3074 3448 3421 3540 pertinere

130 3549 532 3639 debentibus,
591 3556 1125 3647 praemissisque
1179 3556 1283 3625 sic
1334 3563 1407 3627 ut
1455 3551 1839 3649 praefertur
1890 3551 2222 3626 stantibus
2295 3574 2512 3647 seque
2565 3550 2967 3626 habentibus
3022 3550 3420 3626 memorat&

130 3661 438 3746 personis,
516 3659 763 3751 cuique
830 3657 1160 3728 videlicet
1207 3678 1447 3730 eorum
1515 3661 1586 3729 in
1636 3655 1839 3731 bonis
1906 3656 2441 3752 praedeclaratis
2510 3676 2635 3750 pro
2692 3664 2840 3727 rata
2893 3663 2966 3727 et
3016 3654 3421 3746 congruenti

126 3762 411 3849 portione
462 3782 863 3854 ramumque
910 3760 1408 3854 Genealogiae,
1444 3760 1564 3834 vel
1600 3765 1663 3834 si
1699 3764 1812 3855 qui
1854 3782 2093 3833 eorum
2139 3763 2386 3834 uxorio
2432 3761 2590 3853 ⁸iure
2640 3756 3130 3853 possiderent(
3154 3755 3421 3836 eisde-

125 3863 598 3955 superstitibus,
652 3885 893 3937 eorum
943 3862 1275 3938 uxoribus
1327 3886 1462 3935 nec
1495 3885 1636 3936 non
1689 3868 1894 3938 etiam
1947 3863 2268 3937 fratribus
2324 3860 3085 3958 congenerationalibus
3129 3869 3421 3940 etjcon-

122 3963 616 4041 ‹livisionalibus
670 3989 822 4038 cnm
877 3971 1045 4062 ipsis
1096 3970 1166 4039 in
1218 3989 1554 4063 possessu
1603 3977 2156 4062 praenotatorum
2227 3968 2571 4042 Bonorum
2628 3988 2752 4064 pro
2804 3986 2988 4039 nunc
3028 3967 3420 4061 persisten-

124 4068 280 4142 tibus
330 4080 402 4144 et
437 4074 839 4167 portionatis
890 4074 1330 4167 ipsorumque
1384 4073 1681 4145 omnium
1736 4069 2149 4145 haeredibus
2202 4081 2273 4143 et
2322 4070 2829 4168 posteritatibus
2881 4071 3233 4162 utriusque
3261 4088 3420 4144 -so-

122 4193 236 4245 xus
282 4177 656 4263 universis,
727 4175 1156 4247 Authoritate
1204 4174 1459 4249 Nostra
1513 4174 1891 4264 Palatinali,
1962 4198 2094 4270 qua
2148 4177 2354 4249 etiam
2421 4175 2582 4254 bac,
2607 4179 2675 4246 in
2729 4183 2922 4269 parte
2988 4173 3196 4268 pleno
3247 4171 3421 4263 -jm

122 4273 443 4371 tangimur
497 4281 598 4371 (si
650 4288 720 4350 et
770 4282 839 4352 in
894 4288 1214 4374 quantum
1267 4279 1355 4352 acl
1390 4279 1681 4374 aliquam
1733 4277 2120 4352 Ecclesiam
2174 4280 2296 4352 vel
2346 4279 2531 4354 Suae
2567 4277 2946 4352 Maiestatis
2979 4274 3241 4358 Arcen
3273 4295 3417 4354 non

120 4385 481 4476 pertinent)
532 4403 764 4455 novae
816 4382 1222 4455 Donationis
1272 4384 1464 4456 titulo
1492 4382 1855 4473 dedimus,
1910 4384 2318 4458 donavimus
2371 4393 2441 4455 et
2477 4382 2911 4471 contulimus,
2961 4383 3102 4453 imo
3147 4377 3418 4465 damus,

118 4482 429 4560 donamus
482 4496 555 4560 et
607 4485 1083 4577 conferrimus,
1147 4489 1307 4578 jure
1373 4497 1702 4583 perpetuo
1770 4497 1841 4559 et
1906 4485 2453 4560 irrevocabiliter
2522 4485 2884 4572 tenendas,
2953 4480 3416 4580 possidendas

118 4594 352 4680 pariter
401 4600 472 4664 et
523 4589 877 4663 habendas
931 4591 1133 4664 salvo
1178 4592 1338 4681 jnre
1391 4592 1641 4665 alieno.
1746 4592 2000 4664 Harum
2053 4600 2437 4666 nostrarum
2489 4589 2849 4686 pendentis
2901 4597 2971 4662 et
3021 4586 3416 4660 Authentici

120 4689 320 4774 Sigilli
355 4698 573 4768 nostri
623 4697 988 4767 munimine
1024 4693 1497 4768 roboratarum
1541 4699 1789 4790 vigore
1829 4706 1898 4767 et
1932 4699 2323 4769 testimonio
2376 4693 2717 4766 mediante
2757 4690 3189 4782 Litterarum,
3241 4710 3416 4784 quas

118 4798 468 4884 praelibata
524 4798 1004 4870 sacratissima
1077 4797 1700 4893 Caesareo-Regia
1768 4798 2102 4873 Maiestas
2154 4803 2224 4872 in
2276 4797 2567 4874 formam
2638 4797 2978 4893 privilegii
3029 4797 3138 4870 sui
3190 4793 3414 4888 redigi

119 4896 331 4993 faciet,
385 4903 541 4974 dum
580 4900 769 4974 Suae
798 4899 1197 4994 Majestati
1175 4925 1247 4974 m
1283 4905 1519 4999 specie
1553 4901 1803 4975 fuerint
1842 4912 2250 4997 reportatae.
2306 4902 2554 4975 Datum
2588 4899 2869 4974 Posonii
2920 4897 3041 4973 die
3066 4899 3409 4988 vigesima

118 4999 325 5076 Tertia
367 5004 632 5084 Mensis
681 5004 907 5080 Martii
954 5006 1165 5080 Anno
1214 5006 1485 5078 Domini
1539 5003 1768 5094 1613,
1816 5004 2216 5098 Regnorum
2267 5004 2645 5079 Maiestatis
2699 5002 3092 5082 Caesareae
3143 5001 3412 5096 Regiae

119 5101 390 5182 Romani
440 5113 701 5206 primo,
770 5109 1163 5202 Huugariae
1233 5120 1304 5183 et
1351 5109 1763 5203 reliquorum
1836 5112 2094 5203 quinto,
2163 5109 2538 5184 Bobemiae
2587 5130 2761 5183 vero
2813 5107 3023 5182 Anno
3077 5103 3410 5181 secundo.

412 5211 815 5300 Quat-tuum
846 5211 1248 5287 Litterarum
1282 5216 1693 5286 continentia
1746 5215 2056 5307 sequitur.
2088 5215 2159 5288 in
2193 5212 2369 5288 haee
2401 5211 2658 5290 verba:
2713 5210 3085 5308 Spectabili
3124 5233 3210 5284 ac
3241 5206 3407 5281 Ma-

118 5313 355 5403 gnifioo
406 5314 702 5391 Ded-o
754 5314 1002 5396 comiti
1050 5317 1356 5392 'rhomae
1408 5314 1692 5411 Erdody
1742 5315 1832 5389 de
1880 5314 2482 5414 Monyonokerak,
2523 5315 2780 5401 nomia
2817 5313 3081 5490 {laudii
3109 5311 3206 5408 'et
3255 5310 3406 5388 Co·-

2893 5419 2990 5493 2⁴}
