3950 5917
3308 455 3324 504 ,·
3357 418 3518 500 413

501 628 836 702 Primo:
892 636 1026 700 tam
1084 626 1653 702 Administratori.
1715 649 1915 723 quam
1968 631 2249 725 reliquis
2304 626 2716 704 subalternis
2748 625 3123 704 Comitatus
3161 626 3516 702 Officiali-

182 729 319 805 bus
370 741 529 805 ante
584 735 811 805 omnia
881 730 1250 823 incumbet,
1319 741 1391 804 ut
1440 734 1509 804 in
1563 731 1898 805 Comitatu
1950 734 2120 827 ipsis
2176 734 2573 808 concredito
2647 736 2968 807 contiuno
3037 731 3389 808 resideant
3439 737 3515 808 «k

182 834 455 910 Officiis
511 838 652 911 suis
709 835 1071 930 diligenter
1121 839 1449 929 praesint,
1504 839 1891 931 cumprimis
1943 858 2119 910 vero
2176 835 2478 910 Gloriam
2530 838 2663 910 Dei
2716 837 3209 933 Omnipotentis
3248 841 3313 909 dc
3346 835 3507 910 Re—

181 940 513 1033 ligionem
568 939 1036 1012 Ortbodoxam
1091 939 1403 1012 Romano
1458 938 1878 1012 catholicam
1931 951 2056 1036 pro'
2113 945 2458 1036 exigentia
2514 941 2770 1034 Legum
2825 940 3077 1036 Regni,
3128 962 3254 1037 pro
3310 950 3510 1036 parte

185 1042 654 1140 praefatorum
707 1043 1109 1137 Regnorum
1162 1042 1567 1132 Dalmatiae,
1641 1042 1961 1118 Croatiae
2017 1043 2554 1119 dc‘Sclavoniae
2608 1044 3054 1123 conditarum..
3119 1042 3516 1119 omnimode

188 1169 611 1244 promovere
665 1152 730 1220 dc
804 1169 1189 1244 propagare
1242 1156 1575 1240 satagant.
1682 1147 1825 1221 Sed
1894 1151 2050 1244 quia
2105 1149 2359 1246 Syrmii
2413 1154 2477 1222 dc
2532 1148 2946 1222 Sclavoniae
3018 1149 3297 1222 Incolae
3332 1177 3342 1184 ·
3368 1170 3514 1244 po-

184 1254 453 1325 tissima
522 1255 594 1324 in
643 1261 836 1348 parte
892 1249 1230 1324 Graecum
1281 1251 1503 1324 Ritum
1575 1250 2078 1348 profiterentur,
2157 1253 2224 1325 bi
2277 1275 2451 1327 vero
2521 1275 2675 1326 cum
2729 1250 2933 1325 Clero
2987 1252 3294 1348 Ipsorum
3364 1250 3511 1324 be-

180 1359 397 1450 nigna
452 1355 673 1450 Regia
729 1354 1096 1450 Privilegia
1148 1352 1504 1445 haberent,
1557 1378 1683 1451 per
1731 1354 2162 1448 Majestatem
2218 1380 2486 1453 quoque
2540 1366 2846 1430 nostram
2899 1360 2965 1428 in
3008 1356 3216 1429 Anno
3268 1354 3513 1429 Mille-

185 1461 369 1532 simo
423 1458 1049 1555 Septingentesimo
1120 1459 1644 1554 quadragesimo
1707 1463 1908 1532 tertio
1965 1459 2454 1555 benignissime
2511 1457 2933 1548 confirmata,
3005 1460 3164 1532 ideo
3220 1459 3512 1533 eosdem

182 1562 463 1636 Incolas
534 1586 748 1659 penes
808 1564 1049 1635 eadem
1104 1561 1470 1656 Privilegia
1525 1586 1676 1653 sua,
1747 1573 1990 1636 tenore
2044 1568 2246 1637 etiam
2301 1565 2412 1637 hic
2466 1562 2834 1660 Copialiter
2886 1585 3310 1636 annexarum
3362 1562 3504 1635 be-

185 1671 547 1761 nignarum
603 1667 1044 1740 Patentalium
1076 1729 1087 1740 .
1115 1676 1527 1755 nostrarum,
1605 1669 1775 1764 ipsis
1853 1671 2127 1742 noviter
2179 1667 2709 1755 extradatarum,
2787 1665 3267 1763 imperturbate
3319 1689 3505 1740 con-

182 1781 497 1845 servent.
601 1770 678 1843 In
731 1772 994 1866 reliquo
1045 1780 1272 1843 autem
1327 1771 1568 1845 sedulo
1622 1772 1970 1845 attendent
2020 1772 2309 1867 praefati
2355 1771 2726 1845 Comitatus
2772 1770 3148 1861 officiales,
3202 1793 3293 1843 ne
3345 1770 3499 1845 Po-

186 1897 323 1970 pae
377 1898 462 1948 ac
517 1873 768 1948 Graeci
818 1874 1012 1948 Ritus
1063 1874 1385 1970 Episcopi
1456 1876 1720 1948 illorum
1770 1874 1856 1947 ab
1906 1877 2155 1950 iisdem
2206 1877 2380 1950 ullas
2432 1877 2700 1948 illicitas
2757 1880 2821 1948 dc
2876 1874 3266 1948 arbitrarius
3319 1871 3500 1947 Col-

178 1979 434 2067 lectas,
486 1979 774 2054 mulctas
842 1981 1003 2051 item
1057 1982 1514 2075 pecuniarias,
1592 1980 1856 2053 aliasve
1909 1983 2348 2053 extorsiones
2399 2001 2522 2075 pro
2577 1979 2785 2052 lubitu
2854 1984 3154 2075 ipsorum
3209 1980 3506 2073 exigere

191 2086 260 2155 dc
334 2091 751 2176 extorquere
805 2091 1172 2172 attentent3
1253 2082 1379 2158 sed
1434 2105 1616 2158 neve
1687 2086 1889 2155 etiam
1943 2083 2216 2156 Domini
2268 2083 2663 2157 Terrestres
2716 2081 3043 2155 Normam
3112 2082 3362 2155 Iisdem
3435 2087 3509 2156 in

188 2186 401 2259 Anno
453 2185 817 2259 Millesimo
871 2189 1479 2282 septingentesimo
1526 2190 1878 2280 trigesimo
1934 2191 2249 2283 septimo,
2304 2197 2622 2283 respectu
2677 2186 3179 2282 obligationum
3231 2185 3409 2282 Ipsis
3462 2209 3508 2258 a

180 2288 492 2365 Subditis
547 2294 687 2364 suis
741 2291 1295 2386 praestandamm
1351 2294 1862 2387 praescriptam,
1916 2314 2135 2386 usque
2183 2291 2336 2363 dum
2393 2293 2798 2364 successive
2852 2313 3004 2363 cum
3052 2289 3507 2363 Comitatuum

186 2396 581 2467 interventu
633 2393 917 2467 Urbaria
972 2395 1381 2484 Dominalia,
1447 2397 1597 2467 usui
1649 2399 1714 2467 dc
1768 2394 2034 2467 Patriae
2085 2396 2179 2467 illi
2234 2394 2636 2484 accomoda,
2693 2416 2820 2469 suo
2874 2394 3079 2468 modo
3135 2391 3385 2467 confici
3437 2398 3510 2466 <k

184 2499 491 2591 regulari
559 2497 907 2584 valebunt,
978 2498 1343 2589 excedant,
1416 2498 1858 2593 subditosque
1912 2521 2076 2573 suos
2131 2498 2216 2571 ad
2270 2499 2418 2595 plns
2473 2498 2948 2593 praestandum
3003 2508 3297 2592 cogant3
3377 2497 3509 2571 sed

188 2625 419 2697 neque
472 2601 733 2674 Nonam
788 2605 1017 2689 etiam,
1085 2603 1309 2674 donec
1361 2603 1556 2674 aliter
1606 2625 1732 2698 per
1780 2602 1926 2676 Nos
1985 2604 2378 2699 dispositum
2434 2602 2660 2690 fuerit,
2715 2627 2753 2674 a
2810 2602 3113 2674 Subditis
3168 2605 3309 2674 suis
3366 2601 3506 2675 de-

188 2728 470 2779 sumere
543 2706 876 2788 audeant;
951 2705 1265 2798 adeoque
1335 2716 1469 2778 tam
1525 2710 1592 2779 in
1646 2706 1776 2792 his,
1850 2729 2049 2801 quam
2105 2707 2254 2780 aliis
2308 2729 2576 2802 quoque
2632 2706 2942 2779 omnibus
2997 2703 3510 2794 occasionibus,

194 2808 737 2882 contribuentem
805 2808 1075 2906 plebem
1129 2808 1214 2881 ab
1285 2809 1598 2882 indebitis
1653 2815 1718 2882 dc
1772 2814 2164 2883 excessivis
2220 2810 2570 2906 quibusvis
2621 2808 3117 2882 Exactionibus
3172 2814 3237 2882 dr
3288 2831 3505 2904 pres-

189 2917 375 2987 suris
451 2935 874 2986 conservare
946 2914 1300 3003 studeant3
1380 2914 1504 2988 sed
1575 2937 1707 2986 nec
1785 2916 1916 3009 ipsi
1986 2937 2255 3009 quoque
2329 2915 2546 2988 simile
2602 2914 2759 3009 quid
2830 2922 3156 2987 attentent
3229 2913 3510 2988 antelati

192 3016 572 3090 Comitatus
625 3016 1268 3090 Administrationes
1321 3020 1387 3089 dr
1433 3015 1804 3092 officiales.

508 3120 982 3208 Secund03
1087 3121 1376 3194 Politica
1449 3124 1734 3216 quaevis
1790 3127 1855 3192 d:
1915 3121 2362 3217 provincialia
2416 3121 2808 3193 modalitate
2878 3123 2944 3194 in
2999 3121 3392 3215 Hungariae
3444 3123 3517 3191 Q:

194 3222 518 3297 Croatiae
570 3223 833 3318 Regnis
905 3229 1158 3297 nostris
1225 3228 1481 3320 passim
1549 3223 1930 3297 introducta
1987 3229 2052 3297 dr
2103 3227 2348 3296 usitata
2421 3229 2488 3296 in
2543 3222 2877 3298 Comitatu
2932 3224 3059 3297 sibi
3112 3222 3514 3296 concredito

191 3327 577 3401 tractabunt
628 3339 830 3424 atque
884 3327 1233 3416 curabunt,
1290 3328 1600 3434 adeo‘que
1651 3332 1722 3402 in
1775 3331 2039 3420 gremio
2093 3328 2272 3400 illius
2323 3327 2476 3399 dum
2515 3332 2580 3400 dc
2625 3327 2893 3424 quando
2929 3348 3228 3401 necesse
3281 3325 3518 3411 fuerit,

194 3432 609 3523 Generales,
664 3455 815 3504 cum
870 3436 1255 3505 interventu
1311 3434 1540 3520 etiam,
1598 3436 1710 3527 qui
1764 3431 2015 3505 adesse
2069 3431 2329 3517 volunt,
2384 3431 2828 3504 Dominorum
2864 3431 3345 3512 Terrestrium,
3392 3429 3516 3502 vel

190 3536 575 3622 eorundem
630 3534 1064 3626 officialium,
1134 3539 1462 3632 praeviae
1516 3559 1790 3632 semper
1857 3558 1983 3631 per
2035 3533 2470 3609 Currentales
2525 3536 2659 3627 (uti
2713 3538 2921 3608 moris
2977 3537 3122 3626 est)
3192 3535 3507 3606 invitan-

194 3639 464 3726 dorum,
534 3637 1154 3734 congregationes,
1225 3663 1351 3736 pro
1421 3641 1792 3714 tractandis
1847 3638 2186 3733 ejusmodi
2236 3638 2520 3736 publicis
2576 3636 2976 3723 servabunt,
3047 3658 3248 3733 quam
3303 3639 3513 3710 etiam

190 3743 286 3816 ad
341 3742 722 3816 Generales
778 3744 1068 3816 fidelium
1125 3743 1428 3816 Statuum
1483 3749 1548 3816 dc
1602 3744 1925 3817 Ordinum
1979 3744 2202 3837 Regni
2255 3745 2470 3817 nostri
2524 3739 2840 3815 Croatiae
2888 3740 3516 3836 Congregationes,

190 3869 476 3943 semper
546 3846 746 3939 (dum
817 3846 1281 3940 vocabuntur)
1335 3869 1537 3920 unum
1609 3849 1988 3920 alterumve
2061 3871 2155 3920 ex
2206 3849 2469 3940 gremio
2525 3850 2629 3921 sui
2700 3848 3055 3919 exmittent
3107 3845 3518 3941 Depumtos,

192 3950 643 4048 proponenda
694 3948 972 4040 ibidem,
1027 3954 1088 4024 si
1143 3974 1317 4046 quae
1370 3955 1644 4024 nomine
1701 3950 2074 4024 Comitatus
2129 3950 2494 4038 habebunt,
2545 3954 3016 4047 propositurus
3065 3953 3131 4024 dc
3179 3948 3340 4023 inde
3391 3950 3521 4023 vi-

189 4058 461 4146 cissim,
536 4055 691 4127 dum
744 4055 1145 4143 rediverint,
1201 4054 1288 4128 de
1341 4054 1588 4128 ibidem
1641 4058 2069 4152 pertractatis
2125 4059 2189 4127 dc
2242 4055 2614 4146 conclusiS,
2668 4054 3029 4129 Comitatui
3080 4058 3149 4128 in
3174 4055 3523 4149 ‚proxima

199 4157 527 4232 Generali
583 4158 1139 4253 congregatione
1192 4181 1315 4233 sua
1371 4158 1661 4233 debitam
1715 4159 2146 4232 Relationem
2201 4162 2453 4257 scripto
2506 4157 2855 4249 facturos3
2921 4161 3287 4256 praecipue
3338 4179 3521 4232 vero

194 4284 289 4336 eo
345 4262 639 4338 solerter
699 4262 1138 4352 contendent,
1195 4272 1264 4336 ut
1316 4273 1632 4358 quantum
1690 4260 2266 4336 Contributionale
2321 4285 2359 4334 a
2414 4261 3008 4336 Contribuentibus
3062 4262 3150 4336 de
3202 4271 3520 4358 tempore

196 4368 273 4439 in
327 4375 594 4463 tempus
649 4366 774 4442 sub
828 4391 1042 4441 onere
1099 4367 1467 4440 dandarum
1522 4367 1819 4463 desuper
1869 4367 2234 4440 Rationum
2288 4364 2514 4440 debite
2569 4389 2844 4464 semper
2897 4369 3214 4462 exigatur
3267 4371 3332 4439 dc
3380 4365 3524 4440 de·—

192 4469 390 4543 fectu
441 4470 702 4567 absque
771 4474 957 4544 omni
1024 4470 1497 4567 persolvatur3
1567 4473 1857 4544 solutum
1914 4472 2184 4544 demum
2237 4470 2324 4543 ad
2379 4468 2664 4543 Cassam
2719 4470 3249 4545 Comitatensem
3306 4469 3521 4545 colli-

189 4583 425 4668 gatur,
479 4574 638 4649 inde
692 4597 865 4649 vero
922 4575 1009 4648 ad
1061 4572 1346 4648 Cassam
1400 4575 1728 4648 Bellicam
1780 4575 2102 4649 Essekini
2156 4575 2587 4647 constitutam
2642 4598 2808 4669 erga
2865 4575 3284 4663 Quietantias
3330 4572 3525 4650 Cas-

192 4700 326 4753 sae
376 4678 890 4752 Praefectorum
946 4676 1235 4751 fideliter
1289 4679 1825 4770 administretur3
1869 4682 2094 4753 omnia
2151 4678 2470 4774 denique,
2523 4702 2699 4776 quae
2753 4678 2839 4751 ab
2889 4678 3143 4752 Incolis
3197 4701 3521 4774 quocun-

199 4804 339 4877 qne
391 4783 585 4857 titulo
640 4782 1050 4880 praestanda
1104 4785 1408 4872 veniunt,
1465 4806 1579 4873 ec,
1637 4805 1771 4880 quo
1828 4792 2160 4880 spectant,
2217 4786 2284 4856 in
2340 4792 2645 4879 tempore
2699 4805 2921 4879 aeque
2972 4793 3403 4879 praestentur
3453 4786 3525 4858 e:

192 4884 795 4978 administrentur3
868 4909 1075 4983 super
1127 4885 1438 4960 omnibns
1492 4896 1718 4960 autem
1788 4890 2130 4983 perceptis
2184 4891 2248 4959 dc
2301 4891 2604 4980 erogatis
2685 4889 3087 4962 constitutus
3141 4885 3523 4961 Comitatus

196 4988 585 5087 Perceptor
634 5014 801 5064 mox
852 4989 1039 5064 finito
1093 4990 1299 5065 Anno
1352 4990 1622 5063 Militari
1678 5012 1830 5063 cum
1885 4993 2228 5087 requisitis
2283 4987 2513 5087 probis
2568 4996 2633 5064 dc
2677 4991 3100 5065 documentis
3154 4987 3522 5065 sufficien-

194 5102 308 5166 ter
358 5097 723 5170 instructas
776 5100 1106 5184 rationes,
1186 5105 1386 5193 prout
1437 5098 1507 5167 in
1559 5095 1905 5189 Hungaria
1959 5099 2275 5169 usitatum
2331 5104 2467 5185 est,
2538 5094 2898 5168 Comitatui
2951 5091 3320 5184 exhibebit,
3375 5115 3522 5168 no-

193 5197 354 5271 lens
422 5221 600 5273 vero
654 5200 770 5272 vel
841 5202 1288 5273 intermittens
1360 5198 1803 5293 compulsivis
1868 5201 2072 5272 etiam
2124 5198 2395 5291 mediis,
2466 5199 2654 5294 Lege
2721 5198 2983 5271 idcirco
3049 5200 3522 5295 praescriptis,

194 5323 327 5400 per
376 5301 848 5398 Magistratum
903 5312 1231 5400 cogatur;
1284 5303 1715 5397 singulariter
1767 5311 1994 5375 autem
2049 5305 2251 5376 etiam
2306 5324 2393 5377 eo
2448 5304 2741 5376 intentus
2794 5305 2882 5377 sit
2924 5301 3390 5397 Magistratus,
3442 5311 3520 5377 nt

192 5416 559 5503 postquam
605 5430 699 5481 ex
734 5411 1008 5482 noviter
1059 5407 1464 5484 instituenda
1509 5404 1884 5482 Comitatus
1939 5405 2484 5504 Conscriptione,
2537 5429 2756 5504 aequa
2812 5412 2877 5480 dc
2919 5407 3106 5500 justa
3160 5406 3524 5505 Propertio
