3950 5917
504 413 660 514 342

497 622 708 714 juris,
760 621 1058 716 nihilque
1113 623 1411 695 Dominii
1463 631 1580 695 aut
1629 625 2064 719 proprietatis
2117 645 2244 720 pro
2298 646 2379 698 se
2434 634 2550 697 aut
2602 627 2773 716 suis,
2826 644 3111 719 quorum
3166 622 3434 696 scilicet
3503 643 3706 693 onera
3755 627 3816 695 in

507 743 591 799 se
643 729 1155 820 assumpsisset,
1237 724 1694 815 reservando,
1774 726 1903 801 sed
1957 736 2169 800 totum
2226 738 2298 802 et
2348 749 2553 801 omne
2615 730 2733 821 jus
2788 749 3010 811 suum,
3085 746 3495 820 omnemque
3545 727 3709 815 juris
3758 730 3819 796 Φ

505 826 807 899 Dominii
861 834 1371 924 proprietatem,
1443 829 1629 925 quod
1681 833 1748 902 Φ
1801 850 2005 925 quam
2055 834 2127 903 in
2177 840 2534 927 praetacto
2600 831 2892 928 Oppido,
2963 828 3267 904 Castello
3318 850 3404 901 ac
3455 827 3816 900 Territorio

510 929 925 1018 Czirkueno,
980 935 1381 1029 cunctisque
1433 956 1670 1006 eorum
1725 936 2151 1028 pertinentiis
2199 932 2581 1026 habuisset,
2633 943 2748 1007 aut
2801 955 2994 1021 suoS,
3048 954 3223 1026 quos
3277 952 3479 1027 supra
3533 934 3603 1003 in
3638 928 3816 1001 futu-

508 1055 655 1104 rum
711 1033 970 1107 habere
1022 1058 1234 1131 posse
1289 1046 1668 1131 sperasset
1722 1039 1789 1108 in
1844 1048 2434 1131 praememoratos
2486 1037 2879 1133 Oppidanos
2935 1040 3000 1109 Φ
3048 1035 3322 1108 Incolas
3391 1038 3816 1128 ipsorumque

505 1140 1063 1258 praenominatos
1116 1143 1485 1213 universos
1540 1139 2022 1228 transtulisset
2077 1142 2456 1214 derivando
2510 1146 2578 1214 Φ
2624 1142 3016 1213 derivasset
3064 1137 3576 1214 transferendo..
3624 1136 3814 1229 pleno

498 1244 659 1331 jure
714 1250 785 1312 et
830 1243 1003 1313 reali
1054 1264 1208 1314 cum
1263 1243 1532 1319 affectu.
1637 1244 1749 1316 Ac
1809 1246 2090 1340 insuper
2158 1247 2526 1319 universas
2591 1244 2828 1318 literas
2883 1247 2948 1314 Φ
3000 1242 3312 1315 litteralia
3382 1244 3806 1315 instrumenta

502 1341 761 1415 factum
834 1344 1104 1441 Oppidi
1185 1345 1465 1420 castelli
1517 1369 1602 1420 ac
1653 1345 2005 1419 Territorii
2066 1351 2214 1440 jam
2281 1346 2606 1440 fatorum,
2682 1348 3372 1443 pertinentiarumque
3450 1339 3809 1415 eorundem

504 1450 980 1520 universarum
1062 1454 1479 1543 tangentium
1552 1453 1617 1522 Φ
1686 1453 2273 1539 concernentium,
2354 1449 2666 1525 manibus
2743 1449 3251 1547 Oppidanorum
3323 1450 3388 1519 Φ
3449 1445 3808 1519 incolarum

498 1549 771 1622 illoram
822 1550 1218 1627 tradidisset
1271 1558 1338 1627 Φ
1390 1558 1847 1645 assignasset,
1916 1557 2142 1649 pronti
2209 1553 2484 1628 tradidit
2529 1559 2594 1626 Φ
2645 1555 3055 1648 assignavit,
3135 1567 3400 1644 eosque
3449 1547 3574 1619 tali
3623 1556 3804 1642 paeto

500 1651 591 1724 ab
646 1652 960 1728 omnibus
1040 1655 1490 1731 colonialibus
1572 1654 1888 1729 Servitiis
1941 1661 2010 1729 Φ
2062 1654 2601 1750 obligationibus
2681 1656 3090 1730 eliberasset
3157 1676 3247 1726 ac
3295 1654 3806 1746 emancipasset,

497 1752 992 1850 eliberavitque
1066 1762 1131 1829 Φ
1186 1762 1662 1853 emancipavit.
1768 1753 1966 1830 Unde
2039 1760 2486 1854 supplicatum
2559 1763 2818 1833 exstitit
2883 1753 3230 1851 Majestati
3297 1751 3626 1840 Nostrae,
3692 1773 3804 1847 pro

498 1865 692 1953 parte
771 1862 1339 1933 mentionatorum
1423 1860 1927 1957 Oppidanorum
1984 1865 2049 1934 Φ
2100 1862 2484 1935 Incolarum
2538 1860 2761 1935 debita
2818 1883 2970 1934 cum
3021 1861 3349 1934 Instantis
3424 1856 3802 1945 humillime,

496 1968 835 2055 quatenus
886 1962 1200 2054 eosdem,
1246 1967 1317 2036 in
1370 1965 1613 2039 iisdem
1687 1963 1986 2060 Oppido,
2055 1962 2359 2039 Castello
2413 1987 2498 2037 ac
2547 1965 2956 2056 Territorio,
3023 1965 3508 2056 universisque
3581 1980 3800 2031 eornm

494 2065 945 2160 pertinentiis,
1022 2085 1158 2139 aec
1211 2089 1348 2140 non
1401 2069 1808 2164 privilegiis,
1871 2067 2324 2158 nortatibus,
2385 2066 2653 2161 juribus
2722 2091 2836 2141 ae
2858 2065 3388 2142 imunitatilms
3437 2068 3510 2137 in
3564 2084 3642 2137 se
3691 2082 3806 2157 per

493 2167 862 2240 afflatum
917 2166 1250 2243 Comitem
1306 2170 1394 2243 ab
1445 2169 1891 2245 Herberstein
1955 2171 2162 2244 modo
2216 2175 2508 2267 praevio
2575 2174 2944 2259 translatis,
3013 2193 3152 2245 non
3225 2170 3446 2245 solum
3515 2183 3803 2239 censer-

490 2289 692 2359 vare,
768 2293 1007 2344 verum
1082 2276 1287 2346 etiam
1340 2277 1409 2347 ia
1462 2295 1816 2349 numerum
1870 2297 1956 2346 ae
2003 2274 2314 2348 ordinem
2383 2276 2798 2372 reliquorum
2870 2275 3248 2368 Regiorum
3300 2276 3368 2345 Φ
3416 2268 3802 2343 Libertum

490 2370 719 2466 Regni
776 2372 1013 2449 Nostri
1052 2375 1446 2470 Hungariae
1522 2381 1947 2474 partiumque
2001 2381 2068 2450 ei
2119 2378 2543 2452 adnexarum
2613 2379 3027 2475 Oppidorum
3107 2374 3504 2451 adscribere
3561 2375 3624 2444 Φ
3670 2393 3800 2443 co-

490 2486 816 2654 fatti-22„
841 2479 1593 2658 ‘invasisti
1613 2480 3324 2679 Liffissassiii‘ffnsNffioZffiYZgssssfflss
3351 2475 3802 2672 ⁵¹21&ss

487 2681 889 2776 Regnorum
940 2683 1346 2761 Nostrorum
1401 2686 1720 2761 croatiae
1772 2692 1839 2761 Φ
1891 2687 2312 2762 Sclaveniae
2367 2688 2726 2763 Civitatum
2797 2694 3140 2786 recipere,
3213 2703 3478 2780 eosque
3552 2685 3804 2755 cundis

488 2786 757 2859 illarum
829 2786 1223 2882 Privilegiis
1299 2812 1387 2863 ae
1451 2791 1978 2865 immunitatibus
2058 2791 2189 2865 frui
2268 2798 2664 2888 permittere
2741 2795 3198 2888 dignaremur.
3306 2789 3613 2876 Quom
3678 2804 3802 2858 aes

484 2887 853 2962 humillima
905 2888 1413 2989 &pplicatione
1464 2894 1684 2990 Regia
1737 2893 2157 3018 benignitate
2204 2898 2554 2985 exaudita,
2610 2896 3003 2971 Clementer
3033 2901 3104 2969 Φ
3135 2895 3468 2985 adnuet,
3517 2888 3795 2964 eosdem

482 2995 553 3064 in
603 2996 1006 3086 praemissis
1058 3000 1339 3071 omnino
1389 3019 1843 3087 eonservare,
1898 3003 2122 3095 iisque
2174 2998 2390 3073 libere
2441 3005 2535 3073 uti
2587 3005 3008 3097 permittere,
3067 3023 3153 3073 ao
3196 3015 3321 3095 per
3366 2997 3580 3086 alios,
3625 3014 3800 3087 qao-

482 3115 635 3166 rum
685 3097 974 3171 interest
1027 3102 1143 3173 vel
1192 3104 1500 3175 intererit
1550 3107 1984 3193 conservari,
2037 3107 2270 3199 utique
2320 3108 2616 3199 permitti
2667 3104 2905 3177 facere
2957 3105 3300 3179 velumus.
3389 3098 3484 3174 Et
3531 3103 3802 3192 insuper

482 3218 694 3272 cerae
762 3200 1005 3274 viridis
1056 3206 1125 3275 in
1180 3205 1572 3300 sigillando,
1630 3217 1702 3280 et
1751 3212 1998 3302 quavis
2052 3208 2256 3302 sigilli
2311 3230 2548 3281 eorum
2605 3209 3000 3299 authentici,
3066 3204 3488 3302 Tempellmn
3561 3221 3802 3297 nempe

480 3323 690 3377 unum
746 3306 811 3375 Φ
862 3307 1253 3381 turriculam
1307 3332 1517 3384 cruce
1570 3313 1987 3405 insignitam,
2041 3311 2260 3383 hacce
2314 3334 2472 3384 cuin
2523 3316 3192 3410 circumscriptione:
3263 3310 3597 3404 Sigillum
3654 3306 3798 3399 09‘

470 3409 631 3501 pide
658 3407 881 3501 Βεριι
912 3409 1323 3501 Curii-neno,
1376 3418 1963 3538 repraesentantis
2012 3418 2498 3511 impressione,
2553 3437 2688 3511 quo
2736 3417 3003 3491 scilieet
3047 3417 3490 3511 inposterum
3563 3408 3798 3483 fateris

484 3530 761 3605 semper
811 3513 1232 3607 temporibus
1281 3528 1421 3590 tam
1467 3522 1625 3615 ipsi,
1694 3539 1899 3615 quam
1951 3522 2237 3614 posteri,
2308 3540 2899 3615 successoresque
2968 3520 3240 3592 illoram
3305 3518 3643 3605 universi,
3710 3514 3797 3585 uti

477 3616 783 3702 valeant,
864 3616 1242 3692 clementer
1318 3622 1785 3696 concedimus.
1888 3621 1978 3695 Et
2046 3621 2481 3697 nibilominus
2556 3623 2930 3716 benignam
3006 3621 3344 3696 babentes
3413 3627 3796 3715 respectum

476 3719 819 3794 fidelitatis
874 3742 960 3791 ac
1013 3720 1310 3796 fidelium
1364 3729 1802 3799 servitiorum
1856 3729 1922 3797 Φ
1974 3729 2403 3800 constantiae
2455 3730 2784 3822 ipsorum,
2854 3728 3494 3823 impraesentiarum
3561 3742 3796 3817 usqae,

374 3853 379 3860 ·
471 3831 613 3895 tam
661 3825 880 3915 paciS,
932 3841 1135 3918 quam
1185 3826 1346 3900 belli
1398 3829 1846 3924 temporibus,
1904 3829 2261 3923 Augustae
2313 3828 2563 3903 Domui
2613 3830 2913 3905 Nostrae
2963 3831 3382 3905 Austriacae
3421 3824 3794 3900 inviolabi-

470 3926 627 3999 liter
702 3937 1192 4021 conservatae,
1273 3954 1368 4004 ex
1420 3928 1703 4027 speciali
1781 3935 2001 4027 gratia
2082 3942 2320 4006 nostra
2396 3934 2712 4008 volumus
2784 3958 2869 4007 ac
2923 3933 3384 4020 deeermnn,
3465 3941 3796 4025 quatenus

470 4030 705 4120 iidem,
758 4030 1054 4126 dictique
1105 4039 1365 4128 posteri
1416 4039 1483 4108 Φ
1534 4057 1989 4111 successores
2041 4041 2371 4133 ipsorum,
2440 4061 2578 4111 non
2631 4039 2837 4111 modo
2891 4037 3282 4132 Privilegiis
3335 4056 3422 4107 ac
3473 4036 3794 4108 mnni-

468 4134 721 4210 tatibus
771 4133 903 4208 illis
958 4158 1085 4230 per
1134 4138 1718 4232 praedeclaratum
1777 4138 2114 4214 Goniten
2168 4138 2253 4213 ab
2307 4139 2754 4216 Herberstein
2805 4146 2874 4214 in
2930 4164 3036 4233 se,
3091 4163 3208 4231 eo,
3264 4160 3400 4234 quo
3449 4140 3793 4237 praemis-

468 4259 623 4314 sum
674 4247 789 4313 est
834 4239 1043 4314 modo
1094 4244 1466 4334 translatis,
1521 4244 1649 4320 sed
1699 4243 1835 4317 illis
1888 4266 2161 4346 quoque
2234 4248 2582 4321 universis
2647 4246 2964 4334 statutis,
3028 4242 3458 4320 libertatibus
3524 4240 3793 4316 «Iuribus

465 4346 531 4414 Φ
582 4342 1237 4436 Consvetudinibus,
1292 4347 1533 4442 quibus
1587 4348 1721 4421 alia
1777 4348 2037 4445 Oppida
2090 4358 2326 4422 nostra
2379 4348 2632 4445 Regia,
2708 4352 3140 4444 potissimu-
3187 4356 3422 4421 auten
3468 4355 3793 4444 praetae-

463 4458 686 4524 ternm
738 4446 1138 4572 Regnorum
1193 4462 1589 4526 nostrorum
1640 4449 1996 4525 croatiae
2016 4458 2081 4525 Φ
2134 4453 2555 4526 Selavoniae
2629 4449 2963 4528 Civitates
3015 4457 3330 4544 nonu-ac,
3393 4460 3542 4524 tam
3603 4453 3788 4543 juxta

458 4549 831 4648 Privilegia
900 4556 1066 4649 ipsis
1139 4577 1181 4625 a
1234 4554 1433 4631 Divis
1505 4556 1847 4652 quondam
1919 4556 2316 4651 Hungariae
2387 4555 2726 4653 Regibus,
2795 4554 3460 4654 praedecessoribus
3521 4553 3787 4628 Nostris

462 4656 969 4732 colendissimis
1049 4659 1402 4753 gloriosae
1479 4663 2038 4734 reminiscentiae
2121 4664 2510 4752 concessis,
2589 4683 2792 4758 quam
2872 4663 3395 4735 constitutiones
3448 4662 3520 4732 Φ
3567 4657 3786 4750 Leges

461 4762 860 4836 eorundem
932 4762 1331 4858 Regnorum
1380 4764 1789 4840 Nostrorum
1842 4772 2144 4858 utuntur,
2217 4765 2528 4839 fruuntur
2579 4775 2652 4840 et
2701 4764 3029 4859 gaudent,
3099 4765 3448 4862 perpetm’s
3521 4778 3789 4857 semper

460 4865 882 4961 temporibus
951 4864 1170 4940 libere
1237 4870 1357 4958 uti,
1436 4868 1570 4942 frui
1625 4873 1690 4940 Φ
1741 4868 2080 4964 gaudere,
2159 4868 2610 4965 Judicemqae
2664 4873 2729 4942 Φ
2781 4867 3110 4943 Senatum
3186 4889 3272 4940 ae
3342 4868 3521 4942 alios
3591 4868 3787 4939 etiam

462 4968 845 5062 officiales,
897 4970 983 5044 ad
1036 4974 1255 5046 instar
1305 4973 1681 5047 earundem
1737 4971 2104 5047 civitatum
2155 4971 2559 5047 Nostrarum
2613 4995 2858 5045 creare
2913 4977 2982 5046 Φ
3031 4975 3454 5047 constituere
3504 4971 3787 5068 possint.

462 5071 619 5159 Quo
664 5085 897 5148 antem
947 5091 1116 5168 erga
1169 5078 1365 5172 ipses
1414 5075 1812 5174 oppianus
1866 5082 1933 5151 Φ
1983 5077 2283 5165 Incolas,
2339 5077 2432 5150 ob
2475 5086 2960 5151 eunservatam
3013 5074 3218 5150 nobis
3267 5075 3782 5171 praerepetitnn

458 5176 668 5252 m·-
718 5202 807 5251 ae
855 5176 1251 5254 fidelitatem
1319 5202 1542 5274 suan,
1613 5178 1915 5254 Nostrae
1965 5184 2238 5275 gratiae
2286 5203 2378 5253 ae
2421 5179 2847 5254 Clemerfflae
2919 5180 3145 5254 adhue
3211 5177 3491 5255 uberius
3563 5179 3787 5249 enh*

456 5285 944 5371 testimoniam,
998 5282 1089 5355 ad
1141 5284 1467 5357 devotum
1520 5288 1592 5358 Φ
1639 5283 2082 5358 bunffiman
2152 5284 2549 5360 eorumdem
2623 5288 3014 5358 instantiam
3068 5305 3155 5357 ac
3209 5291 3556 5357 certer·-
3606 5276 3808 5351 fides
3895 5315 3898 5322 ·

454 5381 625 5451 ]ba·
698 5382 1132 5477 Nostrorum,
1208 5390 1614 5482 praesertun
1695 5399 1875 5463 vero
1935 5386 2492 5485 Supranominati
2570 5385 2856 5466 Comitis
2905 5386 2996 5461 ab
3044 5385 3492 5463 Habet-stein
3571 5397 3786 5481 penu
