3950 5917
3359 459 3526 538 2⁵3

182 679 256 743 et
298 665 669 742 cuiuslibet
709 675 1027 738 -vestrum
1056 664 1323 748 hai-um
1377 667 1561 739 sesie
1600 662 1996 739 firmissime
2046 664 2229 738 atiud
2265 662 2522 737 habere
2557 665 2926 754 unientes..
2955 665 3317 743 vtamodo
3359 664 3522 745 dum

181 781 258 845 et
299 773 857 866 quociescunque
910 768 1378 843 vicecomites
1426 772 1496 841 in
1533 764 1982 842 Gonitatibus
2030 768 2211 840 iltius
2261 767 2489 861 Regni
2541 770 2782 854 nostri.
2835 771 3162 864 precipue
3211 790 3388 845 ,vero
3445 772 3518 841 in

182 871 635 968 Zagrahiensi
686 882 758 946 et
805 871 1305 945 Varasdinensi
1344 872 1520 966 eiigi
1574 873 1963 966 contigerit,
2005 871 2192 945 ¹tulos
2247 870 2613 944 obseruata
2663 873 2878 966 priori
2911 882 2986 943 et
3019 874 3293 968 antiqua
3332 893 3521 946 con-

186 976 549 1051 suetudine
589 979 791 1049 iuxta
842 974 1134 1049 formam
1187 973 1469 1047 Decreti
1521 997 1660 1047 non
1710 975 2165 1068 alienigenas.
2215 996 2348 1047 nec
2394 972 2745 1066 forenses,
2819 974 2947 1048 sed
3000 973 3284 1050 Nobiles
3333 975 3521 1050 illius

182 1077 592 1167 Comitatus,
656 1081 732 1151 in
784 1099 920 1173 quo
972 1079 1129 1152 talis
1198 1077 1617 1151 vicecomes
1696 1078 1860 1172 eiigi
1908 1077 2214 1166 debebit,
2286 1077 2648 1172 eligantur,
2677 1086 2750 1151 et
2802 1076 3283 1174 preficiantur3
3364 1087 3522 1174 post

188 1205 479 1279 quorum
546 1183 971 1254 electionem
1044 1180 1131 1253 ab
1185 1179 1447 1255 eisdem
1525 1181 1995 1254 Jur‘amentum
2068 1184 2259 1254 iuxta
2312 1180 2604 1254 formam
2683 1179 2967 1254 Decreti
3041 1179 3528 1278 deponendum

178 1289 514 1380 exigatis,
567 1306 702 1379 quo
755 1288 826 1358 in
878 1281 1247 1358 reddendis
1301 1293 1375 1357 et
1424 1283 1976 1366 administrandis
2027 1284 2314 1359 Justicia
2365 1294 2440 1357 et
2483 1283 2774 1358 Judiciis
2828 1288 3049 1379 magis
3119 1282 3402 1359 stabiles
3456 1293 3527 1355 et

186 1388 369 1462 firmi
423 1392 750 1474 existant.
825 1409 959 1460 nec
1008 1387 1153 1460 vno
1205 1410 1508 1483 vnquam
1558 1398 1870 1484 tempore
1922 1392 2324 1483 premissam
2398 1386 2783 1462 libertatem
2823 1398 2905 1461 ‚et
2958 1387 3526 1466 consuetudinem

186 1496 537 1586 antiquam
594 1489 837 1586 quouis
873 1495 1141 1586 quesito
1175 1491 1427 1563 colore
1479 1490 1858 1585 infringere
1891 1493 2015 1565 vel
2039 1493 2315 1565 violare
2350 1493 2799 1585 presumatis3
2854 1491 2982 1565 sed
3018 1496 3208 1588 ipsos
3251 1490 3527 1585 Regni-

184 1595 393 1667 colas
449 1603 729 1667 nostros
780 1597 850 1665 in
906 1617 989 1666 eu
1023 1596 1191 1689 'ipsa
1240 1593 1569 1666 libertate
1616 1599 1910 1692 'semper
1962 1603 2034 1667 et
2087 1599 2270 1668 omni
2339 1605 2650 1689 tempore
2709 1615 3147 1671 conseruare
3217 1592 3528 1667 debeatis

188 1708 264 1770 et
314 1699 709 1772 teneamini.
818 1696 1040 1770 Secus
1094 1698 1279 1770 nullo
1332 1696 1557 1769 modo‘
1590 1696 1841 1774 facturi
1910 1702 2152 1792 gracie
2187 1707 2445 1771 nostre
2495 1695 2622 1770 sub
2676 1696 2977 1772 obtentu.
3081 1695 3526 1776 Prosentibus

194 1801 523 1896 perlectis
594 1799 942 1872 exhibenti
1009 1803 1357 1873 restitutis.
1469 1801 1714 1871 Datum
1764 1800 1957 1872 Bude
2010 1805 2079 1873 in
2133 1800 2317 1874 festo
2368 1799 2832 1874 sacratissimi
2886 1798 3212 1894 Corporis
3260 1797 3530 1871 Christi.

194 1903 405 1976 Anno
462 1904 734 1976 Domini
787 1901 1149 1974 Millesimo
1205 1906 1756 1996 quingentesimo
1810 1906 2057 1986 tercio,
2113 1903 2510 1995 Regnorum
2564 1913 2954 1976 nostrorum
3010 1902 3362 1995 Hungarie
3402 1905 3532 1973 occ.

196 2008 405 2080 Αιιηο
462 2005 865 2088 tredecimo,
918 2005 1248 2078 Bohemie
1304 2027 1477 2078 vero
1531 2005 1914 2077 Tricesimo
1968 2008 2211 2078 tercio.

1309 2233 1629 2310 (Siqmum
1680 2207 1938 2310 Rey'ium
1998 2239 2423 2310 apprensum.)
2505 2281 2510 2285 .

190 2419 346 2489 (Ji-ig.
382 2423 433 2473 in
473 2421 698 2473 Archivo
736 2421 902 2490 Regni
942 2419 1201 2473 Croatiae.
1258 2421 1390 2471 Priv.
1430 2419 1489 2471 N.
1530 2421 1645 2471 113.

1596 2972 2149 3055 CLXXII.

414 3262 623 3334 Anno
696 3261 930 3334 1504.
991 3262 1206 3331 Faria
1263 3262 1335 3333 2.
1387 3283 1591 3352 prox.
1648 3266 1807 3351 post
1859 3260 2110 3348 festum
2163 3259 2622 3329 Ascensz'om's
2675 3257 2981 3328 Domini.
3060 3255 3328 3326 Budae.

202 3523 793 3601 Yladislaus
875 3521 1077 3602 Rex
1172 3522 1430 3600 Bano
1526 3521 2104 3622 simoniae,
2201 3531 2295 3598 ut
2395 3519 2940 3598 secundum
3039 3520 3370 3622 legem
3452 3528 3545 3596 et

206 3661 1035 3740 consuetudinem
1108 3659 1424 3764 Regni
1497 3659 2073 3760 Siavoniae‚
2161 3655 2720 3735 Processus
2782 3653 3300 3733 Juridicos
3377 3656 3544 3733 de-

204 3802 482 3878 bitae
568 3803 1149 3877 executioni
1234 3796 1796 3875 demandari
1872 3797 2460 3873 infuturum
2523 3818 2702 3871 non
2768 3798 3542 3896 praetermittat,

1628 3938 2128 4011 commitit.

528 4156 950 4228 Wladislaus
1005 4156 1136 4227 Dei
1188 4157 1421 4246 gracia
1477 4152 1635 4223 Rex
1688 4151 2041 4245 Hungarie
2098 4160 2167 4222 et
2202 4150 2535 4224 Bohemie
2587 4155 2713 4223 occ.
2822 4150 3037 4224 Fideli
3090 4161 3328 4224 nostro
3374 4150 3548 4222 Illu-

204 4266 336 4335 stri
389 4260 686 4333 Johanni
741 4258 1068 4346 Coruino„
1122 4258 1499 4354 Lypthouie
1551 4256 1726 4327 Duci
1782 4278 1866 4326 ac
1919 4254 2318 4348 Regnorum
2375 4265 2763 4327 nostrorum
2820 4255 3208 4343 Dalmacie‚
3253 4251 3547 4327 Groacie

204 4377 281 4439 et
318 4364 691 4437 Sclauonie
725 4362 938 4435 Bane.
1013 4361 1318 4434 Salutem
1357 4371 1425 4433 et
1459 4363 1785 4453 graciam.
1839 4358 2215 4449 NoueritiS‚
2269 4379 2392 4455 pro
2440 4368 2633 4455 parte
2673 4369 2742 4431 et
2776 4362 2842 4431 in
2881 4361 3195 4453 personis
3246 4356 3544 4431 fidelium

204 4478 606 4542 nostrorum
657 4466 1153 4540 Vniuersorum
1196 4464 1726 4558 Regnicolarum
1781 4464 1959 4536 illius
2014 4461 2239 4556 Regni
2294 4466 2512 4537 nostri
2559 4462 2929 4535 Sclauonie
2967 4461 3164 4536 uobis
3209 4462 3548 4535 humiliter

202 4574 430 4646 fuisse
502 4572 973 4666 supplicatum,
1058 4580 1392 4663 quatenus
1466 4589 1837 4661 processus
1893 4568 2048 4640 ilios
2101 4566 2447 4641 Juridioos
2501 4578 2574 4639 et
2626 4569 3044 4656 sentenciaS‚
3119 4569 3231 4661 qui
3288 4576 3359 4638 et
3411 4587 3545 4662 que

205 4680 279 4748 in
338 4675 512 4749 sede
559 4675 925 4746 Judiciaria
980 4674 1158 4744 illius
1196 4671 1434 4765 -Regni
1491 4674 1706 4743 nostri
1758 4674 1831 4742 in
1901 4670 2414 4767 quibuscunque
2494 4673 2723 4744 causis
2780 4692 2904 4766 per
2981 4690 3427 4764 quoscunque
3475 4677 3549 4741 et

206 4790 455 4851 contra
513 4800 958 4873 quoscunque
1034 4775 1273 4848 ordine
1322 4777 1510 4847 ,turis
1581 4774 1976 4862 obseruate,
2036 4798 2159 4867 per
2229 4775 2742 4870 compleciones
2813 4778 3257 4846 terminorum
3329 4777 3420 4844 ita
3476 4782 3550 4843 et

210 4885 441 4955 taliter
494 4882 659 4953 facti
715 4891 868 4952 sunt
922 4892 991 4952 et
1044 4889 1416 4973 reportate.
1471 4880 1652 4973 quod
1706 4878 1927 4950 nullus
1985 4882 2258 4949 omnino
2331 4900 2705 4973 processus
2777 4878 3117 4949 Juridicus
3192 4880 3422 4949 causis
3477 4879 3546 4947 in

210 4987 479 5058 eisdem
536 4986 819 5056 vlterius
878 4983 1024 5056 fieri
1079 4987 1319 5077 possit,
1375 4981 1600 5055 debite
1650 5004 1774 5075 per
1816 5004 1949 5054 vos
1987 4980 2417 5054 Execucioni
2472 4981 2869 5054 demandari
2923 4980 3158 5052 facere
3210 4978 3549 5074 dignare-

214 5113 387 5163 mur.
500 5089 647 5160 Nos
683 5092 908 5182 itaque
965 5087 1393 5159 attendentes
1451 5086 2029 5179 supplicacionem
2068 5106 2306 5155 eorum
2343 5089 2590 5157 iustam
2630 5096 2698 5156 et
2741 5084 2883 5156 Juri
2926 5105 3303 5155 consonam
3343 5103 3549 5170 esse;

208 5218 368 5266 cum
426 5193 679 5264 frustra
740 5191 979 5263 fierent
1013 5190 1303 5277 Judicia.
1363 5191 1421 5260 si
1457 5211 1566 5260 ea.
1608 5210 1740 5282 que
1777 5187 2182 5259 iudicialiter
2235 5186 2722 5277 decernuntur,
2778 5187 3003 5259 debite
3057 5209 3197 5259 non
3252 5186 3550 5258 deman-

216 5297 546 5371 darentur
600 5299 1033 5367 execucioui.
1092 5293 1393 5382 fidelitati
1445 5302 1684 5364 vestre
1739 5292 1973 5361 harum
2045 5295 2226 5363 serie
2274 5290 2554 5363 firmiter
2609 5295 3067 5387 precipientes
3124 5289 3551 5380 mandamus,

214 5413 557 5498 quatenus
608 5403 972 5470 vniucrsos
1025 5396 1447 5469 eiuscemodi
1500 5417 1872 5491 processus
1941 5395 2280 5468 Juridicos
2340 5406 2403 5467 et
2462 5398 2881 5484 sentencias,
2937 5399 3050 5489 qui
3104 5393 3430 5468 videlicet
3478 5402 3558 5466 et
