3950 5917
126 645 319 720 danda
367 648 577 718 virtus
649 645 930 734 Vestra,
1001 668 1085 716 ac
1140 666 1308 738 erga
1363 667 1494 718 nos
1567 666 1976 739 sacrumque
2047 642 2275 716 dilecti
2326 641 2554 738 Regni
2607 645 3002 739 Hungariae
3082 646 3419 722 Diadema

128 748 318 822 debita
370 747 805 822 observantia
878 751 1393 841 constantisque
1448 750 1655 820 animi
1721 746 1957 837 robur,
2037 750 2305 840 integra
2360 755 2431 818 et
2480 769 2650 819 rara-
2708 748 2881 820 fides
2937 773 3022 821 ac
3091 748 3415 848 fidelitaS,

125 873 295 947 quam
343 874 469 924 vos
519 849 739 924 Nobis
810 853 1181 923 unanimini
1250 852 1673 924 resolutione
1728 848 2087 939 obtulisse,
2170 872 2461 945 eamque
2532 850 2667 923 hoc
2736 853 3126 947 periculoso
3181 878 3411 929 rerum

120 964 271 1026 statu
320 953 404 1026 ad
455 976 726 1028 omnem
779 954 1097 1027 fortunae
1152 975 1390 1026 casum
1443 956 1891 1033 et'evtntum
1945 957 2181 1026 eontra
2236 963 2627 1049 praetactos
2681 957 3211 1030 immanissimos
3264 960 3407 1030 ho-

125 1067 242 1130 stes
288 1068 355 1130 et
401 1062 590 1153 ipsos
643 1055 969 1130 Rebelles
1046 1056 1132 1129 ad
1204 1058 1480 1129 ultimae
1553 1059 1908 1151 sanguinis
1979 1059 2198 1130 nostri
2254 1054 2500 1128 Guttae
2565 1057 2966 1153 perfusione
3038 1065 3411 1135 contestari

124 1160 299 1248 velle,
348 1183 441 1233 ex
485 1170 815 1234 contextu
852 1184 936 1232 ac
970 1170 1215 1246 tenore
1268 1158 1670 1233 Litterarum
1725 1159 1946 1232 fidelis
1999 1163 2214 1233 nostri
2259 1158 2458 1258 nobis
2513 1164 2787 1234 sincere
2842 1162 3069 1236 dilecti
3124 1163 3408 1238 Comitis

122 1262 262 1334 Bani
309 1267 519 1337 nostri
567 1275 889 1337 recenter
942 1263 1026 1336 ad
1080 1286 1212 1335 nos
1267 1264 1443 1336 datis
1497 1263 1766 1336 abunde
1824 1259 2022 1337 simul
2078 1274 2148 1335 et
2199 1263 2394 1335 hilari
2449 1268 2675 1336 animo
2730 1267 3213 1340 intelleximus.
3319 1267 3411 1341 Ut

122 1376 311 1438 autem
362 1371 593 1440 sciatis
648 1367 796 1443 Nos
849 1389 1119 1462 quoque
1190 1367 1603 1459 singularem
1679 1370 1857 1459 (non
1932 1366 2249 1440 obstante
2313 1377 2500 1439 arcta
2571 1368 2712 1458 illa,
2786 1393 2912 1463 qua
2969 1392 3094 1465 per
3144 1371 3408 1444 Turcas

118 1469 369 1554 durante
420 1471 652 1552 adhuc⁴
694 1470 1117 1546 induciarum
1168 1481 1481 1566 tempore
1533 1475 1861 1567 premitur
1914 1468 2174 1543 Civitas
2218 1470 2474 1543 Nostra
2523 1471 2981 1565 Viennensis)
3037 1473 3412 1547 defensio-.

118 1575 203 1645 nis
262 1584 326 1644 et
373 1578 925 1647 conservationis
996 1574 1293 1648 Vestrae
1366 1596 1612 1649 curam.
1670 1574 1963 1646 habere:
2075 1573 2556 1649 Ordinavimus
2625 1587 2982 1671 praeterea
3043 1576 3409 1651 Graecium

116 1697 216 1769 pro
241 1675 766 1750 Commendante
803 1676 1082 1749 Militiae
1109 1676 1408 1751 Nostrae
1437 1675 1672 1772 Campi
1700 1676 2204 1750 Mareschalum
2249 1675 2852 1751 Locumtenentem
2894 1677 3210 1752 Carolum
3254 1677 3404 1754 Co-

119 1782 311 1852 mitem
347 1804 386 1851 a
422 1781 812 1870 Strasoldo,
868 1785 981 1875 qui
1026 1779 1250 1853 habita
1297 1804 1451 1852 cum
1498 1785 1769 1854 attactis
1806 1780 2074 1853 Comite
2110 1780 2301 1852 Bano
2337 1781 2594 1855 Nostro
2649 1793 2875 1855 mutua
2930 1783 3401 1877 intelligentia,

113 1904 223 1968 m
252 1882 605 1956 vobiscum
659 1895 731 1956 et
774 1886 1121 1979 legionum
1173 1882 1425 1957 ibidem
1480 1887 1945 1974 existentium,
2001 1882 2432 1976 Metternich,
2483 1885 2905 1980 Aspermont
2940 1898 3009 1958 et
3045 1886 3264 1960 Sarau
3319 1905 3408 1960 ac

112 1989 425 2077 ipsiusmet
479 1988 843 2061 Strasoldo
917 1989 1536 2084 supplementorum
1594 2010 1729 2083 ope
1781 1998 1852 2061 et
1905 1988 2162 2060 alixilio
2233 1998 2372 2058 tum
2428 1988 2738 2060 militaria
2792 1995 3071 2084 negotia
3130 2014 3400 2082 curare,

110 2098 222 2160 tum
271 2113 435 2163 vero
488 2092 785 2164 hostium
844 2091 1200 2164 conatibus
1254 2114 1334 2164 se
1388 2113 1764 2187 opponere,
1822 2114 1906 2162 ac
1959 2092 2230 2162 Patriae
2285 2091 2582 2163 Vestrae
2637 2091 3114 2167 defensionem
3195 2096 3400 2169 solli·-

108 2195 673 2289 a'te'promovere
727 2200 1058 2290 tantisper
1112 2195 1383 2280 debeat,
1438 2217 1657 2289 usque
1712 2196 1867 2267 dum
1926 2216 2295 2268 succursus
2367 2218 2458 2265 ex
2516 2215 2718 2268 sacro
2789 2206 3030 2269 nostro
3082 2197 3397 2270 Romano

107 2292 365 2391 imperio
417 2299 801 2394 deputatus,
859 2309 928 2370 et
974 2298 1058 2369 ab
1096 2299 1249 2372 aliis
1298 2302 1505 2371 etiam
1561 2296 1960 2371 Christianis
2014 2297 2323 2392 Regibus
2377 2297 2722 2395 promissi,
2773 2303 2914 2373 imo
2966 2305 3208 2398 partim
3259 2306 3400 2373 iam

108 2403 279 2470 etiam
331 2404 812 2492 adventantes,
867 2402 1135 2476 hostem
1171 2426 1213 2473 a
1249 2411 1594 2498 praetacta
1652 2402 2011 2476 obsidione
2062 2402 2442 2475 Viennensi
2498 2412 2568 2475 et
2620 2401 3004 2478 Succesive
3058 2429 3098 2478 a
3154 2410 3400 2480 cervi-

106 2501 267 2575 cibus
317 2527 589 2602 quoque
642 2507 898 2580 nostris
952 2525 1286 2579 amovere
1339 2516 1409 2578 et
1461 2506 1801 2602 repellere
1852 2510 2139 2603 possint.
2247 2506 2676 2602 Quapropter
2711 2507 3072 2581 fidelitates
3105 2505 3398 2582 Vestras

94 2603 305 2680 ‘tarum
376 2614 563 2683 serie
643 2609 939 2703 benigne
1021 2610 1371 2682 hortamur
1425 2620 1492 2681 et
1572 2613 2005 2704 requirimus,
2088 2621 2420 2704 quatenus
2496 2614 2725 2682 avitae
2778 2611 3061 2685 Virtutis
3113 2624 3398 2684 vestrae

104 2732 437 2802 memores,
520 2719 590 2786 in
664 2712 798 2786 fide
848 2725 918 2785 et
998 2711 1320 2786 fidelitate
1372 2709 1588 2787 Nobis
1661 2724 1731 2785 et
1781 2714 2043 2786 Sacrae
2095 2717 2228 2785 iam
2285 2713 2405 2786 fati
2458 2713 2682 2807 Regni
2735 2720 2954 2788 nostri
3005 2716 3399 2809 Hungariae

105 2811 293 2888 tabita
371 2823 592 2891 instar
660 2822 996 2890 maiorum
1066 2827 1139 2890 et
1188 2816 1815 2892 Praedecessorum
1868 2818 2276 2892 Vestrorum
2354 2821 2774 2892 inconcusse
2845 2823 3402 2915 importet-itaque

104 2925 442 3008 persistere
500 2933 571 2993 et
626 2941 1109 3017 perseverare,
1186 2919 1540 2993 conatibus
1588 2921 1880 2995 hostium
1956 2921 2269 3008 obviare,
2340 2920 2887 2996 Machinationes
2957 2945 3404 3018 quascunque

103 3031 159 3091 ct
199 3027 475 3112 insultus
531 3027 721 3121 ipsos
777 3025 1103 3098 audacter
1152 3029 1579 3122 reprimere,-
1636 3027 1967 3120 simulque
2022 3025 2172 3098 Vos
2224 3035 2296 3096 et
2346 3025 2628 3119 patriam
2681 3025 3004 3099 Vestram
3060 3027 3400 3100 charissi-

96 3143 247 3197 nam
298 3128 379 3200 ab
435 3130 965 3204 excursionibus
1020 3139 1091 3200 et
1141 3128 1743 3202 incinerationibus
1796 3150 2284 3225 praeservare,
2339 3132 2566 3200 omnia
2621 3129 2916 3224 denique
2972 3132 3057 3201 ad
3104 3132 3396 3226 propul-

99 3230 349 3303 sandum
431 3234 703 3306 hostem
760 3243 1135 3330 opportuna
1191 3233 1417 3306 media
1472 3254 1716 3305 curare
1789 3242 1860 3303 et
1913 3230 2267 3321 adhibere,
2349 3253 2433 3303 ac
2509 3230 2808 3304 fidelium
2861 3231 3396 3326 Regnicolarum

97 3340 153 3400 et
196 3334 625 3409 subditorum
679 3331 925 3410 Officia
980 3336 1222 3411 sedulo
1273 3336 1746 3433 intrepideque
1798 3345 2156 3432 praestare
2209 3336 2439 3408 velitis
2494 3355 2580 3406 ac
2631 3335 2986 3421 debeatis3
3039 3334 3286 3409 Securi
3321 3338 3392 3406 in

95 3454 167 3506 eo
207 3443 609 3528 existentes,
666 3440 848 3535 quod
900 3462 1039 3514 non
1093 3437 1313 3514 solum
1369 3459 1699 3515 succursu
1734 3463 1774 3512 a
1812 3439 2163 3535 praedicto
2219 3436 2442 3510 Sacro
2493 3441 2736 3511 nostro
2786 3435 3103 3513 Romano
3155 3438 3394 3533 Impe-

92 3540 183 3609 rio
226 3543 506 3639 aliisque
564 3542 965 3619 Christianis
1016 3544 1325 3639 Regibus
1378 3555 1449 3617 et
1499 3542 1921 3640 Principibus
1998 3540 2490 3640 suppeditando
2559 3542 2957 3638 propediem
3028 3539 3402 3638 suppetias

90 3640 262 3718 vobis
314 3649 609 3740 allaturi,
661 3671 908 3721 verum
960 3651 1412 3723 constantiam
1464 3648 1807 3745 fidemque
1860 3658 1930 3721 et
1997 3648 2348 3722 heroicam
2418 3647 2738 3718 virtutem
2807 3655 3120 3719 vestram
3189 3647 3404 3719 novis

90 3742 453 3825 Caesareae
509 3762 582 3824 et
631 3751 899 3846 Regiae
954 3750 1230 3825 Gratiae
1277 3755 1559 3826 nostrae
1612 3759 1818 3847 atque
1871 3751 2280 3826 clementiae
2335 3752 2766 3844 argumentis·
2805 3748 3150 3822 uberi-imo
3206 3765 3404 3821 oms-2

88 3856 367 3927 teu-tm
421 3873 681 3930 sunus.
787 3856 1033 3929 Datum
1109 3855 1427 3931 Passavii
1497 3855 1610 3929 die
1678 3855 1802 3929 28.
1874 3855 2139 3930 Mensis
2210 3853 2370 3928 sulii
2438 3854 2648 3926 Anno
2698 3849 2976 3927 Domni
3023 3844 3394 3926 mu

85 3948 605 4032 mmo
645 3959 1136 4054 octuagesimo
1181 3963 1408 4033 tertio.

365 4166 849 4263 hupaldus
890 4190 980 4239 m.
1033 4181 1099 4263 p.

76 4421 143 4495 Bi
173 4423 467 4504 Protocollo
501 4449 672 4519 Regni
709 4441 1140 4520 congregationis
1173 4450 1241 4503 Α.
1280 4448 1432 4503 1683.

2815 5451 2982 5563 4ῡὲ
