3950 5917
545 378 700 454 452

1978 989 2439 1074 ccmvl.

1431 1275 1641 1346 Anno
1704 1273 1939 1348 1773.
2014 1278 2131 1346 die
2182 1275 2258 1347 8.
2312 1277 2584 1347 Martii.
2655 1274 2986 1347 Viennae.

548 1534 1093 1616 Mandatum
1134 1535 1548 1641 Regium
1591 1535 1854 1614 Bano
1899 1535 2367 1617 Croatiae
2431 1537 2782 1639 datum,
2844 1547 2942 1615 ut
2986 1562 3247 1616 suam
3298 1541 3857 1640 opinionem

543 1673 861 1776 dicat,
956 1678 1170 1778 quis
1256 1677 1659 1752 maxime
1744 1686 2306 1778 oportunus
2384 1680 2476 1753 in
2556 1678 2915 1753 merito
3008 1675 3537 1778 augendae
3623 1673 3855 1752 Con-

556 1811 1149 1890 tributionis
1245 1811 1783 1890 inferioris
1846 1810 2400 1891 Slavoniae
2493 1837 2661 1916 pro
2726 1811 3335 1891 celebranda
3402 1811 3859 1890 Generali

819 1946 1144 2054 Regni
1207 1946 2049 2056 Congregatione
2113 1953 2597 2029 terminus
2684 1953 3169 2029 constitui
3232 1959 3609 2052 posset.

546 2216 850 2291 HARIA
918 2217 1376 2290 THERESIA
1445 2217 1602 2290 DEI
1673 2216 1903 2291 Gratia
1954 2218 2419 2293 Romanorum
2472 2217 2877 2313 Immratrix
2929 2216 3179 2307 Vidua,
3231 2217 3654 2310 Hungariae,
3723 2215 3863 2286 Bo-

548 2322 863 2408 bemiae,
947 2322 1369 2408 Dalmatiae,
1452 2319 1817 2410 Croatiae,
1908 2320 2463 2416 Sclavoniaeque
2541 2320 2811 2413 Regina
2888 2319 3336 2417 Apostolica,
3413 2318 3870 2392 Archi-Dux

1952 2424 2276 2499 Austriae
2342 2428 2470 2497 dcc.

866 2654 1275 2749 Spectabilis
1332 2674 1416 2726 ac
1468 2650 1836 2748 Magnifice
1896 2651 2151 2728 Comes
2187 2653 2444 2728 Fidelis
2478 2649 2695 2727 Nobis
2749 2654 3023 2728 sincere
3066 2652 3358 2725 Dilecta.
3465 2651 3624 2725 Non
3671 2654 3874 2746 igno-

551 2768 691 2832 tum
753 2767 860 2830 est
915 2757 1249 2830 Fidelitati
1316 2757 1642 2846 Vestrae,
1710 2759 1982 2829 tertium
2038 2779 2076 2828 a
2135 2779 2268 2852 quo
2348 2778 2467 2830 res
2537 2754 2957 2850 regulandae
3019 2753 3549 2829 Contributiouis
3604 2758 3676 2826 in
3731 2753 3877 2826 Re-

557 2865 717 2954 gnis
768 2861 1178 2947 Dalmatiae,
1259 2858 1577 2932 Croatiae
1650 2869 1719 2931 et
1772 2858 2193 2933 sclavoniae
2267 2859 2392 2934 sub
2462 2858 2782 2932 laudabili
2852 2857 3206 2932 Praesidio
3280 2881 3407 2930 suo
3477 2858 3878 2953 pertractari

556 2965 809 3056 coepit,
874 2984 960 3035 eo
1015 2966 1082 3035 in
1120 2963 1429 3035 Articulo
1482 2960 1757 3034 Annum
1813 2965 2159 3053 constitui,
2227 2972 2302 3035 ut
2343 2964 2487 3054 jam
2544 2961 2664 3033 1ss
2704 2964 2977 3035 venturi
3026 2961 3288 3033 Mensis
3341 2959 3504 3057 May
3559 2960 3879 3034 effective

552 3062 759 3136 finem
801 3087 994 3138 suum
1050 3075 1546 3139 consecuturus
1591 3068 1719 3155 sit3
1772 3065 2200 3156 Accessere,
2252 3075 2328 3138 ut
2380 3073 2673 3152 constat,
2730 3087 2770 3135 a
2824 3074 3134 3159 tempore
3185 3064 3303 3136 illo
3358 3074 3503 3137 tres
3540 3064 3660 3155 alij
3704 3063 3879 3157 Syr·

555 3169 670 3258 mij
726 3171 790 3239 dc
841 3166 1193 3240 Inferioris
1265 3167 1683 3241 Selavoniae
1758 3165 2159 3257 Comitatus,
2237 3167 2327 3239 hi*
2385 3188 2635 3263 nempe
2716 3166 2959 3240 eadem
3029 3189 3316 3262 prorsus
3388 3169 3665 3238 ratione
3738 3186 3877 3236 cum

558 3270 712 3362 alijs
764 3269 980 3342 tribus
1034 3270 1517 3365 Superioribus
1571 3267 2017 3344 Comitatibus
2069 3270 2317 3365 Regno
2369 3268 2612 3346 Eidem
2670 3267 2988 3342 Croatiae
3052 3268 3304 3361 adjecti
3354 3273 3423 3342 G:
3488 3272 3881 3365 respective

560 3370 863 3446 Consilio
918 3373 1142 3466 Regio
1200 3371 1521 3447 Groatico
1577 3378 1780 3445 etiam
1835 3371 2398 3446 contributionali
2451 3376 2522 3446 in
2573 3370 2858 3446 Materia
2914 3371 3334 3448 subordinati
3385 3370 3753 3445 habentur.

870 3526 1086 3615 Quam
1144 3526 1234 3600 ob
1286 3549 1434 3601 rem
1489 3527 1827 3601 Fidelitati
1878 3528 2180 3602 Vestrae
2230 3528 2426 3602 bisce
2478 3527 2857 3602 clementer
2925 3530 3340 3600 comittimus
3407 3530 3473 3598 dc
3534 3526 3882 3618 jubemus,

556 3641 629 3702 ut
700 3634 1026 3725 expensis
1115 3634 1378 3704 cunctis
1458 3634 1528 3704 in
1598 3652 1744 3702 rem
1799 3630 2122 3703 Nostram
2192 3629 2433 3703 Eidem
2507 3629 2846 3704 Fidelitati
2915 3630 3212 3702 Vestrae
3281 3630 3421 3701 illic
3487 3652 3670 3725 prae
3745 3629 3887 3718 aliJ’s

559 3737 863 3828 apprime
917 3744 1173 3823 notam,
1226 3731 1791 3822 Circumstantijs,
1847 3731 2146 3806 Mentem
2185 3742 2256 3805 et
2290 3731 2741 3828 Oppinionem
2798 3730 3035 3819 Suam,
3090 3742 3162 3803 ut
3195 3735 3481 3827 primum
3520 3732 3661 3805 Via
3703 3731 3885 3805 Gan-

558 3836 884 3909 cellariae
939 3834 1239 3907 Nostrae
1289 3835 1685 3929 Hungarico
1741 3836 2034 3908 Aulicae
2106 3836 2380 3909 disertis
2450 3834 2803 3910 tenoribus
2865 3834 3171 3931 pandere
3241 3837 3542 3920 noverit,
3622 3835 3888 3931 quaudo

556 3960 741 4010 nunc
793 3960 918 4034 pro
973 3937 1533 4032 congregatione
1585 3938 2088 4010 Antellatorum
2139 3938 2550 4027 Dalmatiae,
2616 3936 2937 4011 Groatiae
2990 3946 3060 4009 et
3114 3936 3535 4010 Sclavoniae
3595 3938 3886 4031 Regno-

558 4064 705 4112 rum
778 4041 1165 4113 Terminum
1242 4041 1813 4135 opportunissime
1884 4063 2012 4136 per
2080 4039 2226 4114 Nos
2299 4041 2678 4113 clementer
2746 4039 3183 4113 determinari
3250 4061 3463 4135 posse
3539 4038 3887 4113 censeat?

559 4141 850 4215 Factura
915 4147 979 4216 in
1036 4143 1171 4216 hoc
1222 4140 1567 4237 benignae
1638 4154 1842 4237 atque
1895 4146 2237 4239 positivae
2287 4141 2499 4216 Menti
2555 4146 2620 4214 dc
2671 4142 3019 4217 desiderio
3073 4142 3326 4215 Nostro
3392 4145 3592 4214 satis.
3653 4143 3778 4215 Cui
3829 4144 3886 4212 in

558 4247 823 4341 reliquo
881 4245 1112 4318 Gratia
1167 4249 1233 4319 dr
1286 4245 1662 4319 Clementia
1715 4246 1969 4319 Nostra
2023 4245 2650 4340 Caesareo-Regia
2702 4244 3002 4340 benigne
3046 4247 3443 4340 jugiterque
3496 4265 3883 4341 propensae

558 4371 937 4424 manemus.
1044 4349 1290 4422 Datum
1362 4354 1430 4422 in
1484 4349 1927 4423 Archiducali
1997 4347 2289 4424 Civitate
2339 4348 2596 4424 Nostra
2662 4347 2934 4422 Vienna
3009 4348 3364 4439 Austriae,
3431 4347 3577 4421 Die
3635 4348 3884 4422 Octava

560 4449 821 4527 Mensis
875 4451 1109 4548 Marty·
1162 4451 1367 4526 Anno
1419 4452 1692 4525 Domini
1741 4452 2107 4526 Millesimo
2162 4452 2788 4547 septingentesimo
2842 4450 3368 4547 Septuagesimo
3421 4451 3694 4525 Tertio.

874 4684 1125 4755 Maria
1178 4684 1570 4758 Theresia
1627 4706 1714 4756 m.
1751 4706 1816 4779 p.

2178 4910 2432 4986 Comes
2486 4912 2899 4986 Franciseus
2953 4911 3340 5008 Esterbazy
3394 4935 3481 4983 m.
3541 4936 3612 5009 p.

2335 5144 2678 5219 Antonius
2730 5141 3200 5241 Klohusie-zky
3254 5166 3340 5216 m.
3410 5166 3472 5239 p.
