3950 5917
505 419 704 493 '440

536 630 824 723 passive
876 627 982 699 bis
1039 649 1309 723 quoque
1343 626 2000 726 Neo-Incorporatis
2042 627 2483 700 Comitatibns
2537 626 2869 721 agendum
2929 651 3126 700 osse:
3183 637 3404 699 stante
3459 638 3693 698 autem
3732 650 3840 714 eo,

536 731 723 827 quod
776 729 1019 827 Inclyti
1072 731 1301 804 Status
1357 741 1577 805 semet
1636 737 1703 805 in
1757 732 2111 805 Materiam
2167 732 2760 805 Contributioualis
2814 731 3057 818 Quanti
3106 729 3540 804 inferioribus
3596 730 3842 802 Comi-

538 832 791 908 tatibus
844 835 1257 909 inhaerentis
1306 835 1635 910 hactenus
1688 858 1825 908 non
1880 837 2304 923 immiserint,
2366 839 2503 908 imo
2559 836 2952 931 specialem,
3005 839 3096 907 uti
3149 839 3655 931 praeapositum
3717 845 3840 922 est,

542 961 669 1035 pro
728 949 918 1034 parte
989 942 1183 1011 trium
1240 937 1675 1035 Superiorum
1732 938 2180 1012 comitatuum
2251 943 2772 1036 interposuerint
2843 939 3045 1012 modo
3097 941 3382 1035 praevio
3438 937 3842 1011 cautelam:

544 1044 659 1116 An
728 1042 1038 1115 Dominis
1115 1042 1471 1137 Ablegatis
1542 1067 1582 1116 e
1638 1042 1930 1116 ‚Gremio
2004 1044 2440 1138 Superiorum
2509 1041 2952 1115 comitatuum
3036 1042 3367 1135 eligendis
3464 1046 3846 1114 occasione

544 1145 815 1218 futurae
868 1146 1153 1219 Diaetae
1207 1150 1272 1219 in
1327 1151 1677 1219 materiam
1716 1144 2357 1220 contributioualem
2394 1145 2738 1236 influere3
2792 1146 2876 1219 de
2931 1145 3330 1219 stabiliendo
3369 1146 3640 1231 Quanto
3693 1169 3844 1217 cum

544 1248 852 1323 Consilio
924 1248 1146 1345 Regio
1198 1248 1799 1324 Locumtenentiali
1862 1260 1933 1322 et
1986 1251 2535 1323 Commissariatu
2591 1250 3024 1338 Provinciali,
3098 1273 3247 1322 cum
3302 1247 3541 1345 quibus
3595 1249 3844 1345 Inclyti

542 1353 778 1426 Status
859 1353 1187 1426 hactenus
1262 1377 1351 1428 ne
1404 1352 2032 1450 correspondebant
2086 1354 2380 1450 quidem,
2453 1358 2671 1426 minus
2742 1353 3255 1450 dependentiam
3328 1355 3443 1427 vel
3493 1356 3844 1427 minimam

542 1468 1001 1552 agnoverunt,
1073 1479 1288 1552 agere
1358 1469 1427 1531 et
1478 1457 2038 1553 Redemptiouem
2104 1461 2543 1552 gratuitorum
2598 1457 2958 1546 Laborum,
3030 1458 3443 1554 aliarumque
3497 1461 3847 1551 gratuita-

540 1584 688 1632 rum
743 1565 1269 1658 praestationum
1323 1562 1545 1635 medio
1617 1566 2141 1657 praemissarum
2195 1561 2665 1634 Instantiarum
2722 1560 3090 1635 sollicitare
3162 1570 3582 1657 eatenusque
3642 1560 3844 1633 con-

538 1668 935 1738 veutiouem
987 1669 1158 1738 inire
1213 1666 1589 1738 consultum
1646 1668 1757 1747 sit,
1811 1687 1942 1738 nec
1994 1664 2142 1738 ne?
2194 1665 2415 1738 altiori
2469 1665 2880 1761 inclytorum
2925 1666 3230 1737 Statuum
3282 1663 3505 1737 futura
3562 1686 3844 1760 quoque

534 1768 910 1865 prudenter
950 1773 1451 1886 penetrantium
1504 1768 1904 1842 submittitur
1954 1768 2243 1841 Judicio.
2350 1769 2722 1844 Enimvero
2786 1843 2792 1851 ,

851 1908 922 1979 4.
1030 1907 1107 1979 Si
1176 1906 1414 2003 Inclyti
1491 1905 1761 1980 Domini
1831 1906 2061 1980 Status
2132 1906 2356 1980 medio
2428 1907 2921 2003 Ablegatorum
2975 1933 3018 1982 e
3071 1905 3549 2005 Superioribus
3624 1905 3844 1979 tribus

540 2008 985 2086 Comitatibus
1026 2012 1537 2106 eligendorum,
1589 2015 1938 2084 materiam
1979 2007 2622 2085 contributionalem
2675 2022 2969 2086 tractare
3021 2012 3468 2085 inconsultum
3523 2023 3843 2100 censent,

538 2119 769 2208 utique
823 2137 910 2187 eo
965 2114 1148 2187 facto
1205 2113 1643 2188 Comitatibus
1697 2113 2158 2205 inferioribus,
2213 2127 2282 2188 et
2335 2115 2602 2211 quidem
2659 2117 2926 2211 singulo
2982 2117 3392 2211 singillatim,
3453 2115 3650 2186 velut
3706 2138 3842 2186 non

538 2218 971 2310 simultanee,
1040 2242 1279 2292 verum
1336 2219 1636 2292 adinstar
1686 2217 1909 2311 Regni
1952 2218 2342 2312 Huugariae
2401 2217 2873 2300 Comitatuum,
2946 2221 3253 2292 attributa
3310 2217 3436 2291 sibi
3490 2222 3848 2291 activitate

530 2322 949 2414 disjunctive
1004 2332 1074 2396 et
1124 2328 1486 2418 separatim
1543 2323 2068 2395 consistentibus
2123 2333 2194 2395 et
2243 2320 2506 2417 publica
2558 2322 3023 2415 tractantibus,
3091 2323 3177 2397 de
3228 2322 3538 2396 remedio
3587 2326 3843 2417 provi-

534 2425 830 2499 dendum
904 2430 1047 2500 erit.
1157 2427 1234 2498 Si
1288 2436 1510 2498 autem
1584 2426 1805 2520 (quod
1859 2449 1996 2498 nou
2051 2428 2400 2522 speratur)
2472 2450 2566 2500 ex
2619 2427 3123 2524 quibuscunque
3191 2426 3461 2499 tandem
3541 2429 3841 2499 rationi-

531 2526 664 2602 bus
716 2531 966 2602 nullum
1019 2530 1228 2603 tribus
1285 2528 1722 2602 comitatibus
1780 2530 2241 2625 superioribus
2293 2535 2796 2627 praeexpositis
2852 2532 3245 2628 periculum,
3318 2530 3667 2604 nullumve
3724 2534 3844 2602 in-

535 2632 891 2706 ducendae
962 2634 1047 2706 ab
1100 2633 1406 2706 Excelso
1462 2632 1762 2705 consilio
1817 2633 2039 2728 Regio
2111 2632 2714 2708 Locumtenentiali
2786 2634 3305 2733 dependentiae,
3387 2657 3470 2705 ac
3550 2634 3841 2706 aliorum

533 2741 971 2830 agraviorum
1028 2748 1276 2809 metum
1331 2741 1611 2809 imiuere
1665 2737 2095 2832 praevident,
2148 2748 2220 2810 et
2263 2738 2488 2811 medio
2540 2739 2957 2830 Eorundem,
3011 2763 3293 2834 quorum
3351 2760 3551 2835 supra
3606 2736 3844 2810 Able-

532 2851 874 2932 gatorum,
944 2838 1296 2913 Materiam
1352 2863 1620 2935 quoque
1676 2839 2320 2913 contributionalem
2374 2846 2616 2934 agitari
2668 2867 2874 2940 posse
2920 2843 3251 2935 Judicant,
3331 2842 3507 2937 quod
3568 2842 3844 2935 quidem

532 2955 938 3037 praesentes
1011 2945 1305 3040 deputati
1377 2944 1703 3039 impedire
1755 2966 1893 3016 non
1945 2945 2204 3033 valent,
2275 2945 2464 3019 velut
2516 2946 2756 3021 fideles
2824 2958 3075 3035 tamen,
3148 2947 3258 3020 hic
3329 2949 3491 3036 uati,
3567 2945 3844 3018 educati

532 3049 696 3118 item
771 3058 840 3119 et
860 3051 1111 3223 lletiam
1184 3052 1707 3144 possessiouati,
1777 3046 2048 3122 Patriae
2128 3048 2245 3121 filii
2323 3071 2458 3122 non
2529 3050 2859 3141 svadent;
2939 3051 3158 3124 adhuc
3224 3061 3444 3122 tamen
3525 3053 3597 3121 in
3676 3071 3844 3121 casu

534 3154 736 3222 etiam
792 3161 856 3222 ta
890 3156 905 3171 '

846 3290 915 3361 5.
1023 3289 1189 3376 Quis
1226 3312 1485 3386 quaeso
1522 3289 1964 3363 Dominorum
2003 3290 2528 3384 Reguicalarum
2577 3297 2925 3388 (exceptis
2961 3292 3499 3387 Incorporationi
3536 3295 3843 3364 omnium

534 3403 731 3464 trium
789 3392 1232 3466 Comitatuum
1299 3397 1570 3467 nomine
1641 3393 2050 3489 Inclytorum
2108 3395 2416 3467 Statuum
2470 3395 2940 3490 praesentibus
2994 3408 3063 3470 et
3116 3393 3551 3491 operantibus
3624 3394 3847 3468 tribus

528 3494 845 3570 Dominis
896 3497 1319 3593 Deputatis),
1372 3497 1490 3569 vel
1541 3498 1827 3593 aliquam
1884 3501 2179 3571 omnium
2232 3502 2429 3572 trium
2478 3498 2924 3573 Comitatuum
2978 3499 3180 3572 habet
3231 3498 3601 3572 notitiam?
3676 3499 3848 3586 Quis

538 3623 826 3694 unquam
881 3602 1151 3674 modum
1209 3599 1715 3688 Quarteriorum
1773 3603 2150 3687 militarium
2207 3624 2294 3674 eo
2350 3604 2551 3677 modo
2604 3616 2801 3701 prout
2852 3609 2919 3677 in
2973 3605 3345 3692 Hungaria,
3401 3613 3604 3697 atque
3662 3602 3847 3675 adeo

530 3707 601 3775 ln
656 3704 896 3776 iisdem
954 3728 1222 3801 quoque
1275 3703 1709 3778 inferioribus
1749 3703 2189 3778 comitatibus
2227 3704 2657 3796 observatur,
2711 3709 2936 3781 aliave
2988 3708 3092 3781 his
3132 3707 3584 3779 cohaerentia
3622 3729 3844 3801 prae-

529 3809 978 3896 gustaverit?
1032 3807 1196 3896 Quis
1236 3810 1553 3901 denique,
1609 3809 1800 3883 salva
1842 3807 2278 3882 Conscientia
2324 3830 2474 3896 sua,
2530 3816 3121 3906 pertractationem
3178 3815 3503 3882 materiae
3555 3807 3839 3881 Contri-

529 3910 924 4000 butioualis,
996 3934 1033 3982 a
1091 3935 1219 4008 qua
1276 3912 1463 3984 salus
1534 3921 1605 3983 et
1658 3910 2110 3987 conservatio
2183 3917 2480 3992 miserae
2560 3917 2736 3992 illius
2789 3916 3016 3989 Plebis
3072 3914 3574 3988 contribueutis
3630 3923 3701 3986 et
3756 3913 3838 3985 ab

518 4013 664 4118 ⁴bac
731 4015 1039 4088 altissimi
1092 4017 1369 4098 Servitii
1420 4016 1623 4111 Regii
1677 4021 2012 4113 promotio
2067 4016 2433 4112 dependet,
2486 4023 2552 4092 in
2601 4043 2679 4094 so
2734 4042 3090 4094 assumere
3144 4019 3454 4122 poterit?
3509 4016 3838 4109 cujusvis

527 4119 879 4213 prudentis
918 4118 1366 4193 substernitur
1398 4119 1710 4208 Judici03
1753 4161 1841 4176 —-
1882 4143 2087 4193 nemo
2126 4120 2464 4216 profecto,
2519 4134 2586 4196 ut
2625 4133 2696 4195 ut
2727 4127 3386 4220 perspicacissimus,
3439 4125 3506 4194 in
3545 4125 3841 4218 propriis

526 4223 694 4294 licet
745 4227 1068 4316 negotiis,
1122 4223 1298 4296 adeo
1352 4223 1799 4318 adaequatam
1844 4233 1915 4295 et
1949 4223 2323 4318 perfectam
2356 4228 2572 4300 valteri
2624 4232 2992 4323 peregrino
3029 4227 3387 4300 elaborare
3443 4236 3679 4320 potest
3719 4226 3838 4298 [u-

534 4330 1002 4424 structionem,
1076 4327 1202 4401 sed
1255 4349 1387 4400 nec
1438 4331 1499 4400 is
1551 4326 1858 4400 Eandem
1913 4338 2047 4399 tam
2104 4326 2476 4404 efficaciter
2525 4336 2865 4428 recipere,
2937 4353 3071 4428 quo
3124 4334 3346 4403 minus
3415 4332 3486 4401 in
3544 4329 3842 4402 Casibus

534 4453 804 4527 quoque
857 4434 1290 4527 impraevisis
1346 4431 1546 4504 ullam
1601 4434 1891 4528 patiatur
1941 4430 2397 4508 difficulatem.
2503 4434 2644 4508 Sed
2699 4446 2770 4508 et

842 4577 912 4650 6.
1018 4577 1194 4652 Dato
1232 4600 1368 4652 non
1417 4599 1785 4665 concesso,
1824 4580 1883 4650 si
1929 4574 2292 4649 Instructio
2327 4584 2463 4648 tam
2510 4574 2721 4665 clara,
2770 4585 2905 4647 tam
2943 4573 3251 4670 perfecta
3291 4570 3536 4645 confici
3574 4583 3843 4668 posset,

535 4681 1176 4779 conficiendumque
1231 4683 1554 4756 evaderet
1603 4686 1805 4771 ratio,
1865 4702 2041 4776 quae
2093 4702 2217 4776 pro
2274 4682 2457 4752 omui
2511 4700 2676 4750 casu
2731 4689 2801 4751 et
2852 4689 3106 4751 eventu
3160 4681 3590 4770 negotiorum
3649 4675 3844 4750 iufe-
3885 4721 3894 4732 -

527 4790 735 4863 rioris
788 4785 1037 4882 Regni,
1093 4795 1163 4859 et
1206 4786 1383 4882 quod
1437 4788 1790 4882 plurimum
1856 4788 2182 4858 materiae
2235 4785 2636 4880 praesertim
2692 4781 3287 4856 contributionalis
3340 4780 3590 4853 nullam
3649 4785 3845 4855 noti-

513 4894 691 4964 tiam
739 4888 1140 4965 habentibus
1207 4893 1374 4964 satis
1447 4913 1610 4964 esse
1680 4899 1944 4986 posset,
2018 4898 2087 4962 et
2157 4890 2379 4984 posito
2450 4908 2574 4985 pro
2645 4886 2911 4958 meliori
2965 4886 3232 4960 illorum
3286 4884 3753 4958 comitatuum
3803 4906 3848 4955 e

526 4997 796 5090 gremio
869 4994 1244 5069 eorundem
1314 5016 1489 5067 uuus
1541 4992 1785 5068 debitis
1838 4991 2266 5090 qualitatibus
2333 4994 2656 5088 provisus
2709 4991 3080 5085 eligeretur
3131 4989 3544 5082 Ablegatus,
3616 4987 3848 5061 adbuc

528 5110 759 5174 tamen
811 5121 943 5173 nec
995 5098 1107 5172 bic
1157 5120 1358 5188 unus,
1412 5120 1543 5171 nec
1588 5098 1703 5173 alii
1735 5097 1897 5190 duo,
1952 5098 2152 5172 simul
2204 5099 2450 5192 sumpti
2500 5105 2669 5188 tres,
2701 5096 2894 5180 velut
2938 5117 3138 5169 unum
3179 5098 3434 5166 sentire
3471 5088 3846 5180 debentes,

528 5209 601 5277 in
657 5226 825 5279 casu
876 5203 1021 5294 illo,
1092 5205 1153 5279 si
1221 5225 1401 5277 nunc
1454 5203 1570 5277 vel
1647 5204 1714 5274 iu
1770 5200 2092 5290 futurum,
2171 5199 2351 5297 quod
2428 5202 2496 5272 iu
2552 5200 2898 5295 Hungaria
2954 5197 3394 5273 observatum
3448 5206 3583 5285 est,
3667 5199 3858 5269 inter

506 5305 935 5412 ‘comitatum
989 5316 1058 5380 et
1105 5305 1508 5381 comitatum
1580 5308 1918 5381 orirentur
1982 5304 2431 5393 differentiae,
2502 5300 2909 5379 satisfacere
2979 5311 3286 5400 possent.
3365 5300 3602 5374 Verba
3657 5304 3846 5374 enim

528 5420 693 5484 sunt
734 5409 1146 5504 Evangelii:
1251 5409 1473 5485 Nemo
1528 5409 1792 5487 duobus
1842 5410 2155 5486 Dominis
2208 5410 2476 5486 servire
2527 5417 2774 5506 potest.
2880 5405 3177 5482 Proinde
