3950 5917
3323 436 3484 511 ’ΔΗ

1548 953 1927 1037 ccxl,
1938 953 2123 1036 lv.

1134 1215 1342 1286 Anno
1403 1212 1443 1284 1
1458 1214 1634 1288 7215.
1692 1214 1820 1287 27.
1864 1215 2136 1309 Aprilis
2206 1214 2527 1288 Viennae.

166 1448 475 1529 Maria
541 1446 1021 1528 Theresia
1086 1447 1245 1528 SS.
1344 1458 1432 1527 et
1498 1446 1669 1528 00.
1734 1446 2950 1556 RegnorumDalmatiae,
3015 1450 3492 1534 Croatiae

170 1599 267 1667 et
330 1587 874 1668 Slavoniae
939 1584 1608 1668 Comissatios
1669 1612 1841 1692 pro
1935 1592 2881 1694 reincorporatione
2944 1591 3492 1673 Slavoniae

1076 1725 1617 1805 Inferioris
1679 1731 2191 1808 nominare
2275 1729 2577 1834 jubet.

163 1947 471 2021 HARIA
521 1946 978 2021 THERESIA
1032 1946 1188 2019 DEI
1243 1945 1472 2020 Gratia
1525 1946 1791 2038 Regina
1846 1945 2265 2043 Hungariae,
2320 1947 2718 2039 Bobemiae,
2789 1950 3196 2040 Dalmatiae,
3253 1949 3487 2025 Croa-

168 2056 313 2126 tiae
383 2075 468 2125 ac
540 2052 982 2140 Sclavoniae,
1056 2051 1418 2125 Archidux
1484 2050 1809 2123 Austriae
1864 2054 2018 2134 dcc,
2097 2051 2317 2147 Nupta
2386 2053 2548 2125 Dux
2597 2052 3077 2149 Lotharingiae
3131 2059 3196 2127 dc
3244 2055 3484 2147 Barri;

1380 2152 1631 2249 Magna
1684 2153 1846 2227 Dux
1897 2154 2279 2229 Hetruriae.

479 2363 914 2455 Reverendi,
976 2360 1459 2449 Honorabiles,
1531 2361 1960 2459 spectabiles
2015 2385 2099 2434 ac
2149 2359 2521 2456 Magnifici,
2598 2363 2942 2458 Magnifiei
3011 2368 3171 2437 item
3242 2364 3482 2460 Egre-

163 2471 260 2561 gij
338 2478 409 2540 et
476 2466 785 2560 Nobiles,
846 2490 979 2540 nec
1030 2490 1169 2539 non
1222 2467 1598 2540 Prudentes
1655 2490 1740 2539 ac
1776 2461 2309 2561 'Circumspecti,
2378 2467 2654 2540 Fideles
2729 2467 2942 2541 Nobis
3015 2469 3262 2543 dilecti.
3367 2469 3481 2542 Ex

166 2571 303 2659 bis,
359 2593 535 2667 quae
589 2582 747 2644 ante
801 2571 974 2643 duos
1024 2570 1269 2644 abhinc
1300 2573 1546 2645 Annos
1602 2581 1753 2643 acta
1799 2569 2022 2659 fuere,
2076 2582 2307 2642 notum
2366 2570 2583 2643 adhue
2639 2575 2767 2643 erit
2801 2572 3264 2645 Fidelitatibus
3316 2574 3477 2647 Ve-

164 2680 355 2764 stris,
409 2676 695 2771 qualiter
744 2674 1106 2748 Districtus
1163 2674 1633 2771 Syrmiensem
1690 2685 1759 2747 et
1802 2673 2148 2748 inferioris
2203 2674 2615 2747 Solanoniae
2673 2699 2793 2770 pro
2850 2680 3195 2770 exigentia
3270 2681 3473 2750 etiam

24 2749 25 2760 ἵ
166 2781 628 2853 Articulorum
686 2778 805 2852 18.
861 2789 930 2850 et
985 2777 1104 2850 50.
1161 2781 1584 2852 novissimae
1654 2777 1981 2869 Diaetae,
2050 2778 2289 2851 Banali
2357 2778 2820 2852 Jurisdictioni
2889 2779 3351 2872 subjiciendos
3406 2793 3478 2854 et

164 2883 735 2979 incorporandos,
791 2884 1167 2955 clementer
1218 2883 1735 2956 resolvet-imus.
1803 2882 1969 2955 Cum
2026 2905 2231 2979 porro
2286 2882 2603 2978 Deputati
2658 2883 2836 2956 bunc
2891 2887 2957 2957 in
3013 2881 3212 2957 finem
3266 2884 3471 2979 Regij

162 2986 633 3079 Commissarij
689 2991 933 3072 nostri,
999 2986 1274 3060 Fideles
1328 2990 1574 3084 quippe
1625 2990 1842 3059 nostri
1911 2987 2325 3060 Franciscus
2379 2987 2559 3060 Baro
2615 2986 2699 3059 ab
2752 2987 3267 3081 Engelsholl'en,
3324 2988 3476 3064 Co-

160 3113 317 3164 mes
371 3090 774 3164 Alexander
824 3089 1190 3163 Patacbich
1246 3101 1317 3164 et
1354 3090 1535 3163 Baro
1592 3090 1943 3163 Ladislaus
1982 3089 2233 3186 Vajay,
2290 3086 2859 3164 commissionem
2916 3103 3072 3165 aute
3128 3093 3326 3181 duOS,
3380 3099 3476 3168 uti

161 3199 630 3291 praemittitur,
699 3194 945 3267 Annos
1016 3195 1399 3267 inchoatam
1475 3204 1544 3266 et
1596 3195 1822 3287 aliquo
1893 3203 2204 3287 tempore
2273 3197 2736 3290 interruptam,
2807 3199 3050 3289 primo,
3123 3219 3255 3292 quo
3328 3195 3474 3269 fieri

158 3303 409 3396 poterit
451 3299 794 3395 Tempore
865 3302 1354 3393 reassumpturi
1425 3307 1625 3393 atque
1699 3319 1781 3369 ea
1838 3296 1924 3369 de
1982 3295 2205 3370 Causa
2260 3300 2326 3369 in
2382 3299 2718 3371 antelatos
2774 3299 3130 3371 Districtus
3202 3304 3474 3372 venturi

162 3414 425 3494 essent,
500 3403 584 3474 ad
642 3402 977 3494 ejusmodi
1045 3413 1271 3474 autem
1343 3398 1913 3474 Commissionem
1986 3423 2080 3472 ex
2131 3410 2323 3495 parte
2378 3401 2790 3474 Sclauoniae
2842 3402 3235 3497 Regnorum
3289 3401 3474 3474 Dal-

156 3511 435 3598 matiae,
516 3505 834 3580 Croatiae
904 3528 990 3578 ac
1040 3505 1454 3578 Sclauoniae
1505 3505 1734 3579 Banus
1818 3527 1969 3578 cum
2053 3502 2349 3578 Statibus
2407 3515 2475 3577 et
2527 3503 2888 3582 Ordinibus
2968 3504 3471 3579 modofatorum

154 3611 553 3705 Regnorum
613 3610 1138 3684 Commissarios
1194 3609 1617 3706 deputandos
1669 3607 1938 3683 haheat.

467 3714 694 3788 Veluti
762 3713 1046 3810 proinde
1118 3714 1203 3786 de
1273 3715 1410 3786 hoc
1477 3718 1871 3809 requisitam
1941 3716 2426 3787 intimationem
2482 3710 2811 3785 dictorum
2867 3711 3263 3807 Regnorum
3327 3736 3470 3787 no-

154 3829 453 3893 atrorum
503 3818 696 3892 Bano
751 3817 876 3893 sub
947 3818 1281 3891 hodierno
1333 3817 1513 3891 Dato
1584 3817 2022 3909 fecissemus,
2091 3822 2184 3891 ita
2253 3818 2323 3891 id
2391 3820 2608 3914 ipsum
2659 3815 3125 3892 Fidelitatibus
3198 3840 3470 3914 quoque

150 3922 426 3999 Vestris
495 3922 690 3996 hisee
740 3921 1301 4019 perscribendum
1379 3931 1584 4018 atque
1654 3919 2170 4017 significandum
2227 3944 2390 3995 esse
2461 3922 2803 4009 duximus,
2875 3931 3206 4017 quatenus
3268 3924 3468 4014 juxta

148 4026 653 4124 Praescriptum
703 4027 1147 4122 praeallegati
1206 4025 1323 4099 18.
1377 4025 1691 4115 Articuli,
1756 4048 1910 4098 cum
1962 4023 2271 4122 praefato
2324 4025 2719 4120 Regnorum
2778 4027 3182 4118 Dalmatiae,
3237 4025 3469 4100 Croa-

148 4135 289 4206 tiae
360 4142 432 4205 et
498 4130 915 4206 Sclavoniae
984 4130 1178 4204 Bano
1236 4129 1762 4204 Commissarios
1834 4130 1922 4203 ad
1995 4138 2455 4226 praenotatam
2513 4130 3083 4205 Commissionem
3154 4134 3467 4227 proxime

150 4236 636 4326 denomiueut3
709 4238 821 4331 qui
884 4245 1166 4331 accepta
1222 4258 1263 4307 a
1306 4238 1821 4331 praenominato
1873 4232 2138 4307 Comite
2189 4233 2557 4307 Patachich
2610 4234 2698 4307 de
2751 4245 3060 4331 tempore
3115 4258 3198 4307 ac
3250 4233 3467 4326 Loco,

146 4344 217 4414 in
272 4363 408 4437 quo
461 4339 801 4414 talismodi
856 4336 1197 4412 Comissio
1269 4348 1758 4427 reassumetur,
1829 4341 2092 4428 notitia,
2166 4360 2253 4411 eo
2307 4341 2588 4411 veniant
2639 4349 2709 4412 et
2761 4362 2856 4412 ex
2907 4349 3099 4435 parte
3154 4339 3464 4413 Sclave-

151 4448 309 4519 niae
365 4445 592 4518 eidem
646 4441 1127 4516 Commissioni
1178 4445 1513 4533 intersint,
1569 4466 1652 4515 ac
1695 4444 1892 4535 juxta
1946 4442 2443 4539 Praescriptum
2497 4443 2938 4538 praeallegati
2978 4442 3265 4516 Articuli
3319 4443 3468 4518 Sibi

144 4554 404 4647 pariter
479 4546 908 4622 incunbentia
989 4546 1350 4639 diligenter
1426 4556 1779 4643 peragant.
1892 4546 1969 4619 ln
2045 4547 2311 4642 reliquo
2365 4546 2827 4620 Fidelitatibus
2890 4547 3159 4623 Vestris
3233 4547 3465 4622 Gratia

142 4664 383 4729 nostra
436 4653 659 4746 Regia
729 4651 1022 4744 benigne
1077 4672 1161 4722 ac
1216 4651 1473 4744 jugiter
1544 4672 1927 4747 propensae
1982 4673 2356 4724 manemus.
2464 4651 2707 4724 Datum
2760 4655 2826 4724 in
2884 4650 3171 4725 Civitate
3225 4663 3460 4727 nostra

140 4758 412 4832 Vienna
470 4759 815 4845 Austriae,
897 4755 1007 4826 die
1077 4758 1412 4847 vigesima
1486 4759 1770 4851 septima
1822 4754 2084 4829 Mensis
2155 4753 2435 4851 Aprilis,
2506 4756 2711 4828 Anno
2766 4755 3036 4829 Domini
3097 4757 3459 4832 millesimo

140 4864 755 4959 septingentesimo
810 4859 1333 4956 quadragesimo
1390 4862 1642 4954 quinto.

457 5043 707 5118 Maria
761 5042 1153 5117 Therasia
1209 5066 1294 5115 m.
1349 5063 1412 5137 p.
1763 5143 2016 5218 Comes
2068 5145 2458 5220 Ludovicus
2512 5145 2600 5218 de
2649 5146 2986 5245 gamma„
3037 5172 3122 5221 m·
3177 5172 3242 5246 p,

2036 5309 2445 5386 Franciscus
2493 5307 2734 5386 Koller
2794 5336 2882 5385 m.
2937 5336 3000 5409 p.

2888 5520 3038 5595 52*
