3950 5917
548 421 700 497 376

547 632 1057 707 admoverimus
1113 654 1370 706 manus.
1476 631 1580 706 Ea
1627 640 1904 729 propter
1953 621 2320 706 universos
2373 633 2440 704 ά
2490 630 2799 725 singulos
2849 629 3088 703 horum
3125 630 3518 725 Regnorum
3565 643 3830 707 nostro-

548 758 695 810 rum
749 736 982 811 Status
1035 741 1100 809 dc
1151 736 1443 810 Ordines
1512 735 1749 808 harum
1819 738 2005 809 serie
2057 735 2277 828 Regia
2327 743 2560 807 nostra
2615 733 3010 808 adhortatur
3063 733 3463 826 Clementia,
3520 746 3831 831 quatenus

548 843 719 915 visis
773 849 886 914 aut
931 831 1305 933 jntellectis
1354 839 1630 933 ijsdem,
1682 838 2105 934 Homagialis
2157 837 2608 932 obligationis
2677 860 2848 910 suae
2901 860 3272 929 memores,
3339 838 3566 912 debita
3624 863 3830 934 quae-

549 948 659 1017 vis
712 943 935 1017 fidelia
991 943 1348 1040 obsequia,
1401 942 1627 1033 nobis,
1696 953 2016 1037 tanquam
2068 942 2373 1036 legitimo
2426 940 2604 1034 Regi
2657 945 2723 1015 dc
2772 940 3068 1017 Domino
3122 966 3249 1016 suo
3304 941 3832 1018 clementissimo

552 1053 677 1120 rite
727 1058 1087 1138 coronato,
1139 1057 1490 1145 praestare
1543 1052 1609 1120 Φ
1642 1045 1821 1119 haud
1874 1049 2118 1119 minori
2167 1068 2368 1140 quam
2420 1046 2678 1140 reliqua
2733 1044 2973 1138 Regna
3011 1049 3077 1118 dr
3120 1046 3519 1120 Prouinciae
3572 1058 3832 1121 nostrae

545 1153 1042 1225 haereditariae
1123 1152 1491 1225 deuotione
1577 1173 1875 1248 syncere
1946 1150 2420 1222 demonstrare
2491 1171 2575 1221 ac
2644 1147 2975 1222 exhibere
3048 1149 3380 1224 studeant.
3486 1149 3731 1226 Securi
3775 1154 3830 1223 in

544 1278 634 1329 eo
689 1259 1098 1345 existentes,
1151 1255 1333 1351 quod
1384 1278 1515 1328 nos
1584 1254 1846 1327 haecce
1897 1252 2141 1348 Regna
2196 1262 2428 1326 nostra
2482 1251 2874 1348 Omnesque
2925 1252 3317 1326 Eorundem
3386 1251 3629 1327 fideles
3682 1254 3832 1326 Sta·

542 1368 653 1433 tus
707 1363 772 1431 dc
823 1358 1118 1432 Ordines
1179 1363 1245 1432 in
1301 1362 1445 1434 suis
1514 1357 1815 1444 sufibus,
1893 1356 2307 1451 Priuilegijs
2387 1354 2834 1429 Libertatibus
2898 1360 2963 1428 dc
3022 1356 3586 1448 Jmmunitatibus,
3649 1359 3826 1450 juxta

544 1467 750 1535 etiam
803 1471 1286 1560 praealtactum
1341 1461 1704 1556 benignum
1760 1460 2070 1556 Diploma
2127 1470 2431 1534 nostrum
2483 1458 2772 1553 Regium
2827 1457 3424 1534 Assecuratorinm
3482 1463 3664 1558 ,ipsis
3707 1483 3832 1533 ex-

543 1566 904 1657 tradatum
973 1565 1225 1640 illibate
1294 1575 1365 1638 et
1432 1563 1912 1639 inviolabiliter
1980 1561 2502 1638 observabimus
2572 1569 2638 1636 dc
2691 1562 3046 1636 obseruari
3098 1564 3459 1644 faciemus
3538 1588 3628 1636 ac
3689 1564 3830 1637 nihil

545 1692 812 1760 eorum,
892 1693 1069 1766 quae
1140 1671 1227 1742 ad
1299 1668 1936 1755 Conseruationem‚
2015 1667 2514 1757 defensionem.
2599 1666 3089 1763 procurandam
3160 1667 3732 1765 Tranquillitatem
3778 1671 3834 1739 d:

545 1773 1091 1846 Emolumentum
1143 1772 1604 1870 praefatorum
1657 1772 2053 1867 Regnorum
2114 1783 2502 1846 nostrornm
2552 1775 2894 1867 pertinere
2947 1773 3660 1861 animadverterimus,
3723 1794 3829 1846 seu

544 1881 614 1949 in
671 1875 992 1950 Generali
1057 1877 1325 1968 Diaeta,
1396 1900 1593 1972 quam
1648 1876 1918 1949 aliunde
1968 1879 2278 1972 proxima
2335 1874 2797 1948 commodiori
2847 1874 3235 1948 Occasione
3307 1874 3667 1972 celebrare
3727 1879 3828 1948 in-

542 1981 909 2070 tendimus,
964 2003 1090 2056 sen
1144 1981 1313 2053 alias
1369 1985 1599 2065 etiam,
1658 1981 2213 2072 jntermittemuS,
2281 1978 2427 2051 lmo
2482 2000 2751 2052 omnem
2807 1990 3122 2051 conatum
3178 1983 3243 2051 dc
3291 2002 3576 2076 operam
3643 1983 3707 2053 in
3750 2001 3825 2051 eo

544 2083 926 2175 adhibituri,
977 2094 1050 2157 ut
1099 2087 1167 2156 in
1220 2083 1417 2157 nohis
1467 2083 2026 2179 benignissimum
2085 2084 2441 2157 Dominum
2497 2106 2581 2154 ac
2632 2083 2897 2175 Regem
2950 2085 3250 2178 experiri
3304 2084 3612 2173 valeant,
3653 2081 3825 2155 Nos-

541 2211 675 2285 que
729 2192 1024 2261 omnium
1078 2187 1492 2262 subditorum
1547 2198 1932 2262 nostrorum
2006 2191 2320 2282 optimam
2379 2187 2465 2262 de
2516 2185 2733 2258 Nobis
2795 2186 3360 2280 Expectationem
3414 2190 3472 2261 si
3527 2209 3669 2260 non
3717 2208 3828 2259 su-

540 2315 788 2388 perare
867 2303 975 2365 ast
1027 2303 1216 2366 certe
1287 2315 1585 2387 aequare
1656 2292 2068 2378 adnitemur,
2175 2288 2450 2364 Gratiae
2504 2294 2569 2362 dc
2622 2289 3041 2363 Clementiae
3093 2302 3374 2364 nostrae
3446 2289 3828 2365 Caesareo-

537 2394 805 2489 Regiae
857 2398 1075 2469 sinum
1130 2400 1383 2469 nemini
1435 2396 1860 2492 praeclusum
1917 2395 2254 2467 volentes.
2331 2393 2578 2466 Datum
2630 2397 2696 2465 in
2754 2393 3044 2466 Civitate
3096 2406 3331 2467 nostra
3374 2394 3646 2468 Vienna
3685 2393 3826 2465 Au-

541 2504 776 2592 striae,
848 2499 962 2573 die
1032 2500 1293 2572 decima
1350 2510 1582 2595 quarta
1655 2498 1912 2572 Mensis
1964 2497 2154 2590 Maji„
2223 2497 2429 2570 Anno
2469 2497 2751 2570 'Domini
2814 2496 3171 2570 millesimo
3230 2499 3828 2595 septingentesimo

542 2606 795 2699 quinto.
900 2603 1295 2697 Regnorum
1372 2614 1757 2675 nostrorum
1837 2601 2125 2674 Romani
2205 2602 2470 2686 decimo
2552 2613 2780 2696 sextQ
2851 2601 3242 2696 Hungariae
3322 2606 3387 2674 dc
3437 2604 3825 2698 reliquorum

541 2705 810 2779 decimo
867 2718 1135 2781 octauo.
1238 2706 1610 2780 Bohemiae
1665 2727 1838 2777 uero
1890 2708 2097 2779 Anno
2150 2709 2387 2802 primo.

954 2913 1359 3010 Josephus
1407 2937 1494 2985 m.
1552 2935 1615 3009 p.

2040 3115 2128 3207 (L
2225 3117 2342 3214 S.)

2575 3322 2826 3395 Paulus
2876 3320 3399 3419 Mednyanszky
3450 3345 3542 3395 m.
3599 3346 3663 3419 p.

2627 3528 2980 3604 Ladislaus
3033 3527 3374 3626 Hunyady
3426 3553 3516 3603 m.
3543 3519 3632 3627 ’μ

1978 3804 2053 3867 In
2095 3805 2381 3886 uaryine
2396 3829 2418 3867 .·

539 4113 614 4172 et
665 4100 755 4176 ad
805 4101 1213 4177 seruandam
1264 4100 1562 4176 Vestrae
1601 4098 1943 4174 Maiestati
1995 4101 2518 4176 sacratissimae
2573 4100 2962 4176 fidelitatem
3016 4102 3424 4178 adhortatur.

481 4405 489 4412 .
534 4355 680 4427 οπως.
742 4313 805 4409 ἰι
837 4354 1068 4410 Areum
1101 4353 1271 4427 negat
1305 4352 1563 4410 omna-0.
1598 4354 1730 4408 Aa·
1764 4351 1937 4425 neg-i
1967 4352 2402 4425 Congregnuonin
2437 4371 2486 4409 ι.
2519 4356 2673 4414 17⁰5.
2701 4353 2790 4410 nr.
2825 4355 2875 4409 3.
