3950 5917
3269 383 3434 464 43⁷

116 613 225 667 ex
293 595 443 690 ipsa
498 593 701 668 etiam
752 589 1051 665 Dubicza
1107 591 1455 670 Beneficia
1528 589 1935 669 Confiniaria
1991 616 2114 689 pro
2170 590 2522 668 Coucursu
2573 592 3003 668 Exolutionis
3064 594 3430 688 regulatae

124 707 290 771 actu
338 695 619 769 Militiae
668 696 942 770 Banalis
994 695 1218 792 Regni
1269 694 1721 772 Continiariae
1789 697 2318 793 applicabuntur,
2389 702 2478 770 ita
2533 719 2573 769 e
2629 706 2893 786 contra,
2963 700 3059 769 uti
3126 700 3214 770 in·
3266 697 3439 789 aliis.

125 798 487 898 ConliniJs,
540 803 744 873 etiam
779 803 846 873 in
881 793 1295 874 Dubiczensi
1340 799 1648 874 Confinio
1704 799 2123 875 Officialibus
2173 801 2512 875 Habitatio
2567 823 2693 875 seu
2747 799 3129 889 Quarteria,
3199 800 3428 891 Horti,

126 904 764 1000 Faenum,.Avena
834 914 904 976 et
951 901 1299 992 Triticum,
1368 915 1728 1001 praeterea
1779 903 2141 1000 Expeditio
2193 905 2642 995 Passualium,
2712 927 2844 977 nec
2911 927 3048 978 non
3110 903 3427 998 Lignatio

125 1018 613 1104 permaneant3
681 1008 904 1101 quoad
975 1007 1107 1080 boc
1179 1008 1474 1080 ultimum
1554 1018 1847 1081 attamen
1917 1012 2274 1103 repetitum
2336 1007 2800 1103 Zagrabiense
2855 1006 3228 1105 Capitulum
3302 1012 3423 1080 vi-

124 1113 339 1205 gilem
380 1110 623 1185 Curam
677 1108 1039 1200 adhibebit,
1092 1134 1181 1184 ne
1233 1111 1522 1208 Sylvae,
1575 1110 1660 1183 ad
1696 1109 2065 1185 Dubiczam
2120 1121 2511 1208 spectantes
2559 1121 2628 1184 et
2679 1136 2853 1207 quae
2907 1116 2974 1184 in
3026 1110 3206 1184 bono
3245 1122 3426 1185 statu

124 1215 821 1302 existere-dicuntur,
901 1236 1173 1310 quoquo
1226 1215 1430 1288 modo
1484 1214 1945 1289 devastentur.
2054 1215 2127 1287 ln
2179 1238 2431 1288 novum
2487 1237 2692 1310 porro
2735 1225 2936 1311 atque
2983 1218 3428 1310 conspicuum

128 1318 401 1412 Regiae
456 1317 871 1391 Clementiae
924 1329 1227 1406 nostrae,
1298 1341 1428 1414 qua
1485 1318 1723 1391 fideles
1795 1322 2229 1415 repetitarum
2285 1318 2678 1412 Regnorum
2748 1329 3135 1391 nostrorum
3189 1317 3430 1392 Status

128 1432 201 1494 et
274 1421 568 1495 Ordines
638 1415 1131 1517 prosequimur,
1199 1421 1712 1512 Testimonium,
1783 1421 2008 1517 quoad
2063 1425 2276 1517 ipsam
2350 1427 2550 1494 etiam
2624 1423 2908 1498 mediam
2978 1423 3430 1497 Tricesimam

127 1527 369 1617 (cuius
421 1525 767 1598 Articulus
822 1525 1433 1621 Quinquagesimus
1489 1536 1763 1620 quartus
1836 1530 2256 1600 novissimae
2307 1525 2594 1599 Diaetae
2649 1529 3013 1618 meminit),
3093 1531 3158 1597 in
3216 1526 3428 1618 adju-

124 1632 377 1703 torium
429 1638 868 1723 praenotatae
919 1628 1346 1703 Exolutionis
1397 1627 1673 1704 Militiae
1726 1630 1924 1721 hujus
1975 1630 2250 1703 Banalis
2297 1629 2521 1724 Regni
2558 1627 3010 1702 Confiniariae
3064 1630 3426 1725 applican-

126 1733 318 1823 dam,
369 1754 492 1827 pro
547 1733 826 1828 speciali
881 1736 1155 1806 omnino
1234 1733 1678 1806 antelatorum
1735 1732 2027 1806 fidelium
2081 1734 2385 1806 Statuum
2441 1744 2510 1805 et
2562 1732 2880 1818 Ordinum
2939 1729 3432 1806 Consolatione

124 1847 507 1932 opportuna
566 1835 896 1909 Gamerae
965 1847 1243 1910 nostrae
1311 1837 1576 1931 Regiae
1627 1837 2356 1932 Hungarico-Aulicae
2429 1859 2551 1909 sua
2623 1841 2735 1909 via
2789 1825 3103 1909 Mandata
3185 1846 3428 1910 trans-

128 1945 496 2020 mittemus.
603 1942 816 2027 Quam
886 1941 1296 2034 peculiarem
1353 1941 1648 2014 Gratiam
1711 1950 2014 2014 nostram
2070 1938 2755 2035 Caesareo-Regiam
2828 1940 3110 2014 eosdem
3183 1940 3432 2013 fideles

126 2043 367 2117 Status
420 2055 489 2116 et
540 2035 832 2117 Ordines
887 2042 1410 2120 subntississima
1468 2045 1865 2117 Animorum
1922 2067 2197 2117 suorum
2248 2043 2654 2139 gratitudine
2711 2053 2899 2116 tanto
2950 2048 3169 2138 magis
3223 2048 3434 2140 equi-

126 2146 289 2219 dem
362 2157 811 2220 veneraturos
890 2147 1262 2233 clementer
1333 2147 1755 2235 confidimus,
1828 2170 1961 2243 quo
2032 2147 2279 2220 lisdem
2334 2170 2588 2241 graves
2644 2151 2917 2219 omnino
2989 2158 3088 2220 tot
3153 2157 3434 2242 tamque

127 2250 596 2324 diuturnorum
655 2250 988 2323 Bellorum
1025 2251 1345 2344 injuriis,
1420 2255 1539 2323 vix
1584 2275 1720 2324 non
1758 2255 2065 2346 poenitus
2121 2251 2433 2324 exhausti
2484 2251 2755 2342 Aerarij
2815 2255 3026 2323 nostri
3082 2250 3432 2324 Necessi-

126 2364 310 2427 tates
366 2359 591 2450 utique
646 2357 844 2427 etiam
905 2365 1308 2451 perspectae
1363 2359 1679 2428 existunt.
1782 2355 1858 2430 In
1910 2358 2151 2428 merito
2226 2365 2512 2427 autem
2586 2365 3036 2427 exaratae
3108 2355 3434 2427 Incor-

126 2461 662 2555 potationis
716 2456 930 2530 Loci
982 2456 1300 2548 Petrinia,
1372 2458 1458 2530 ad
1516 2458 1993 2532 Generalatum
2047 2458 2580 2530 Varasdiensem
2635 2457 2722 2529 de
2788 2456 2972 2530 facto
3028 2463 3436 2554 spectantis,

124 2565 345 2657 quive
397 2561 622 2635 Locus
683 2581 804 2659 pro
862 2562 1420 2635 accomodatione
1474 2563 1925 2658 Supellectilis
1962 2561 2268 2635 Militaris
2321 2562 2671 2655 regulatae
2724 2560 2921 2653 hujus
2958 2561 3234 2634 Militiae
3281 2563 3438 2634 Ba-

128 2666 310 2744 nalis
383 2663 835 2739 Confiniariae
909 2678 1282 2761 opportune
1325 2666 1769 2755 deserviret,
1849 2666 2058 2737 Facta
2129 2669 2409 2763 praevie
2482 2670 2648 2738 situs
2722 2676 2791 2734 et
2841 2665 3194 2752 Qualitatis
3268 2666 3438 2740 Loci

128 2768 446 2862 ejusdem
499 2770 1076 2861 investigatione,
1139 2781 1556 2865 acceptaque
1610 2770 1971 2867 superinde
2007 2774 2302 2862 genuina
2358 2778 2427 2841 et
2479 2771 3026 2841 circumstantiali
3079 2767 3435 2841 Informa-

128 2877 379 2960 tione,
422 2872 543 2945 sed
618 2883 686 2945 et
754 2876 898 2969 ipsa
963 2872 1228 2946 demum
1284 2871 1819 2947 Convenientiae
1889 2877 2151 2948 ratione
2206 2883 2483 2962 attenta,
2554 2871 2685 2945 boc
2740 2876 2941 2945 etiam
2993 2896 3200 2968 passu
3256 2871 3434 2945 Cle—

129 2981 454 3062 mentiam
527 2985 823 3050 nostram
898 2975 1582 3069 Caesareo-Regiam
1656 3000 1777 3073 pro
1850 2980 1951 3048 rei
2023 2976 2466 3073 poss1bilitate
2548 2980 2891 3071 experturi
2965 2987 3119 3049 sunt
3187 2975 3436 3050 fideles

124 3079 586 3153 antefatarum
641 3080 1031 3172 Regnorum
1096 3093 1478 3154 nostrorum
1533 3081 1763 3153 Status
1819 3092 1887 3152 et
1940 3080 2251 3153 Ordines».
2322 3080 2569 3152 Iisdem
2633 3103 2838 3174 porro
2895 3079 3206 3154 fidelibus
3261 3083 3439 3154 Sta-

132 3182 316 3256 tibus
371 3196 441 3255 et
494 3183 852 3257 Ordinibus
924 3183 1291 3257 fovendam
1347 3189 1579 3256 intuitu
1635 3183 2003 3257 desiderati
2056 3183 2435 3254 animalium
2492 3183 2762 3270 Pascui,
2844 3207 2936 3255 ex
2990 3197 3178 3279 parte
3235 3183 3434 3256 Con-

128 3286 272 3379 finij
332 3289 1009 3376 Jeszenoviczensis,
1061 3312 1217 3359 cum
1267 3291 1473 3360 vicini
1512 3286 1906 3358 Gradiscani
1946 3285 2233 3378 Confinij
2268 3286 2798 3360 Commendante
2852 3287 3098 3358 bonam
3155 3297 3223 3359 et
3271 3310 3436 3357 mu-

128 3401 319 3463 tuam
393 3389 1026 3486 Cointelligentiam,
1108 3390 1668 3486 quemadmodum
1741 3400 1810 3463 et
1880 3391 2062 3462 dicto
2118 3388 2402 3481 Confinij
2465 3389 2865 3462 Gradiscani
2917 3387 3440 3463 Commendanti

128 3495 424 3589 idipsum
477 3509 601 3591 per
637 3494 1003 3568 Consilium
1058 3505 1360 3567 nostrum
1395 3493 1619 3566 Aulae
1658 3493 1982 3566 Bellicum
2037 3492 2466 3577 intimabitur,
2519 3492 2815 3585 benigne
2874 3495 3061 3566 hisce
3112 3497 3438 3564 commit-

130 3609 386 3671 tentes.
440 3599 545 3672 De
581 3600 839 3695 reliquo
896 3603 961 3670 in
1016 3608 1259 3694 puncto
1311 3597 1665 3693 regulaudi
1719 3608 1788 3671 et
1822 3594 2202 3671 stabiliendi
2255 3600 2321 3668 in
2376 3596 2744 3691 praelibato
2802 3618 3073 3691 quoque
3119 3595 3442 3669 Croatiae

130 3700 401 3797 Regno
441 3701 806 3794 Comercij,
886 3702 1181 3792 benigne
1255 3706 1527 3776 omnino
1601 3701 2009 3790 curabimus,
2061 3712 2131 3774 ut
2166 3701 2387 3772 iidem
2440 3697 2681 3771 fideles
2736 3699 2964 3771 Status
3020 3711 3088 3772 et
3142 3699 3441 3773 Ordines

130 3805 272 3878 hoc
343 3809 541 3879 etiam
599 3810 665 3878 in
719 3830 959 3903 passu.
1034 3818 1101 3878 et
1154 3805 1239 3878 ad
1294 3805 1605 3878 effectum
1662 3805 1909 3878 conditi
1966 3815 2248 3878 eatenus
2302 3807 2369 3877 in
2423 3807 2797 3876 novissima
2851 3803 3092 3876 Diaeta
3117 3785 3440 3878 Articuli

127 3914 459 4005 vigesimi
509 3914 800 4006 septimi,
864 3921 1157 4005 optatam
1211 3913 1583 4005 proximius
1637 3919 2141 4004 consequantur
2195 3906 2770 3981 Consolationem.
2850 3905 3442 3993 Quemadmodum

130 4036 349 4111 porro
402 4013 489 4086 ad
542 4012 1018 4087 praefecturas
1070 4014 1422 4099 Militares,
1486 4011 1869 4109 suprafatos
1924 4011 2458 4085 Varasdiensem
2513 4022 2584 4084 et
2620 4010 3242 4086 Carlostadiensem
3284 4012 3444 4085 Ge-

131 4118 484 4191 neralatus
556 4122 1026 4214 respicientes,
1099 4128 1468 4214 opportuna
1543 4140 1762 4213 eaque
1834 4120 2016 4188 seria
2087 4115 2401 4189 Mandata
2455 4115 2583 4188 Via
2640 4116 2918 4209 Consilij
2998 4120 3208 4189 nostri
3275 4118 3442 4188 Au-

132 4221 250 4293 lae
305 4221 538 4294 Bellici
594 4222 902 4317 expediri
953 4221 1311 4312 faciemuS,
1367 4244 1454 4294 ne
1507 4221 1684 4293 ullos
1736 4217 2079 4314 Profugos
2133 4231 2203 4294 et
2254 4223 2403 4293 sine
2458 4219 2698 4293 debitis
2747 4218 3180 4294 Passualibus
3220 4219 3446 4293 ober-

128 4335 372 4404 rantes
426 4323 731 4399 subditos
787 4325 910 4398 sub
956 4331 1154 4420 gravi
1209 4349 1414 4399 secus
1466 4323 1872 4398 incurrenda
1906 4324 2530 4397 Animadversione
2581 4327 2935 4420 recipiant,
2989 4327 3210 4397 minus
3266 4346 3446 4419 pro-

130 4439 402 4526 tegant,
476 4453 713 4502 verum
767 4441 1153 4524 compertos
1226 4430 1493 4502 demum
1564 4432 1878 4525 proximo
1936 4426 2230 4504 Officiali
2284 4424 2725 4500 Comitatensi
2794 4430 3159 4516 insinuent,
3235 4438 3445 4523 atque

128 4556 307 4616 mox
360 4532 469 4605 ubi
522 4534 694 4606 tales
750 4537 1015 4631 repetiti
1067 4531 1339 4624 fuerint,
1411 4533 1819 4607 Provinciali
1871 4532 2332 4605 Jurisdictioni
2385 4534 2722 4622 resignari
2775 4530 3052 4620 saciant,
3119 4536 3442 4627 quonian

120 4636 384 4717 eadem
439 4643 530 4711 sit
576 4641 873 4733 ipsorum
926 4636 1309 4709 Militarium
1365 4660 1459 4709 ex
1511 4638 1707 4710 dictis
1759 4633 2276 4709 Generalatibus
2331 4636 2414 4707 ad
2470 4634 2969 4708 Provincialem
3025 4635 3245 4731 Regni
3298 4636 3440 4708 Ju-

132 4739 603 4813 risdictionem
673 4739 1204 4833 Profugientium
1277 4744 1473 4816 ratio.
1548 4739 1848 4833 benigne
1919 4743 2196 4813 omnino
2250 4749 2451 4834 atque
2505 4743 2688 4812 serio
2742 4739 3105 4811 volumus:
3211 4738 3316 4812 Ne
3370 4751 3444 4818 et

128 4845 208 4916 hi
263 4842 586 4918 Militares
655 4849 721 4917 in
777 4846 968 4917 Statu
1022 4845 1244 4939 Regni
1297 4843 1706 4917 Provinciali
1786 4847 2196 4940 recipiantur
2265 4853 2333 4915 et
2383 4853 2848 4938 protegantur,
2916 4865 3160 4915 verum
3232 4867 3442 4916 com-

139 4950 320 5042 perti
370 4953 684 5046 proximo
737 4947 1028 5022 Officiali
1079 4948 1345 5021 Militari
1399 4970 1621 5042 aeque
1689 4950 2138 5032 insinuentur,
2209 4956 2279 5018 et
2331 4951 2705 5041 praemissa
2762 4946 3189 5044 Repetitione
3254 4947 3444 5019 indi-

134 5053 281 5124 late
346 5057 798 5126 restituantur.
901 5049 1405 5126 Venerabunde
1474 5051 1742 5124 demum
1813 5053 2291 5145 recognituros
2363 5055 2637 5124 omnino
2708 5049 3108 5125 confidimus
3178 5052 3448 5148 praeli-

132 5155 339 5229 batos
394 5156 633 5231 fideles
689 5167 1084 5231 attactorum
1137 5156 1532 5249 Regnorum
1607 5164 1991 5229 nostrorum
2045 5154 2279 5227 Status
2332 5164 2402 5227 et
2452 5153 2772 5243 Ordines,
2845 5153 3024 5249 quod
3078 5165 3233 5227 actu
3296 5156 3448 5247 jau

126 5258 448 5333 ordinata
505 5269 575 5334 et
643 5261 963 5334 effective
1032 5259 1431 5334 considente
1486 5259 1695 5332 mixta
1750 5257 2278 5346 Commissione,
2358 5280 2480 5353 pro
2535 5257 2985 5352 disquirendis
3054 5258 3448 5354 multifariis
3511 5321 3522 5346 ,

126 5364 271 5438 illis
322 5368 502 5438 inter
551 5364 878 5440 Militares
929 5365 1259 5440 dictorum
1297 5360 1826 5438 Varasdinensis
1871 5371 1941 5437 et
1976 5360 2547 5438 Carlostadiensis
2613 5360 3134 5440 Generalatuum
3190 5386 3275 5435 ac
3325 5367 3461 5461 ip·—
