3950 5917
3305 414 3482 499 48⁶

1706 922 1715 931 ¹
1769 937 1901 1023 0..

1196 1278 1265 1287 ··
1378 1253 1587 1327 Am
1646 1200 2208 1417 issi—wsiss
2307 1200 2316 1209 ⁹
2437 1304 2446 1315 ,

146 1534 651 1640 Superius
729 1532 1423 1642 Privilegium‚
1482 1510 1850 1659 Regno
1931 1510 2375 1617 Croatiae
2471 1559 2512 1612 a
2563 1528 3114 1655 Ludovico
3193 1528 3469 1639 Rege

146 1696 419 1755 anno
488 1671 725 1754 1359
821 1672 1175 1779 datum,
1236 1698 1304 1757 a.
1394 1671 1628 1757 1364
1712 1675 2415 1778 confirmatur,
2507 1681 2805 1811 atque
2889 1696 2931 1751 a
3016 1669 3476 1776 capitulo

953 1786 1460 1893 Casmensi
1555 1838 1620 1893 a.
1706 1804 2740 1893 1391transsumitur.

478 2082 633 2158 Nos
685 2081 1062 2180 Capitulum
1111 2081 1433 2159 Ecclesie
1470 2081 1961 2179 Zagrabiensis
2013 2085 2348 2159 memorie
2400 2080 2961 2158 commendantes
3007 2092 3253 2156 tenore
3304 2102 3477 2178 pre-

148 2190 464 2266 antium
515 2186 981 2282 significamus
1033 2186 1275 2284 quibus
1328 2188 1609 2284 expedit
1657 2191 2040 2263 universis:
2117 2189 2300 2285 quod
2352 2209 2532 2262 auno
2583 2187 2859 2262 Domini
2908 2186 3268 2277 millesimo
3319 2194 3478 2260 tre·-

156 2293 559 2368 centesimo
628 2294 1080 2385 nonagesimo
1150 2295 1394 2387 primo,
1473 2290 1648 2366 feria
1717 2301 1918 2366 sexta
1987 2295 2300 2388 proxima
2367 2301 2528 2388 post
2600 2289 2852 2366 festum
2920 2293 3217 2364 omnium
3267 2286 3478 2365 Sne

156 2406 433 2472 ctornm
507 2398 825 2492 proxime
901 2398 1322 2491 preteritum,
1399 2394 1649 2472 Paulus
1726 2395 1904 2471 filius
1979 2396 2266 2471 Andree
2345 2396 2433 2469 de
2509 2392 2934 2469 Bliznafsfeu
3012 2393 3099 2468 ad
3174 2403 3479 2469 nostram

164 2499 635 2600 personaliter
707 2498 1053 2573 veniendo
1131 2503 1572 2596 presentiam,
1652 2498 1956 2574 exhibuit
2030 2509 2104 2573 et
2151 2502 2576 2596 presentavit
2640 2496 2841 2573 nobis
2909 2496 3235 2595 quasdam
3285 2498 3477 2572 litte-

28 2648 29 2715 Ν
157 2626 277 2680 ras
342 2603 828 2702 privilegiales
881 2602 1322 2679 Serenissimi
1370 2603 1703 2727 Principis
1751 2604 2028 2678 Domini
2077 2604 2352 2679 Domini
2398 2602 2734 2677 Lodovici
2784 2603 2944 2676 olim
2995 2602 3213 2696 Regis
3274 2601 3478 2676 Hun-

28 2718 29 2809 }
152 2710 354 2805 gai-ie
412 2706 647 2782 felicis
716 2715 788 2780 et
855 2707 1261 2783 excellentis
1340 2709 1699 2800 memorie,
1777 2705 2043 2783 duobus
2123 2708 2381 2803 Sigillis
2442 2710 2613 2796 suis,
2681 2705 3007 2780 videlicet
3083 2707 3357 2802 antiquo
3409 2708 3482 2779 in

28 2852 29 2859 κ
156 2811 427 2886 Bomia
507 2809 893 2907 deperdito,
972 2821 1045 2885 et
1110 2833 1296 2886 nouo
1374 2820 1536 2908 post
1609 2811 1747 2886 boc
1814 2821 2163 2909 reparato,
2239 2815 2312 2886 ιιι
2362 2811 2685 2908 pendenti
2758 2813 2949 2885 veris
3003 2819 3074 2883 et
3123 2811 3479 2885 autenticis

164 2918 378 3012 ipsius
453 2913 723 3010 Sigillis
792 2915 1127 3011 sigillatas
1145 2967 1169 3008 .,
1247 2918 1320 2988 in
1387 2925 1766 3012 muci-eque
1837 2915 2216 2990 earundem
2287 2938 2423 2990 nec
2499 2913 2748 3011 ubique
2824 2917 3098 2987 vitiatas
3116 2966 3142 3007 ‚
3218 2915 3479 2988 tenoris

163 3018 616 3116 infr-ascripti,
692 3041 850 3091 cum
923 3019 1038 3093 illa
1116 3018 1461 3094 clausula:
1540 3018 1632 3093 ad
1702 3029 2102 3117 perpetuam
2169 3023 2275 3094 rei
2341 3021 2741 3093 memoriam
2818 3028 2951 3092 etc.
3027 3028 3271 3114 petens
3348 3038 3480 3093 nos

166 3144 313 3197 cun
388 3123 750 3214 meantia,
818 3132 895 3195 ut
948 3126 1141 3220 ipsas
1208 3123 1468 3200 litteras
1547 3122 1635 3198 de
1710 3123 1932 3199 verbo
2011 3123 2102 3199 ad
2148 3121 2440 3199 verbum
2506 3121 2904 3199 transscribi
2971 3120 3364 3196 faceremus
3412 3129 3485 3196 et

172 3227 251 3301 ad
290 3229 772 3302 testimonium
821 3236 896 3299 et
945 3225 1151 3300 iidem
1222 3225 1703 3320 firmissimam,
1783 3227 2009 3324 quoad
2075 3236 2388 3301 tenorem
2468 3225 2866 3318 earundem,
2937 3224 3179 3321 Sigillo
3243 3234 3482 3301 nostro

170 3335 769 3426 cusignaremus.
856 3328 1070 3425 Cujus
1117 3352 1247 3407 nos
1298 3328 1759 3428 petitionibus,
1819 3340 2052 3427 utpote
2095 3333 2303 3425 justis
2372 3340 2445 3404 et
2485 3331 2628 3424 juri
2678 3333 3005 3405 consonis
3076 3338 3481 3420 annuentes,

160 3435 637 3533 pullegatas
709 3435 972 3509 litteras
1038 3432 1239 3509 nobis
1296 3444 1730 3531 presentatus
1797 3457 2011 3511 veras
2079 3432 2563 3532 approbantes,
2632 3434 2915 3510 easdem
2984 3433 3073 3506 de
3118 3429 3339 3507 verbo
3391 3431 3483 3509 ad

158 3537 461 3615 verbum
514 3537 919 3615 transscribi
983 3536 1303 3630 fecimus,
1372 3549 1445 3613 et
1508 3539 1713 3633 sigilli
1778 3542 1998 3615 nostri
2066 3539 2437 3614 authentici
2504 3540 2928 3630 communiri,
2997 3539 3070 3611 in
3135 3535 3340 3610 tidem
3410 3545 3483 3610 et

158 3646 635 3719 testimonium
704 3646 1003 3717 omnium
1089 3641 1694 3740 infrascriptarum.
1801 3643 2102 3733 Quarum
2178 3643 2452 3740 quidem
2517 3643 2893 3716 litterarum
2960 3641 3481 3738 privilegialium

158 3755 369 3823 tenor
426 3750 760 3843 sequitur,
813 3756 887 3820 et
936 3757 1046 3821 est
1094 3746 1296 3821 talis:
1401 3746 1795 3823 Lodovicus
1845 3747 1980 3822 Dei
2027 3752 2249 3841 gratia
2299 3748 2677 3845 Hungarie,
2744 3746 3110 3839 Dalmatis,
3177 3742 3480 3836 Oroatis,

163 3849 420 3941 Bane,
473 3850 726 3924 Servio
779 3848 1091 3936 Gallicis,
1143 3848 1581 3944 Lodomerie‚
1639 3848 1995 3941 Comanie,
2046 3851 2502 3949 Bulgarieque
2543 3852 2728 3943 Rex,
2781 3850 3109 3947 Princeps
3161 3847 3479 3924 Salerni·-

160 3964 403 4045 unns,
457 3963 531 4029 et
578 3954 880 4031 Honoris
928 3952 1183 4029 Montis
1235 3954 1472 4029 Sancti
1520 3954 1777 4051 Angeli
1826 3956 2188 4046 Dominus,
2256 3955 2568 4029 omnibus
2622 3953 2874 4030 Christi
2932 3952 3272 4042 fidelibus,
3338 3961 3480 4025 tan

158 4059 641 4158 presentibus,
695 4081 899 4155 quam
950 4057 1193 4133 futuris
1242 4062 1659 4154 presentium
1710 4063 1966 4134 notiam
2019 4057 2344 4133 habituris
2398 4058 2686 4132 salutem
2737 4061 2807 4131 in
2861 4058 3161 4130 omnium
3212 4053 3476 4129 Salva-

162 4173 347 4239 tore.
404 4162 707 4236 Proinde
755 4162 841 4236 ad
890 4166 1367 4237 universorum
1417 4166 1725 4236 notitiam
1772 4163 2007 4236 harum
2063 4164 2247 4237 serie
2296 4163 2613 4237 volumus
2664 4162 3059 4258 pervenire,
3110 4159 3292 4255 quod
3340 4180 3476 4234 nos

160 4268 259 4341 dc
312 4276 499 4343 statu
556 4268 974 4362 tranquilieri
1041 4265 1337 4341 fidelium
1414 4278 1804 4342 nostrorum
1871 4264 2194 4341 nobilium
2269 4265 2598 4340 videlicet
2663 4276 2736 4340 et
2786 4264 3072 4338 aliorum
3142 4286 3479 4359 quorum-

166 4370 339 4446 tibet
394 4370 742 4444 bominum
794 4374 865 4444 in
898 4392 1117 4466 regno
1157 4380 1396 4446 nostro
1432 4370 1805 4446 Sclavonie
1857 4372 2295 4445 existentium
2344 4368 2817 4466 providentes,
2868 4367 3254 4441 huiusmodi
3303 4390 3478 4462 gra·-

164 4481 338 4551 ιιιιι
426 4475 691 4551 eisdem
772 4473 1088 4551 duximus
1165 4474 1682 4550 concedendam
1733 4497 1861 4550 seu
1908 4473 2325 4567 faciendam,
2376 4484 2452 4548 ut
2494 4473 2717 4549 nullus
2787 4474 3063 4546 omnino
3134 4471 3480 4546 bominum

164 4585 371 4677 ipsos
426 4582 499 4651 in
555 4578 827 4653 Curiam
875 4588 1208 4671 nostram,
1277 4579 1398 4652 vel
1446 4583 1517 4653 in
1571 4580 1948 4675 aliquorum
2001 4580 2205 4652 alium
2254 4578 2568 4652 Judicum
2635 4586 3147 4666 extraneorum,
3202 4598 3297 4650 ex
3345 4578 3478 4651 ista

169 4693 374 4781 purte
430 4681 622 4757 fluvii
662 4683 899 4756 Drave
951 4685 1413 4805 existentium,
1490 4686 1903 4780 presentiam
1966 4687 2181 4756 citare
2229 4683 2487 4771 valeat,
2541 4691 2657 4755 aut
2707 4678 2954 4754 alicubi
3004 4701 3121 4753 res
3175 4690 3247 4754 et
3295 4677 3480 4755 bona

166 4786 563 4861 eorundem
634 4785 1023 4882 prohibere,
1095 4785 1222 4884 sed
1290 4790 1355 4862 si
1422 4790 1535 4883 qui
1580 4810 1734 4859 cum
1797 4786 2061 4862 eisdem
2129 4790 2326 4881 regni
2378 4786 2751 4859 Sclavonie
2819 4782 3204 4860 hominibus
3274 4788 3478 4882 quic—-

170 4914 375 4988 qam
437 4889 647 4964 babet
697 4892 1012 4982 actionis,
1065 4894 1135 4964 in
1178 4875 1523 4987 presentia
1545 4890 1715 4964 Bani
1767 4893 1982 4987 ipsius
2033 4895 2232 4984 regni
2265 4889 2663 4979 Sclavenie,
2716 4887 2838 4961 vel
2885 4892 3082 4963 vices
3135 4892 3285 4963 eius
3335 4909 3478 4981 ge·-

172 5001 417 5085 rantis,
490 4995 796 5089 legitime
849 5005 1260 5092 exequatur3
1333 5003 1404 5067 et
1450 4998 1515 5071 si
1561 4998 1632 5068 in
1683 4994 1950 5068 Judicio
2003 4998 2217 5090 ipsius
2266 4993 2463 5083 Beni,
2531 4992 2650 5066 vel
2701 4995 2900 5067 vices
2968 4996 3118 5067 eius
3167 4992 3479 5086 gerentis

175 5099 416 5198 aliquis
472 5100 964 5222 querulantium
996 5102 1402 5195 suspicatus
1453 5097 1679 5190 fuerin
1734 5121 1867 5171 nec
1920 5107 2278 5172 contentus
2330 5119 2493 5171 esse
2543 5096 2866 5187 voluerit,
2919 5106 3173 5169 extunc
3223 5095 3478 5168 seriem

174 5202 421 5280 ludicii
474 5225 605 5301 per
650 5207 879 5301 ipsum
923 5203 1211 5295 Bonum,
1278 5203 1398 5277 vel
1448 5207 1644 5276 vices
1699 5207 1846 5277 eius
1900 5212 2255 5297 gerentem
2307 5201 2496 5293 facti,
2560 5204 2626 5274 in
2682 5212 2979 5275 nostram
3035 5207 3106 5271 et
3153 5196 3475 5271 Prelato-

178 5329 317 5383 m
369 5332 465 5383 ac
514 5306 863 5383 Beronum
941 5317 1333 5383 nostrorum
1384 5311 1821 5403 presentiam,
1902 5312 1969 5380 in
2025 5304 2291 5379 Curiam
2374 5316 2678 5379 nostram
2753 5302 3197 5376 transducere
3248 5302 3483 5376 valeat

184 5422 378 5513 atque
428 5416 661 5514 possit
711 5433 845 5512 pro
897 5410 1386 5503 deliberatione
1439 5409 1663 5487 fienda
1717 5433 1922 5509 super
1969 5409 2237 5485 Judicio
2310 5404 2871 5507 prenotato.1n
2922 5410 3113 5482 cuius
3164 5410 3272 5485 rei
3319 5429 3492 5509 nic-1
