3950 5917
529 435 685 514 280

834 663 849 702 ι
1703 642 2321 709 lntitulationis
2383 650 2660 709 tenor:

838 809 1298 903 Reuerendis‚
1367 808 1776 906 Magnificis,
1852 808 2405 901 venerabilibus,
2477 810 2841 906 Egregiis,
2920 809 3307 902 Nobilibus,
3385 809 3798 886 Prudentibus

528 913 1204 1096 512>ssng
1267 912 1612 990 Fidelibus
1663 913 1865 989 nobis
1919 914 2214 1008 dilectis,
2293 917 2636 994 uniuersis
2691 911 2993 990 statibus
3047 924 3120 989 et
3169 911 3528 990 Ordinibus
3598 913 3794 1011 Regni

1294 1221 1616 1305 (Statana
1661 1220 1924 1303 Reqium
1969 1225 2040 1286 in
2077 1224 2388 1310 ‘aea-ion·
2425 1222 2598 1303 [acie
2637 1229 3065 1306 apprensum.)

516 1446 663 1519 θήρ.
696 1447 751 1499 in
786 1445 1016 1501 Atel-ivo
1052 1446 1220 1516 Regni
1256 1444 1512 1502 Οῑοιϋιο.
1564 1444 1705 1499 Ρτὶν.
1736 1443 1800 1499 N.
1838 1444 1960 1499 13⁰.

1922 1993 2426 2081 excul.

1448 2284 1656 2357 Anno
1707 2281 1748 2356 1
1759 2281 1870 2356 56
1877 2281 1947 2357 7.
2002 2284 2117 2355 dio
2173 2281 2301 2355 29.
2334 2282 2527 2355 Iulii.
2584 2283 2895 2355 Paeonii.

512 2548 1248 2628 maximilianus
1311 2546 1515 2627 Rex
1574 2546 2090 2652 Vicebani‚
2170 2544 2963 2651 Prothonotarii‚
3025 2543 3802 2649 Viceprotbono-

513 2692 783 2793 tatii,
846 2686 1569 2768 vicecomitum
1634 2697 1725 2765 et
1783 2683 2232 2768 Judicum
2302 2682 2796 2764 Nobilium
2876 2681 3195 2790 Regni
3287 2683 3805 2762 Slavoniae

513 2826 765 2906 bona
827 2823 1358 2905 secundum
1441 2824 2280 2904 consvetudinem
2344 2835 2433 2904 et
2493 2824 2819 2930 legem
2903 2822 3345 2928 ejusdem
3410 2819 3712 2927 Regni
3765 2843 3800 2895 a

636 2988 1005 3043 census
1069 2975 1164 3043 et
1223 2974 1506 3044 taxae
1567 2963 2044 3069 publicae
2105 2964 2599 3042 solutione
2659 2966 3109 3042 immunia
3174 2986 3414 3042 esse
3476 2961 3699 3040 vult.

822 3232 1325 3308 Maximilianus
1372 3232 1758 3324 Secundus,
1811 3234 1946 3308 Dei
1987 3233 2233 3307 Gracia
2284 3232 2565 3308 Electus
2619 3234 3082 3308 Romanorum
3135 3234 3517 3331 Imperator
3559 3252 3807 3329 semper

513 3336 893 3431 Augustus,
971 3361 1056 3410 ac
1112 3336 1506 3430 Germanic,
1586 3338 1964 3434 Hungarie‚
2040 3338 2371 3412 Bohemie
2426 3343 2551 3411 dcc.
2606 3338 2791 3431 Rex,
2873 3339 3233 3412 Archidux
3282 3338 3594 3430 Austrie‚
3665 3336 3804 3409 Dux

511 3439 904 3535 Burgundio
960 3446 1087 3515 dcc.
1167 3440 1513 3517 Fidelibus
1565 3447 1822 3517 nostris
1864 3441 2309 3523 Reuerendo..
2360 3441 2732 3538 Magnifico
2787 3453 2856 3517 et
2895 3441 3221 3538 Egregiis
3275 3442 3594 3516 Prefecto
3647 3461 3801 3513 cae-

510 3548 809 3641 terisque
889 3542 1312 3620 Consiliariis
1378 3544 1670 3621 Camere
1738 3558 1978 3621 nostre
2048 3547 2462 3641 Hungarice.
2567 3546 2737 3620 Item
2808 3546 3080 3636 Comiti,
3147 3545 3681 3620 vicecomitibus
3742 3551 3803 3613 et

508 3646 856 3723 Judicibus
933 3648 1276 3723 Nobilium
1348 3648 1793 3725 Comitatuum
1863 3650 2093 3744 Regni
2162 3653 2378 3724 nostri
2443 3649 2838 3742 Sclauonie,
2909 3673 2995 3723 ac
3048 3649 3468 3725 dicatoribus
3521 3660 3592 3723 et
3641 3669 3804 3722 exa·

510 3752 809 3826 ctoribus
863 3776 1416 3851 quarumcunque
1469 3764 1782 3827 taxarum
1835 3763 1906 3825 et
1953 3751 2537 3827 contribucionum
2615 3765 3031 3844 nostrarum,
3110 3753 3697 3849 subsidiorumque
3743 3757 3800 3821 et

508 3858 680 3929 lucri
732 3855 1024 3931 Camere
1077 3869 1314 3932 nostre
1365 3861 1437 3932 in
1488 3857 1754 3954 prefato
1808 3856 2056 3950 Regno
2110 3868 2350 3932 nostro
2398 3858 2768 3932 Sclauonie
2821 3856 3341 3954 exigendarum,
3397 3854 3806 3956 presentibus

512 3970 580 4032 et
633 3959 900 4048 futuris,
957 3961 1240 4035 salutem
1297 3971 1367 4035 et
1418 3965 1743 4056 graciam.
1848 3959 2254 4059 Expositum
2308 3972 2417 4035 est
2467 3960 2808 4036 Maiestati
2859 3972 3097 4037 nostre
3147 3966 3217 4036 in
3271 3966 3593 4058 personis
3643 3958 3803 4033 fide-

509 4067 671 4136 lium
722 4075 1114 4139 nostrorum
1166 4063 1645 4141 Vniuersitatis
1682 4066 2130 4139 Dominorum
2180 4075 2251 4140 et
2282 4064 2623 4139 Nobilium
2675 4066 2902 4161 Regni
2934 4069 3152 4139 nostri
3207 4065 3585 4140 Sclauonie
3634 4063 3803 4156 graui

510 4191 661 4240 cum
736 4169 1041 4266 querela,
1123 4166 1321 4255 Quod
1373 4169 1536 4242 lIcet
1584 4173 1909 4244 Vniuersa
1982 4169 2162 4243 bona
2232 4173 2782 4266 possessiouaria
2853 4173 2922 4243 in
2972 4169 3222 4264 Regno
3295 4181 3543 4246 nostro
3616 4166 3801 4242 Scla-

507 4275 714 4347 uonie
767 4275 893 4347 sita
950 4282 1021 4344 et
1063 4271 1290 4346 habita
1343 4271 1638 4347 fidelium
1691 4283 2079 4347 nostrorum
2132 4272 2589 4368 Egregiorum
2643 4284 2713 4347 et
2763 4271 3103 4347 Nobilium
3145 4271 3514 4366 Vicebani,
3564 4271 3800 4346 Proto-

508 4380 754 4449 notarii
807 4386 877 4449 et
926 4375 1550 4472 Viceprotonotarii
1618 4400 1751 4451 nec
1804 4400 1942 4451 non
1998 4377 2491 4450 vicecomitum
2562 4387 2632 4451 et
2679 4377 2994 4451 Judicum
3046 4375 3390 4450 Nobilium
3432 4382 3506 4452 in
3557 4373 3802 4475 prefato

506 4480 752 4573 Regno
806 4490 1046 4554 nostro
1092 4479 1461 4554 Sclauonie
1516 4485 2120 4573 commorandum,
2173 4491 2490 4577 tanquam
2540 4481 2854 4555 Judicum
2906 4479 3420 4555 ordinariorum
3471 4504 3599 4578 pro
3634 4489 3803 4552 tem-

506 4607 676 4678 pore
738 4587 1281 4675 constitutorum‚
1352 4608 1627 4681 semper
1678 4609 1717 4658 a
1775 4590 2104 4659 memoria
2173 4585 2518 4660 bominum
2573 4596 2892 4681 exempta
2959 4584 3254 4659 fuissent
3324 4609 3365 4658 a
3440 4605 3690 4658 census
3737 4588 3796 4651 et

512 4700 674 4760 taxe
721 4687 991 4785 publice
1040 4688 1439 4778 solucione;
1492 4688 1619 4764 sed
1653 4698 1884 4762 tamen
1915 4710 2078 4780 vos,
2130 4693 2433 4765 nescitur
2481 4689 2667 4764 vnde
2719 4688 2998 4779 inducti,
3050 4711 3192 4763 non
3243 4689 3453 4763 modo
3506 4711 3646 4763 non
3695 4702 3804 4758 eos

508 4796 575 4863 iu
630 4796 898 4888 antiqua
954 4814 1191 4865 eorum
1244 4794 1361 4865 tali
1414 4802 1691 4890 recepta
1745 4792 2265 4882 consuetudine,
2318 4797 2750 4889 prerogatiua
2807 4804 2877 4867 et
2938 4793 3250 4868 libertate
3303 4789 3806 4868 conseruandos

506 4919 670 4970 esse
722 4901 1075 4995 putaretis,
1146 4896 1272 4971 sed
1344 4900 1548 4970 etiam
1598 4907 1678 4971 vt
1730 4920 1856 4972 eos
1908 4901 1980 4971 in
2031 4902 2116 4972 iis
2171 4897 2531 4971 turbaretis
2585 4901 3075 4995 vexaretisque
3126 4901 3197 4970 in
3251 4903 3481 4970 animo
3551 4912 3798 4993 propo-

507 5005 708 5076 situm
762 5000 1105 5075 haberetis
1176 5011 1415 5075 contra
1468 5004 1779 5098 antiquas
1832 5023 2073 5076 eorum
2147 5001 2495 5076 libertates
2550 5013 2619 5075 et
2670 5005 3146 5097 prerogatiuas
3199 5023 3333 5075 vsu
3381 5010 3702 5095 receptas
3747 5002 3805 5065 et

503 5109 949 5198 inueteratas,
999 5108 1268 5197 iniuria,
1322 5104 1614 5203 dampno
1668 5115 1740 5180 et
1784 5105 2163 5203 preiudicio
2217 5105 2639 5179 eiuscemodi
2686 5128 2925 5179 eorum
2977 5105 3309 5180 libertatis
3361 5114 3432 5180 et
3474 5121 3802 5201 preroga-

505 5213 648 5283 tiue
721 5209 1083 5284 manifesto
1137 5219 1207 5283 et
1257 5209 1464 5285 valde
1517 5232 1809 5304 magno:
1916 5209 2391 5306 supplicantes
2459 5208 2660 5283 nobis
2712 5209 3078 5300 humiliter,
3150 5208 3593 5305 dignaremur
3654 5205 3805 5299 ipsis

508 5313 595 5382 de
652 5324 1029 5408 opportuno
1102 5314 1470 5409 superinde
1517 5314 1823 5388 remedio
1874 5317 2198 5406 graciose
2250 5313 2642 5410 prouidere,
2716 5336 3097 5409 curareque
3167 5315 3566 5389 memoratis
3615 5306 3802 5382 Judi-

506 5411 701 5486 cibus
755 5420 1010 5488 nostris
1062 5415 1422 5490 ordinariis
1493 5417 1915 5490 eiuscemodi
1985 5420 2326 5514 antiquam
2395 5439 2670 5516 semper
2720 5441 2765 5491 a
2812 5421 3144 5493 memoria
3222 5417 3569 5492 bominum
3620 5428 3799 5488 νοω
