3950 5917
459 644 3786 748 bydnwhpuoemotmomunnuuoenungtnis,senqm

457 749 3784 934 wdsspmmuamqoemcofflfflffltna-

460 1057 2682 1134 anubab-nbc.hhcuvioaqutonuiaa.lt.l.s.rmsoe.lt.at.

1837 1641 2395 1730 xxxlx.
2523 1721 2552 1754 ,

1861 1934 2072 2006 Anno
2133 1931 2368 2006 1217.

455 2196 904 2278 Andreas
954 2195 1046 2277 Π.
1108 2195 1614 2302 Hungariae
1664 2193 1844 2276 Rex
1899 2196 2449 2302 privilegia
2509 2192 2978 2276 Ecclesiae
3036 2190 3782 2301 Zagrabiensis

459 2336 1037 2442 confirmat,
1115 2358 1496 2441 unaque
1576 2345 2051 2415 monetam
2107 2329 2416 2440 Regis
2484 2330 3058 2440 Hungariae
3135 2308 3391 2413 intra
3462 2329 3780 2411 ambi-

458 2485 647 2555 tum
706 2477 1465 2581 possessionum
1523 2471 1998 2580 Episcopi
2060 2483 2152 2554 et
2210 2469 2656 2578 Capituli
2715 2469 3457 2579 Zagrahiensis,
3517 2469 3780 2570 licet

460 2638 568 2694 ea
629 2637 1107 2718 nunquam
1168 2616 1259 2692 in
1291 2609 1642 2718 Regno
1691 2610 2244 2693 Slavoniae
2294 2609 2405 2691 ab
2468 2613 2805 2716 aliquo
2854 2610 3428 2717 Hungariae
3478 2606 3782 2715 Rege

769 2752 1332 2831 introducta
1397 2749 1749 2856 fuerit,
1823 2762 2101 2831 extra
2168 2773 2753 2831 communem
2832 2774 3092 2831 usum
3151 2750 3450 2857 ponit.

771 3020 1095 3096 Andreas
1143 3021 1280 3095 Dei
1310 3023 1530 3115 grau‘a
1572 3020 1951 3116 Hungarie,
2005 3017 2306 3112 croatie,
2349 3019 2596 3113 Rame,
2640 3019 2917 3111 Servis,
2955 3020 3268 3112 Gallicie,
3302 3018 3778 3096 monteric-

458 3149 591 3222 que
609 3125 769 3199 Rex
792 3168 899 3181 -
917 3167 1016 3179 —
1036 3167 1137 3180 ·--
1163 3124 1412 3199 Habito
1440 3122 1744 3200 Consilio
1768 3123 2166 3220 Magnetum
2188 3134 2605 3217 nostrorum,
2633 3127 2858 3200 omnia
2893 3124 3264 3219 Privilegia
3281 3124 3588 3220 predicte
3609 3124 3778 3199 Ec-

456 3232 672 3305 clesie
702 3228 1266 3325 (Zagrabiensis)
1303 3234 1375 3303 in
1406 3228 1634 3306 medio
1663 3228 1953 3305 fecimus
1979 3227 2251 3321 deduci,
2297 3231 2364 3301 tt
2386 3251 2511 3326 per
2529 3227 3025 3303 Cancellarium
3058 3240 3363 3304 nostrum
3391 3228 3778 3324 Vgolinnn

455 3334 546 3408 de
579 3334 798 3409 verbo
853 3334 943 3407 ad
991 3333 1279 3409 verbum
1332 3355 1566 3408 coram
1600 3332 2018 3408 multitudine
2055 3334 2344 3429 perlegi,
2398 3335 2465 3405 tt
2514 3355 2669 3406 cum
2703 3332 2870 3407 nihil
2906 3332 3448 3407 contradictione
3484 3331 3774 3426 dignm

418 3447 728 3536 ‘poterat
776 3441 1071 3512 inveniri
1138 3442 1211 3511 in
1263 3436 1552 3528 eisdem,
1604 3440 1831 3512 omnia
1893 3438 2254 3533 privilegia
2304 3446 2542 3512 nostra
2604 3441 2671 3510 tit
2736 3436 3310 3534 predecessorum
3370 3446 3774 3513 nostroru-

454 3542 887 3633 renovando,
968 3540 1344 3618 secundum
1400 3540 1584 3637 quod
1632 3545 1702 3616 in
1773 3542 2033 3616 eisdem
2090 3542 2376 3635 singulis
2445 3544 2852 3631 continetur,
2922 3564 3137 3616 aureo
3215 3540 3445 3635 sigillo
3521 3549 3780 3616 nostro

460 3645 970 3737 continuamus,
1041 3657 1111 3719 et
1163 3650 1369 3719 etiam
1437 3648 1842 3718 auctoritate
1909 3655 2149 3720 nostra
2219 3644 2682 3739 adjungendo,
2752 3644 3034 3720 finniter
3085 3647 3472 3736 statuimus,
3545 3654 3624 3718 ut
3673 3645 3780 3720 de

459 3760 698 3824 cetero
751 3750 973 3825 nullus
1023 3751 1280 3839 Banus,
1334 3753 1488 3824 sive
1541 3752 1632 3824 sit
1678 3749 1769 3823 de
1818 3750 2040 3844 regali
2090 3751 2449 3844 progenie,
2502 3752 2656 3824 sive
2707 3747 2798 3823 de
2841 3747 3349 3844 magistratibus
3385 3748 3776 3844 Hungarie,

454 3865 805 3951 presumat
877 3855 1166 3950 populos
1243 3853 1549 3950 predicte
1603 3854 1904 3927 ecclesie
1958 3875 2194 3925 coram
2247 3875 2327 3926 se
2380 3854 2600 3949 aliqua
2654 3856 3029 3927 occasione
3098 3858 3170 3926 in
3219 3852 3556 3927 Judicium
3605 3863 3778 3925 tra·

456 3959 652 4049 here,
717 3969 833 4032 aut
894 3959 1180 4050 alicuius
1251 3961 1355 4031 rei
1424 3961 1797 4031 occasione
1864 3955 2323 4047 descendere,
2391 3967 2508 4030 aut
2574 3956 2988 4032 descensum
3055 3967 3322 4055 petere,
3390 3968 3509 4031 aut
3559 3959 3773 4030 ouum

455 4066 891 4153 martur-inas,
943 4085 1069 4137 seu
1094 4084 1562 4157 quamcunque
1592 4062 1979 4150 collectam,
2034 4082 2437 4157 quocunque
2472 4064 2748 4134 nomine
2774 4071 3225 4157 nuncupatam
3261 4063 3579 4156 exigere,
3635 4060 3776 4136 sed

457 4170 681 4263 potius
734 4166 1017 4240 firmiter
1093 4164 1512 4260 injungendo
1580 4165 1774 4240 Bano
1847 4169 2001 4240 sive
2069 4165 2247 4238 Duci
2314 4187 2440 4262 pro
2508 4175 2819 4261 tempore
2889 4170 3254 4240 constituto
3325 4168 3780 4262 precipimus,

456 4271 644 4366 quod
696 4270 1001 4346 decimas
1052 4268 1574 4343 Mai-turinorum
1627 4273 1953 4360 omnium,
2007 4291 2131 4343 seu
2160 4273 2457 4343 omnium
2509 4269 2981 4359 collectarum,
3026 4291 3432 4364 quocunque
3483 4272 3782 4345 nomine

452 4379 787 4471 episcopo
842 4377 1181 4471 plenarie,
1234 4377 1301 4447 tt
1352 4378 1503 4449 sine
1555 4373 2099 4448 contradictione
2151 4374 2373 4469 aliqua
2425 4376 2492 4444 dc
2543 4372 2868 4447 dilatione
2915 4383 3236 4469 quamtum
3306 4375 3504 4450 limes
3557 4376 3772 4470 epis-

456 4479 720 4573 copalis
749 4478 1122 4568 contendit,
1148 4479 1534 4575 persolvat,
1562 4477 1901 4551 decimam
1929 4480 2136 4550 etiam
2171 4479 2467 4550 omnium
2493 4475 2892 4551 tributorum
2936 4476 3344 4568 forensium,
3371 4480 3527 4552 siue
3551 4476 3770 4552 deci-

454 4603 606 4655 mas
655 4593 1032 4677 proventus
1083 4593 1396 4678 portuum
1447 4603 1735 4676 quorum
1786 4588 1966 4669 sunt,
2024 4582 2086 4653 si
2136 4580 2232 4652 illi
2280 4581 2560 4656 solvere
2605 4581 2998 4674 nolluerint,
3051 4581 3368 4676 cogendo
3422 4603 3553 4656 eos
3605 4603 3780 4655 cum

454 4688 657 4779 gravi
730 4685 1031 4778 Judicio,
1078 4696 1156 4759 ut
1205 4688 1459 4759 ceteris
1509 4694 1733 4758 metus
1783 4687 1852 4756 in
1908 4682 2238 4759 similibus
2281 4687 2666 4777 incutiatur,
2717 4687 3000 4761 solvere
3053 4686 3436 4781 conpellat.
3490 4684 3772 4759 Statui-

456 4810 609 4863 mus
662 4791 864 4862 etiam
918 4790 1225 4883 firmiter,
1277 4800 1353 4863 ut
1400 4789 1699 4884 Populos
1725 4786 2072 4880 Ecclesie,
2151 4791 2306 4864 sive
2360 4794 2494 4864 sint
2544 4792 2875 4886 episcopi,
2927 4792 3080 4865 sive
3134 4787 3421 4886 Capituli
3469 4793 3542 4862 in
3592 4790 3770 4863 nul-

457 4894 590 4967 lius
663 4891 820 4967 foro
872 4891 1188 4965 tributum
1266 4893 1547 4969 solvere
1627 4891 2143 4988 compellantur,
2212 4914 2347 4966 nec
2425 4895 2632 4967 etiam
2706 4890 3038 4967 tributarii
3113 4893 3233 4968 vel
3285 4894 3585 4968 salinarii
3634 4916 3788 4967 re-

458 5002 596 5091 gis,
652 5019 863 5072 causa
915 4996 1311 5071 exercende
1365 5018 1492 5072 sue
1544 4998 2029 5092 negotiationis
2056 5006 2294 5070 contra
2346 4996 2672 5094 Episcopi
2695 4991 3144 5088 voluntatem,
3187 4999 3306 5073 vel
3357 4995 3780 5071 officialium

454 5124 735 5177 suorum
805 5101 897 5175 ad
969 5100 1245 5196 aliquod
1323 5100 1551 5175 forum
1619 5103 1935 5198 episcopi
2003 5100 2344 5175 accedere
2419 5111 2817 5198 presumant
2883 5105 2950 5176 Φ
3025 5105 3089 5177 si
3155 5105 3419 5176 inventi
3484 5099 3774 5195 fuerint,

461 5210 644 5303 capti
692 5210 765 5280 in
819 5203 1119 5280 Carcere
1172 5204 1615 5302 quadraginta
1668 5203 1908 5280 diebus
1962 5204 2415 5296 detineantur,
2470 5227 2711 5280 omnes
2763 5227 2881 5280 res
2934 5227 3126 5294 suas,
3180 5228 3352 5302 quas
3400 5215 3564 5280 tunc
3589 5227 3770 5302 erga

456 5331 541 5384 se
593 5308 873 5402 habent,
924 5313 1333 5385 amittentes.
1432 5309 1624 5384 Istud
1675 5308 2041 5405 specialius
2095 5309 2479 5384 adiiciendo
2525 5312 2904 5398 statuimus,
2975 5309 3156 5406 quod
3207 5311 3372 5385 licet
3418 5325 3780 5407 nunquam

454 5424 745 5489 moneta
794 5419 987 5510 regis
1037 5418 1111 5491 in
1158 5437 1380 5513 regno
1431 5411 1719 5490 hanatus
1779 5416 1933 5491 sive
2012 5413 2296 5491 ducatus
2347 5412 2530 5488 facta
2582 5412 2787 5489 fuerit
2837 5412 2924 5488 ab
2977 5415 3204 5512 aliquo
3280 5435 3479 5510 rege,
3531 5425 3780 5492 tunc·
3939 5505 3940 5552 ἶ
