3950 5917
1108 1211 1318 1284 Anno
1375 1207 1614 1286 1622.
1665 1249 1769 1266 --
1830 1205 2068 1286 1692.
2134 1205 2462 1286 Vm

944 1467 1617 1577 Privilegia
1709 1468 2620 1578 Ogulincnsium.

427 1737 580 1817 Nos
663 1739 1058 1838 Leopoldus
1076 1793 1102 1832 ‚
1163 1740 1297 1817 Dei
1368 1739 1603 1818 Gratia
1678 1740 1961 1818 Electus
2038 1740 2435 1839 Imperator.
2514 1739 2896 1818 Ueneriae
2948 1742 3441 1828 comendamus

144 1851 363 1918 tenore
429 1848 895 1941 mouentium
965 1844 1435 1940 significantes
1504 1843 1748 1942 quibus
1818 1843 2100 1942 expedit
2166 1849 2551 1921 universis:
2638 1845 2824 1943 quod
2874 1845 3151 1923 Fideles
3204 1845 3443 1926 Nostri

142 1944 399 2043 Egrecii
466 1947 714 2024 Simon
781 1947 1185 2038 Puskaricb,
1238 1958 1475 2025 certae
1527 1947 1868 2047 pedestris
1920 1949 2200 2024 militiae
2267 1948 2612 2041 Vaivoda‚
2665 1961 2738 2026 et
2784 1949 3116 2026 Nicolaus
3182 1948 3440 2030 Domi-

142 2051 409 2141 trevicb⁵
455 2052 744 2128 Incolae
796 2076 883 2127 ac
931 2052 1431 2129 lnbabitatores
1481 2052 1808 2151 praesidii
1857 2051 2094 2130 Nostri
2154 2052 2620 2149 Ogulineusis‚
2673 2054 2846 2131 alias
2897 2059 2967 2130 in
3015 2053 3440 2154 Episcopatu

140 2152 605 2247 Hodrusiensi,
675 2180 761 2232 ac
830 2157 960 2232 sub
1018 2156 1504 2232 Jurisdictione
1558 2158 2012 2232 antelaturum
2057 2156 2465 2249 Dalmatiae,
2519 2155 2843 2234 Groatiae
2896 2169 2967 2233 et
3016 2158 3437 2244 sclavoniae

141 2256 516 2354 Regnorum
566 2258 975 2336 Nostrorum
1056 2264 1415 2338 existentis
1468 2272 1540 2334 et
1589 2259 1823 2349 habiti,
1874 2264 2152 2335 nomine
2206 2270 2279 2336 et
2325 2265 2398 2337 in
2449 2271 2643 2359 parte
2695 2272 3125 2337 caeterorum
3180 2266 3442 2360 pariter

139 2362 419 2439 eiusdem
452 2366 787 2461 praesidii
835 2364 1124 2457 Judicis‚
1167 2364 1636 2440 Vaivodarum
1688 2363 2235 2464 incolarumque,
2288 2387 2376 2439 ac
2409 2368 2625 2464 ipsius
2678 2369 2883 2442 etiam
2935 2369 3437 2443 communitatis

141 2462 580 2543 Gouliniorum
607 2467 889 2544 Militum
942 2468 1196 2543 ibidem
1243 2468 1664 2566 degentium,
1707 2467 2141 2544 exhibuerint
2192 2478 2268 2545 et
2304 2473 2899 2567 praesentaverint
2948 2467 3167 2545 Nobis
3204 2479 3470 2550 certa,
3569 2515 3582 2520 -

136 2579 197 2643 et
255 2570 530 2668 quidem
595 2576 669 2648 in
737 2573 978 2648 ordine
1045 2583 1282 2648 ternas
1349 2573 1819 2670 privilegiales
1883 2574 2144 2648 litteras
2198 2571 2611 2648 Germanico
2663 2573 2993 2648 Idiomate
3048 2573 3432 2654 confectas.

132 2671 367 2750 himas
437 2679 693 2775 quippe
761 2677 1229 2753 Sacratissimi
1295 2678 1457 2752 olim
1509 2679 1832 2775 principis
1880 2699 1968 2750 ac
2016 2676 2292 2752 Domini
2342 2677 2757 2752 Ferdinandi
2808 2677 3139 2770 Secundi,
3188 2676 3431 2776 Impe—

131 2783 351 2854 ratoris
397 2791 475 2855 et
526 2779 745 2876 Regis
812 2780 1092 2878 Avique
1161 2790 1233 2854 et
1299 2780 1864 2878 praedecessoris
1926 2780 2161 2856 Nostri
2239 2777 2800 2857 Gloriosissimae
2850 2781 3431 2858 Remiuiscentiae

129 2878 699 2975 desideratissimi,
748 2884 1372 2961 confirmationales
1437 2888 1509 2960 in
1561 2907 1742 2960 anno
1788 2883 2066 2960 Domini
2120 2884 2323 2960 1623
2368 2884 2481 2960 die
2524 2889 2742 2985 prima
2795 2891 3054 2964 mensis
3104 2884 3423 2964 Decen—

131 2983 250 3062 bris
295 2992 367 3063 in
415 2988 560 3062 bac
610 2987 905 3065 civitate
954 2989 1208 3065 Nostra
1261 2988 1622 3080 vianensi,
1675 2999 1747 3064 et
1796 3011 2008 3086 super
2057 2999 2249 3066 certa
2292 3012 2334 3063 a
2380 2990 2601 3066 solitis
2662 2990 2883 3065 Datiis
2948 2987 3434 3090 laboribusque

130 3100 190 3163 et
231 3089 523 3168 Robotis
591 3091 1105 3191 quibuscunque
1157 3095 1553 3170 exemtione
1614 3103 1687 3167 et
1735 3096 2230 3183 imunitatione,
2284 3092 2411 3168 sub
2464 3093 2692 3190 sigillo
2744 3093 3058 3171 eiusdem
3112 3092 3431 3196 Impera-

130 3199 277 3268 toris
322 3208 397 3271 et
445 3196 672 3291 Regis
723 3208 1003 3273 secreto
1053 3206 1366 3294 patenter
1416 3195 1797 3272 confectas.
1900 3197 2101 3272 Alias
2129 3275 2132 3280 ,
2163 3194 2436 3272 demum
2485 3195 2682 3272 binas
2740 3195 3428 3292 Caesareo-Regio·-

130 3318 246 3392 que
313 3300 583 3378 Nostro
633 3299 927 3376 Nomine
975 3324 1103 3400 per
1152 3300 1660 3398 expeditionem
1714 3298 2001 3377 Oonsilii
2050 3299 2286 3375 Nostri
2335 3299 2578 3380 Bellici
2631 3299 3090 3376 Graecensis:
3161 3305 3432 3398 priores

129 3405 422 3500 equidem
474 3404 595 3481 die
644 3408 842 3480 tertia
896 3408 1157 3481 mensis
1207 3404 1560 3482 Februarii
1613 3404 1843 3496 1668,
1894 3406 1967 3478 in
2017 3403 2205 3479 facto
2256 3403 2604 3480 Metalium
2659 3405 2820 3480 dicti
2863 3402 3187 3504 praesidii
3221 3401 3432 3502 Ogu-

126 3505 387 3586 linensis
410 3511 891 3598 terminorum,
923 3509 1584 3605 Territoriorumque
1612 3509 2118 3583 distinctionum
2145 3530 2230 3582 ac
2284 3505 2746 3583 definitionum
2796 3518 2999 3606 prout
3048 3517 3121 3585 et
3168 3508 3429 3584 nonni-.-

122 3609 321 3687 larum
390 3624 688 3689 eatenus
761 3611 1055 3688 antebac
1123 3612 1519 3687 obortarum
1589 3622 1660 3687 et
1727 3616 2250 3708 emergentium,
2303 3610 2575 3688 demum
2628 3634 2804 3686 vero
2856 3613 3434 3690 comissionaliter

122 3720 483 3812 sopitarum
535 3717 1059 3814 decisurumqne
1111 3727 1185 3791 et
1234 3716 1834 3792 determinatarum
1883 3716 2464 3808 differentiarum3
2511 3719 2938 3815 posten'ores
2989 3725 3220 3794 autem
3270 3719 3429 3792 sive

120 3824 339 3897 tertias
409 3821 531 3897 die
581 3824 922 3918 vigesima
974 3830 1211 3919 quarta
1264 3824 1526 3897 mensis
1577 3820 2004 3919 Septembris
2054 3825 2312 3919 pariter
2358 3824 2431 3896 in
2484 3842 2667 3896 anuo
2744 3824 3167 3919 praescripto
3224 3817 3431 3896 1668

118 3925 179 3995 iu
224 3924 451 4000 forma
508 3929 764 4024 patenti
815 3934 1198 4017 emanatas,
1266 3933 1597 4020 certaque
1628 3945 1886 4000 novem
1935 3934 2215 4021 puncta,
2266 3935 2339 4001 et
2388 3928 2675 4023 primum
2724 3923 2996 4023 quidem
3049 3946 3261 4023 super
3307 3945 3430 4017 eo,

117 4038 178 4102 ιι
239 4029 629 4105 nobilitatis
679 4030 1015 4105 dictorum
1083 4028 1599 4125 Ogulinensium
1666 4031 2198 4126 praerogativae
2267 4026 2534 4105 debims
2585 4027 2821 4105 baberi
2873 4025 3123 4106 debeat
3167 4049 3429 4128 respe-

116 4142 296 4226 ctus3
365 4132 750 4210 secundum
769 4186 795 4223 .,
862 4142 937 4208 ut
996 4133 1205 4208 iidem
1257 4156 1299 4206 a
1352 4133 1639 4206 decimis
1691 4141 1763 4207 et
1812 4128 2222 4228 quibuslibet
2269 4130 2619 4210 laboribus
2666 4156 2754 4208 ac
2801 4128 3247 4210 serviuntibus
3295 4154 3429 4208 re·-

112 4249 342 4332 spectu
410 4240 847 4336 propriorum
917 4237 1271 4313 dumtaxat
1334 4235 1699 4312 fundorum
1765 4240 2070 4335 exempti
2138 4234 2517 4312 habeantur
2565 4259 2653 4313 ac
2702 4241 3074 4328 imunitati;
3124 4238 3425 4329 tertium,

112 4360 198 4414 ne
261 4340 735 4441 superioribus
804 4345 959 4418 sive
1030 4338 1439 4416 officialibus
1516 4338 1893 4415 eorundem
1959 4344 2031 4415 in
2099 4343 2373 4438 propria
2446 4363 2532 4415 ac
2598 4341 2968 4438 peculiaria
3019 4337 3426 4418 interiorum

110 4451 325 4522 munia
399 4447 720 4522 involare
791 4456 861 4521 et
910 4467 1185 4543 quoquo
1237 4456 1442 4543 pacto
1495 4467 1660 4521 sese
1710 4448 2034 4540 ingerere
2085 4444 2342 4520 licitum
2394 4448 2483 4520 sit
2532 4454 2605 4519 et
2649 4448 3034 4541 integrum3
3086 4454 3425 4544 quartum,

112 4560 177 4623 ut
222 4554 357 4647 ipsi
425 4550 711 4625 Incolae
777 4549 1240 4646 Ogulinenses
1310 4572 1519 4646 super
1584 4549 1813 4624 fundis
1880 4552 2173 4646 propriis
2241 4548 2460 4624 libere
2537 4547 2806 4645 quidem
2862 4553 3041 4625 inter
3088 4552 3428 4648 ipsosmet

112 4653 479 4749 disponere
530 4654 835 4744 valeant,
891 4653 962 4727 id
1013 4663 1242 4727 tamen
1296 4653 1384 4729 ad
1436 4664 1812 4728 extraneos
1862 4656 2253 4749 neutiquam
2306 4652 2587 4727 extendi
2637 4656 2899 4752 possit3
2950 4655 3277 4751 quintum,
3328 4673 3423 4730 ue

110 4755 447 4836 officiales
521 4780 649 4833 seu
719 4757 1069 4855 capitanei
1137 4758 1278 4832 loci
1345 4762 1540 4855 ipsos
1606 4761 1680 4832 in
1747 4761 1882 4831 iam
1953 4756 2117 4833 fatis
2174 4756 2550 4833 eorundem
2601 4756 2830 4831 fundis
2881 4778 3156 4855 quoquo
3208 4753 3419 4834 modo

110 4861 379 4939 turbare
432 4873 557 4938 aut
602 4862 933 4960 impedire
979 4872 1460 4960 praesumaut3
1513 4871 1812 4945 sextum,
1866 4861 2052 4956 qued
2102 4864 2167 4936 ai
2216 4863 2401 4952 lites,
2454 4883 2581 4936 seu
2633 4860 3052 4936 differentias
3105 4861 3423 4960 quapiam

111 4970 369 5041 ntioue
444 4965 655 5042 modo
706 4966 1040 5042 dictorum
1090 4964 1451 5040 fundorum
1522 4965 1810 5063 praefati
1861 4963 2323 5060 Ogulinenses
2373 4968 2554 5041 inter
2603 4987 2687 5041 se
2735 4969 2928 5064 ipsos
2981 4973 3425 5064 emergenter

114 5066 441 5146 baberent
469 5122 495 5160 ,
570 5080 829 5145 extunc
903 5069 1277 5144 earundem
1356 5070 1814 5166 complanatio
1894 5067 2123 5142 medio
2220 5080 2563 5144 certorum
2638 5078 2926 5164 quatuor
2998 5071 3303 5144 virorum
3369 5089 3422 5142 e

111 5179 372 5266 gremio
449 5178 558 5249 sui
625 5172 1165 5272 deputandorum
1235 5176 1623 5250 instituatur
1678 5184 1750 5246 et
1798 5194 1925 5269 pro
1974 5170 2426 5248 ratificatione
2477 5173 2568 5246 ad
2619 5171 3033 5249 Generalem
3085 5191 3214 5250 seu
3267 5168 3423 5248 Ce-

114 5278 545 5352 mendentem
594 5277 762 5354 Loci
811 5275 1143 5353 ditaretur
1192 5286 1399 5375 atque
1450 5275 1864 5368 deducatur3
1913 5279 2274 5374 septimum
2300 5329 2325 5368 ,
2393 5299 2487 5354 ne
2548 5279 2622 5353 in
2672 5275 2991 5354 limitibus
3052 5279 3208 5352 sive
3262 5283 3422 5354 ter-

110 5385 359 5456 ritoriis
433 5385 739 5477 ipsorum
811 5403 976 5458 sese
1046 5381 1135 5457 ad
1205 5392 1281 5457 et
1342 5391 1533 5456 trans
1584 5375 1837 5454 flumen
1888 5379 2162 5458 Vituina
2215 5380 2466 5458 dictum
2518 5379 3045 5560 extendengigps
3096 5382 3420 5482 quapiam
