3950 5917
3311 403 3469 512 ist

157 651 332 723 iidem
409 650 740 745 ipsorum,
802 644 1026 718 Deum
1080 651 1151 716 et
1202 643 1352 716 eius
1401 645 1726 737 justitiam
1781 640 2101 715 habendo
2152 665 2278 740 pre
2324 642 2568 733 oculis,
2625 639 2814 732 odio,
2865 619 3139 730 fauore,
3192 637 3468 724 amore,

158 758 373 826 timore
424 759 495 823 et
541 753 765 846 pretio
843 750 1270 845 postpositis,
1327 749 1388 820 si
1440 751 1777 844 premissa
1860 756 2268 842 conquesta,
2350 756 2421 819 et
2472 747 2969 842 querimoniam
3042 766 3173 817 suo
3253 743 3468 816 modo

159 860 213 928 in
253 864 388 926 toto
438 854 556 926 vel
613 855 683 925 in
739 862 929 950 parte
979 852 1581 974 investigaverint,
1660 849 1982 946 factaque
2034 871 2116 923 so
2147 900 2797 922 ..............
2825 857 3033 919 otunc
3088 846 3179 919 ad
3228 847 3468 936 talem,

157 969 368 1030 contra
414 975 623 1053 quem
674 959 895 1051 ipsam
958 957 1452 1049 querimoniam
1505 956 1573 1025 in
1626 956 1773 1048 ipsa
1831 953 2003 1026 sede
2058 974 2293 1025 coram
2338 950 2646 1044 judiciali
2683 954 2871 1022 curia
2916 950 3113 1023 nobis
3153 959 3223 1021 et
3262 949 3468 1023 dictis

57 1085 58 1108 ¹
160 1064 384 1134 nostris
436 1057 842 1148 V-icebanis,
914 1054 1290 1129 Comitihus
1359 1056 1481 1129 vel
1531 1055 2096 1145 VicecomitihuS,
2171 1064 2241 1128 et
2312 1055 2509 1127 dictis
2581 1052 2920 1127 nobilibus
2975 1077 3061 1124 ac
3110 1051 3468 1125 Judicibus

161 1163 450 1237 nobilium
505 1160 838 1258 sepefatis
891 1170 1209 1256 porrecta
1261 1160 1492 1248 fuerit,
1549 1158 1636 1231 ad
1673 1158 1947 1233 domum
2003 1180 2197 1231 suam
2252 1157 2620 1247 accedere,
2676 1166 2747 1229 et
2782 1156 3101 1243 eundem,
3157 1166 3272 1228 aut
3294 1158 3469 1250 ipso

159 1267 417 1339 absente
495 1265 865 1337 Dominam
946 1261 1356 1337 Consortem
1411 1315 2160 1335 ................
2189 1260 2501 1357 ayuodas
2582 1282 2669 1332 ac
2750 1269 2865 1332 aut
2934 1261 3205 1348 uilicos,
3288 1277 3467 1353 quos

163 1372 435 1462 reperire
487 1372 858 1463 potuerint,
912 1371 981 1440 in
1037 1390 1125 1440 eo
1181 1388 1511 1438 amouere
1567 1363 1886 1452 debeant,
1957 1375 2034 1436 ut
2083 1367 2236 1459 ipse
2289 1364 2443 1437 talis
2496 1363 2661 1435 facti
2713 1365 3013 1459 potentia
3066 1365 3468 1459 perpetrati,

159 1494 341 1568 super
407 1469 751 1567 dampnis,
822 1480 939 1542 aut
1005 1472 1209 1542 terris
1273 1472 1596 1542 et·novis
1650 1472 2177 1563 possessionum
2249 1469 2718 1562 occupationis
2784 1466 2947 1538 dicti
3002 1466 3257 1539 domini
3308 1465 3469 1537 Re-

57 1591 58 1596 ’
163 1580 252 1669 gis
315 1574 563 1665 factis,
634 1577 835 1666 juxta
916 1571 1535 1666 adjudicationem,
1613 1574 2174 1645 commissionem
2255 1580 2325 1642 et
2402 1569 2966 1642 deliberationem
3044 1568 3468 1664 prefatorum

57 1769 58 1774 Ἰ
161 1676 465 1750 Comitum
525 1728 1378 1749 ..................
1433 1675 1654 1747 dicum
1740 1672 2062 1746 nobilium
2141 1695 2267 1768 pro
2345 1683 2510 1745 tunc
2585 1671 2750 1744 inibi
2830 1675 3263 1744 existentium
3336 1671 3471 1766 ipsi

57 1813 58 1874 3
161 1781 512 1876 querulanti
570 1791 641 1852 et
685 1781 1178 1876 querimoniam
1255 1780 1689 1873 promoueuti
1741 1775 2135 1851 ’omnimoda
2194 1775 2666 1849 satisfactione
2721 1797 2958 1847 coram
3012 1774 3274 1848 eisdem
3327 1778 3472 1845 im-

57 1879 58 1906 *
165 1884 436 1981 pendere
490 1882 796 1956 debeant
848 1892 918 1954 et
966 1892 1370 1971 teneantur3
1425 1884 1539 1975 qui
1593 1885 1653 1953 si
1693 1879 2025 1971 fecerint,
2079 1880 2259 1952 bene
2314 1879 2614 1974 quidem,
2686 1879 2985 1973 alioquin
3053 1877 3259 1950 iidem
3316 1876 3473 1948 Co-

57 1993 58 2072 }
168 1992 339 2059 mites
390 1985 680 2059 etdicti
729 1983 997 2059 nobiles
1048 1983 1278 2080 Regni
1330 1986 1640 2057 adminus
1698 2006 1831 2077 qua
1878 2031 3117 2056 ..........................
3140 2011 3149 2020 ·
3149 2033 3370 2052 .....
3398 2009 3472 2053 “.·.

57 2105 58 2186 ᾗ
165 2093 397 2164 octauis
447 2094 524 2162 in
581 2089 821 2167 sedem
891 2091 1258 2162 venientes
1313 2109 1392 2160 se
1439 2107 1659 2183 penes
1730 2085 1935 2159 fidem
2011 2107 2249 2158 eorum
2304 2107 2432 2158 suo
2484 2083 2692 2156 modo
2760 2082 2962 2155 fateri
3033 2092 3105 2155 et
3178 2087 3479 2156 recitare

57 2259 58 2270 ,
167 2191 428 2265 debeant
480 2202 559 2265 et
606 2201 994 2280 teneantur,
1050 2201 1442 2265 annotatum
1485 2212 1673 2265 vero
1727 2191 1960 2279 talem,
1984 2227 1991 2232 Δ
2016 2192 2131 2284 qui
2180 2188 2447 2284 prefata
2500 2188 2683 2260 facta
2735 2189 3141 2281 potentiaria
3202 2207 3475 2282 perpe-

57 2349 58 2390 3
167 2305 412 2384 trasset,
484 2306 563 2384 et
616 2318 743 2369 suo
798 2295 1042 2388 modo,⁴
1077 2298 1277 2386 juxta
1349 2293 1844 2367 antedictorum
1925 2294 2483 2365 commissionem
2562 2288 2899 2362 Comitum
2979 2311 3065 2361 ac
3143 2288 3473 2361 nobilium
3522 2337 3535 2354 -

57 2393 58 2456 ἕ
169 2397 365 2493 Regni
415 2409 487 2470 et
532 2399 849 2489 Judicum
904 2398 1042 2471 nob
1073 2449 1916 2471 ..................
1943 2438 1946 2441 «
1950 2448 2505 2468 ............
2552 2396 2874 2490 potencie
2912 2396 3302 2466 convictum
3354 2391 3480 2464 fa-

57 2527 58 2542 *
169 2525 332 2591 cere,
411 2511 484 2574 et
542 2512 942 2595 agrauatum
1010 2506 1082 2573 in
1149 2506 1299 2597 ipsa
1355 2499 1525 2574 sede
1579 2500 2025 2587 denuncient,
2092 2500 2668 2594 pronuncient·et
2718 2496 3133 2589 adjudicent,
3206 2518 3292 2568 ac
3342 2515 3480 2567 su-

57 2681 58 2684 ,
171 2626 274 2698 per
337 2605 728 2679 huiusmodi
806 2604 1315 2697 adjudicatione
1390 2625 1524 2677 nos
1602 2604 1722 2676 vel
1790 2601 2131 2675 Vicebani
2196 2604 2442 2692 nostri,
2524 2598 2828 2673 Comites
2896 2599 3015 2672 vel
3068 2597 3480 2671 Vicecomi-

173 2718 257 2778 tes
301 2709 568 2783 litteras
624 2709 1162 2781 senteutionales
1217 2708 1520 2779 emanari
1574 2706 1840 2792 facere,
1896 2715 1967 2778 et
2009 2708 2183 2800 parti
2239 2760 2256 2777 .
2289 2759 2306 2775 .
2335 2706 2485 2777 lese
2542 2753 3482 2775 ....................

175 2864 603 2884 ..........
661 2835 800 2885 non
866 2811 1020 2907 plus
1091 2813 1224 2884 nisi
1291 2833 1502 2883 vnum
1574 2809 1906 2882 florenum
1955 2830 2269 2880 aureum
2351 2808 2519 2880 dare
2594 2817 2982 2897 teneantur,
3062 2804 3149 2877 de
3204 2803 3481 2900 paribus

173 2925 366 2986 autem
413 2917 663 3011 primis
715 2915 1184 3010 dispositionis
1239 2913 1459 2987 solum
1516 2922 1788 2985 centum
1843 2911 2167 2985 denarios
2218 2913 2535 3006 recipere
2604 2911 2896 3005 possint,
2969 2916 3041 2980 et
3091 2925 3233 2981 non
3284 2909 3484 3003 plus}

177 3016 296 3089 Nos
344 3039 624 3115 qnoque
674 3019 795 3090 vel
827 3018 1163 3091 Vicebani
1216 3020 1435 3091 nostri
1488 3026 1559 3089 et
1610 3013 1942 3107 ComiteS,
1999 3037 2084 3086 ac
2138 3065 3426 3086 ...........................
3456 3041 3481 3083 ι

177 3141 287 3212 que
318 3125 811 3218 pronunciatus
863 3121 1071 3193 fuerit
1121 3126 1491 3195 vniversas
1543 3123 2063 3215 possessiones,
2119 3127 2190 3189 et
2222 3119 2592 3212 portiones
2626 3117 3222 3210 possessionarias
3258 3120 3485 3209 ipsum

175 3228 414 3320 proprie
475 3235 1029 3310 concernentes
1099 3227 1171 3298 ιιι
1242 3223 1441 3297 dictis
1498 3221 1941 3302 Comitatibus
2020 3224 2428 3309 existentes,
2511 3241 2854 3314 occupare
2909 3228 2980 3289 et
3031 3239 3489 3306 conservare,

180 3327 681 3424 adjudicatoque
734 3329 914 3417 leso,
970 3337 1039 3400 et
1091 3328 1471 3421 querulanti
1523 3330 1710 3421 prins
1749 3376 2792 3398 ......................
2818 3357 2823 3362 ’
2822 3374 3331 3393 ...........
3371 3371 3433 3391 ..
3463 3371 3484 3390 .

182 3436 495 3528 ‚ampnis,
553 3441 629 3505 et
679 3430 886 3504 rebus
938 3429 1209 3521 ablatis,
1262 3428 1782 3519 mutilatoribus,
1839 3430 2193 3522 sanguinis
2249 3424 2665 3515 efusoribus,
2720 3447 2805 3496 ac
2857 3424 3204 3496 hominum
3255 3427 3485 3495 inter—

179 3531 554 3624 fectoribus,
613 3534 1106 3624 detentorlhns,
1160 3531 1785 3622 tormentatorihus,
1839 3529 2400 3604 verberatoribus
2439 3538 2510 3600 et
2547 3549 3107 3624 quorumcunque
3146 3526 3485 3597 malorum

181 3642 430 3726 generis
455 3636 1094 3736 perpetratoribus,
1091 3637 1226 3709 vel
1250 3647 1536 3732 propter
1561 3645 1628 3708 ,ἱ
1659 3683 2455 3708 .................
2486 3669 2504 3704 ·.
2533 3684 2741 3703 .....
2774 3630 3037 3702 eisdem
3074 3631 3486 3725 possessio-

179 3738 351 3815 nibus
402 3753 474 3814 et
527 3739 979 3838 proventibus
1032 3739 1409 3813 eorundem
1465 3739 2009 3813 satisfactionem
2067 3736 2526 3811 omnimodam
2578 3733 3005 3830 impendere,
3073 3735 3488 3828 possessio-³-

182 3863 288 3916 nes
335 3854 564 3920 autem
618 3855 689 3919 et
730 3847 887 3937 jura
941 3845 1496 3941 possessionaria
1548 3845 1765 3939 ipsius
1818 3844 2153 3915 conuicti
2148 3862 2324 3914 cum
2365 3840 2715 3912 consuetis
2754 3835 3195 3934 prouentibus
3249 3845 3480 3930 prout,

183 3955 240 4016 et
283 3947 848 4043 quemadmodum
917 3970 1045 4044 per
1108 3950 1334 4043 ipsum
1389 3995 2678 4019 ...........................
2734 3940 3125 4015 serenitate
3196 3938 3326 4012 sibi
3397 3938 3488 4010 de

182 4052 494 4139 remedio,
550 4061 623 4123 et
675 4054 894 4146 gratia
947 4049 1345 4146 prouideret
1406 4059 1816 4146 opportuno,
1887 4048 2025 4120 hoc
2074 4052 2142 4120 in
2198 4050 2511 4143 premiss
2521 4067 2556 4119 s
2626 4045 2927 4132 adiecto,
2998 4041 3181 4140 quod
3237 4045 3299 4115 si
3350 4064 3490 4114 an-

181 4158 369 4227 notati
418 4152 847 4244 Vicebanus,
927 4153 1233 4228 Comites
1284 4152 1405 4227 vel
1454 4153 1949 4238 vicecomites,
2024 4150 2294 4225 nobiles
2364 4148 2591 4243 Regni
2669 4171 2754 4221 ac
2805 4147 3090 4221 Judices
3163 4144 3488 4220 nobilium

181 4307 1593 4331 ..............................
1647 4259 2056 4351 repererint,
2137 4264 2394 4326 extunc
2446 4273 2656 4348 super
2702 4251 2916 4339 illum,
2990 4261 3231 4325 contra
3286 4270 3493 4344 quem

185 4358 310 4450 ipsa
358 4365 785 4456 querimonia
837 4369 1157 4457 porrecta
1210 4357 1442 4449 fuerit,
1494 4369 1639 4433 tres
1683 4375 1963 4432 marcas
2018 4357 2452 4431 denariorum
2505 4377 2871 4445 nouorum,
2926 4376 3022 4426 ex
3057 4352 3299 4449 quibus
3350 4366 3491 4425 una

187 4458 406 4536 Comiti
456 4475 530 4537 et
582 4465 716 4537 alia
768 4464 1107 4538 nobilibus
1160 4461 1414 4558 Regni,
1469 4485 1556 4535 ac
1607 4467 1805 4536 tertia
1858 4458 2212 4535 Judicibus
2264 4458 2617 4546 nobilium,
2687 4457 2805 4530 ubi
2861 4467 3085 4529 autem
3139 4458 3429 4553 premis
3424 4509 3442 4526 .
3473 4509 3492 4526 .

189 4615 1446 4642 ...........................
1477 4605 1495 4638 -.
1551 4570 1939 4639 nominatos
2008 4573 2401 4662 perpetrata
2472 4562 2631 4635 fore
2679 4579 2822 4634 non
2866 4562 3275 4657 repererint,
3349 4580 3527 4631 01--

187 4674 328 4740 tunc
376 4692 586 4767 super
634 4672 843 4744 talem
896 4670 1367 4767 querulantem
1419 4672 1607 4765 ipsas
1639 4680 1786 4744 tres
1824 4690 2098 4743 marcas
2153 4678 2572 4762 extorquere
2624 4665 2901 4738 ualeant
2953 4673 3158 4759 atque
3200 4664 3494 4759 possint,

57 4785 58 4856 Τ
193 4778 276 4839 οι
291 4770 399 4846 ubi
450 4778 759 4848 annotati
815 4774 1086 4847 nobiles
1139 4772 1388 4869 Regni
1418 4777 1490 4845 ιιι
1542 4777 1690 4869 ipsa
1747 4772 1919 4848 sede
1969 4776 2044 4844 ιιι
2098 4771 2295 4845 dictis
2346 4771 2609 4843 octauis
2662 4790 2760 4841 ex
2787 4820 3493 4840 ...............

198 4924 813 4951 ..............
869 4900 955 4951 ac
1007 4877 1499 4951 satisfactionis
1554 4876 2130 4972 complementum
2210 4874 2511 4971 deputati
2564 4893 2720 4944 cum
2799 4870 2982 4943 dicto
3052 4868 3347 4956 Comite,
3428 4877 3502 4940 et

197 4973 517 5055 lodicibus
569 4980 895 5056 nobilium
949 4982 1036 5053 ad
1088 4982 1427 5077 premissa
1477 4977 1898 5076 perficienda
1953 4978 2298 5051 accedere
2350 4978 2647 5051 noluerit
2696 4975 2815 5048 vel
2867 4973 3236 5059 noluerint,
3291 4965 3501 5044 dem-

198 5086 296 5170 pto
343 5103 535 5169 casu,
587 5087 650 5158 si
702 5084 876 5158 alter
950 5088 1259 5182 ipsorum
1336 5083 1737 5178 quibusdam
1818 5083 1970 5156 aliis
2043 5084 2188 5155 suis
2257 5082 2558 5174 negotiis
2639 5076 2899 5168 arduis,
2978 5099 3066 5148 ac
3106 5069 3503 5149 infirmitate

201 5196 547 5282 occupatus
597 5238 2118 5262 ................................
2177 5193 2294 5257 aut
2344 5181 2569 5256 fienda
2623 5181 2757 5256 sibi
2811 5178 3315 5254 credibiliorem
3387 5187 3505 5250 aut

205 5290 721 5400 propinquiorem
792 5290 881 5363 ad
939 5294 1277 5388 premissa
1350 5290 1679 5386 deputare
1760 5298 1834 5361 et
1902 5287 2254 5362 destinare
2323 5290 2412 5360 sit
2481 5283 2852 5380 obligatus,
2925 5294 2997 5358 et
3050 5287 3111 5357 si
3161 5284 3504 5379 premissa

201 5385 544 5485 adimplere
594 5417 722 5470 seu
757 5394 1098 5491 perlicere
1148 5404 1533 5485 recusaret,
1587 5402 1845 5468 extunc
1893 5391 2055 5466 talis
2106 5413 2202 5465 ex
2244 5389 2444 5464 dictis
2494 5387 2835 5464 nobilibus
2888 5390 2962 5463 ιιι
2995 5388 3239 5485 viginti
3291 5388 3507 5481 quin-
