3950 5917
1999 983 2404 1069 con.

1389 1269 1600 1342 Anno
1660 1268 1896 1342 172⁴.
1953 1272 2069 1342 dte
2128 1269 2253 1342 19.
2306 1270 2600 1364 Aptata.
2669 1268 3030 1343 Vatum.-

529 1535 948 1618 Garolus
1011 1532 1138 1613 111.
1224 1530 1427 1613 Rex
1489 1557 1531 1610 a
1595 1532 1759 1612 SS.
1821 1542 1919 1610 et
1978 1528 2153 1610 00.
2216 1527 2541 1635 Regni
2605 1528 3108 1633 Croniae,
3172 1539 3268 1642 et
3328 1527 3884 1611 Slavoniae

1152 1670 1589 1749 militare
1652 1665 2209 1748 subsidium
2273 1665 2602 1747 24.ooo
2667 1668 2877 1747 flor.
2961 1672 3240 1773 petit.

535 1940 957 2018 GARoLvs
1033 1942 1287 2017 Divina
1366 1940 1677 2015 Favente
1762 1937 2141 2116 Gleantia
2184 1937 2508 2115 ιΕῑοὲῑιιε
2557 1938 3058 2012 Romanorum
3112 1939 3493 2035 Imperator
3565 1937 3882 2036 Semper

2001 2064 2179 2136 ugus
2210 2065 2291 2116 us
2411 2065 2469 2113 c.

846 2252 1272 2343 Reverendi‚
1350 2248 1837 2339 Honorabiles‚
1917 2247 2347 2346 spectabiles
2424 2272 2510 2321 ac
2579 2247 2952 2344 magnifici,
3034 2271 3167 2321 nec
3244 2270 3385 2323 non
3452 2248 3756 2345 Egregij
3816 2258 3880 2321 et

530 2356 844 2443 Nobiles,
899 2355 1144 2430 fideles
1195 2353 1396 2428 nobis
1448 2354 1720 2429 Dilecti.
1803 2352 2050 2426 Relata
2103 2363 2262 2426 sunt
2310 2350 2513 2426 nobis
2566 2376 2678 2439 ea„
2735 2375 2912 2447 quae
2966 2352 3053 2425 ad
3090 2353 3499 2448 postulatum
3554 2363 3874 2427 nostrum

532 2461 756 2535 adhuc
807 2461 1074 2534 decima
1128 2468 1367 2554 quarta
1418 2456 1576 2550 Julij
1630 2479 1809 2529 anno
1866 2455 2113 2529 abhinc
2166 2459 2506 2551 superiori
2555 2455 2643 2528 ad
2699 2479 2832 2529 vos
2887 2466 3274 2530 emanatum
3346 2456 3435 2529 de
3495 2456 3866 2554 pendenda

533 2567 778 2659 viginti
831 2573 1122 2659 quatuor
1174 2562 1357 2634 mille
1411 2558 1826 2634 florenorum
1884 2558 2418 2634 Contributionis
2489 2558 2796 2644 Summa,
2878 2560 2994 2633 vel
3047 2562 3199 2652 ejus
3251 2561 3412 2632 loco
3463 2559 3867 2656 recipiendo

533 2670 603 2741 in
644 2668 959 2761 Regnum
997 2665 1381 2760 alendoque
1435 2667 1900 2761 aequiparanti
1951 2663 2230 2736 militum
2285 2686 2571 2736 numero
2607 2673 2746 2735 tam
2785 2663 3077 2735 antehac
3131 2663 3607 2758 respondistis,
3669 2685 3863 2759 quam

533 2774 925 2867 nuperrime
979 2769 1466 2841 Commissioni
1516 2790 1609 2841 ex
1661 2766 1966 2841 Consilio
2040 2766 2292 2840 Nostro
2352 2767 2569 2839 Aulae
2622 2768 2910 2855 Bellico„
2982 2771 3076 2839 uti
3131 2778 3202 2839 et
3249 2764 3541 2839 Camera
3612 2766 3860 2840 Nostra

536 2874 788 2947 Aulica
837 2895 922 2945 ac
977 2872 1404 2946 cancellaria
1457 2871 1847 2965 Hungarica
1906 2894 2126 2966 aeque
2205 2871 2442 2942 Aulica
2518 2873 2928 2962 conjunctae
2980 2893 3104 2966 per
3155 2870 3536 2965 Deputatos
3592 2894 3637 2943 e
3694 2893 3862 2964 gre-

538 2981 676 3049 mio
730 2986 972 3050 vestro
1022 2977 1637 3072 repraesentastis3
1686 2997 1973 3070 quorum
2031 2979 2231 3048 etiam
2287 2979 2520 3047 intuitu
2575 2985 2779 3068 atque
2835 2998 2930 3047 ex
2980 2974 3331 3069 singulari,
3387 2997 3518 3069 qua
3573 2972 3864 3046 Charis-

535 3082 782 3154 simum
833 3079 1159 3152 Nostrum
1212 3079 1739 3153 haereditarium
1823 3077 2143 3151 Croatiae
2213 3077 2529 3171 Regnum
2609 3100 2884 3173 semper
2955 3077 3468 3173 complectimur
3537 3076 3861 3152 benevo—

534 3183 771 3274 lentia,
826 3182 1051 3279 quoad
1106 3204 1231 3278 per
1281 3181 1587 3278 publicas
1641 3186 1943 3255 rationes
2003 3181 2148 3254 lieri
2201 3191 2451 3276 potest,
2509 3179 2709 3255 vohis
2763 3180 3132 3275 gratificari
3185 3182 3530 3270 volentes,
3585 3181 3677 3252 ad
3738 3181 3862 3253 de-

534 3292 816 3358 missam
898 3298 1200 3360 vestram
1283 3287 1838 3382 deprecationem
1910 3284 2208 3379 henigne
2261 3289 2328 3357 in
2385 3308 2472 3358 eo
2529 3285 3177 3374 condescendimus,
3258 3307 3348 3357 ne
3402 3308 3577 3380 quae
3636 3287 3861 3357 militia

535 3389 790 3463 Nostra
870 3391 1028 3461 illac
1108 3389 1436 3483 dirigatur
1484 3400 1554 3463 et
1607 3392 1962 3463 actualiter
2041 3389 2372 3460 illocetur.
2481 3388 2815 3475 Quoniam
2896 3399 3125 3461 autem
3195 3392 3340 3480 jam
3419 3410 3545 3483 per
3610 3389 3861 3484 aliquot

535 3515 757 3566 annos
814 3491 897 3565 ab
954 3493 1285 3588 hybernio
1369 3497 1687 3588 omnique
1742 3495 1875 3565 alio
1931 3493 2206 3578 tributo,
2289 3496 2396 3562 cui
2453 3497 2676 3564 omnia
2751 3501 3027 3564 caetera
3080 3491 3332 3564 Nostra
3408 3490 3857 3565 haereditaria

534 3596 782 3690 Regna
865 3606 935 3668 et
1005 3597 1416 3670 Provinciae
1496 3597 1964 3687 subjacebant,
2041 3604 2111 3667 et
2180 3596 2560 3667 adhucdum
2643 3596 3042 3686 subJaoent‚
3125 3595 3255 3668 soli
3325 3617 3458 3667 vos
3528 3599 3856 3668 immunes

537 3704 775 3778 eratis.
858 3703 962 3772 sic
1006 3702 1153 3792 jam
1210 3723 1296 3770 eo
1352 3704 1574 3794 magis
1629 3701 2065 3772 inhaeremus
2137 3698 2493 3793 praefatae
2547 3699 2977 3771 Resolutioni
3030 3697 3328 3771 Nostrae
3400 3698 3626 3793 quoad
3686 3702 3854 3772 alte-

535 3827 683 3874 ram
735 3813 997 3898 partem
1052 3805 1372 3897 postulati
1425 3803 1659 3875 Nostri
1714 3804 2118 3874 alternative
2192 3800 2392 3875 vobis
2455 3805 2763 3889 intimati„
2834 3814 2908 3874 ut
2958 3823 3231 3898 nempe,
3306 3802 3487 3896 quod
3541 3814 3850 3898 respectu

535 3908 950 4001 reliquarum
1005 3906 1327 3978 ditionum
1381 3905 1783 3979 Nostrarum
1848 3905 2054 3978 valde
2109 3910 2430 3999 exiguum
2488 3915 2620 3984 est„
2688 3905 2934 3977 dictam
3006 3909 3250 3998 viginti
3321 3917 3610 4000 quatuor
3687 3908 3848 3979 mille

537 4007 954 4083 florenorum
991 4009 1339 4081 Summam
1373 4031 1499 4105 pro
1537 4014 1832 4082 currenti
1880 4009 2012 4082 hoc
2054 4032 2230 4082 anno
2290 4010 2754 4082 contribuatiS.
2810 4009 2962 4096 Quo
3000 4031 3176 4082 vero
3230 4013 3377 4105 ipsa
3433 4010 3610 4082 haee
3651 4033 3844 4106 prae-

542 4116 746 4185 statio
828 4111 1029 4186 vohis
1110 4116 1520 4185 tantominus
1602 4118 1909 4207 graviter
1989 4112 2279 4198 accidat,
2361 4114 2656 4206 benigne
2709 4117 2964 4208 pariter
3018 4115 3400 4203 annuimus,
3454 4123 3524 4185 ut
3577 4123 3840 4210 uterque

541 4213 992 4288 Generalatus
1047 4215 1602 4290 Varasdiniensis
1657 4227 1726 4288 et
1783 4216 2382 4300 CarlostadiensiS„
2437 4221 2532 4288 uti
2587 4226 2658 4289 et
2712 4216 3093 4290 Cameralia
3147 4217 3398 4290 Nostra
3455 4216 3638 4289 bona
3693 4224 3835 4291 intra

538 4317 764 4413 Regni
798 4319 1046 4393 limites
1085 4321 1241 4408 sita,
1296 4324 1362 4391 in
1398 4330 1657 4415 partem
1716 4324 1948 4393 oneris
1998 4322 2092 4391 ita
2128 4323 2435 4408 veniant,
2488 4329 2561 4392 ut
2614 4330 2988 4393 memorata
3040 4312 3283 4413 viginti
3337 4330 3631 4416 quatuor
3685 4323 3832 4395 mille

539 4421 955 4494 florenorum
1009 4422 1287 4494 Summa
1341 4427 1408 4494 in
1462 4427 1757 4518 quinque
1808 4434 2039 4519 partes
2113 4422 2475 4512 dividatura
2549 4434 2617 4496 et
2671 4428 3024 4517 signanter
3093 4434 3234 4498 tres
3308 4426 3758 4518 quintalitates
3801 4449 3829 4495 a

538 4523 959 4599 charissimo
1014 4524 1268 4599 Nostro
1326 4525 1644 4599 Oroatiae
1698 4527 1945 4620 Regno
2020 4528 2422 4604 simul.cum
2482 4528 2676 4599 dietis
2751 4527 3020 4601 Nostris
3093 4526 3292 4600 honis
3366 4527 3827 4601 CameralibuS.

536 4630 799 4701 alterae
879 4629 1055 4701 duae
1136 4630 1588 4724 quintalitates
1670 4651 1843 4702 vero
1910 4653 1947 4700 a
2012 4629 2337 4725 praefatis
2394 4630 2724 4703 ambobus
2783 4627 3300 4703 Generalatihus
3359 4654 3445 4702 eo
3493 4637 3825 4728 promptius

535 4732 942 4827 pendantur,
990 4755 1144 4805 cum
1197 4731 1263 4804 id
1319 4737 1535 4827 ipsum
1594 4742 1913 4827 quantum
1985 4732 2270 4827 Legioni
2338 4733 2632 4806 Nostrae
2683 4735 3161 4806 Dimacharum
3217 4735 3824 4829 Wirtenbergianae

537 4837 606 4907 in
644 4846 905 4931 partem
960 4834 1392 4908 obvenientis
1449 4836 1671 4908 eidem
1717 4837 2242 4909 alimentationis
2297 4842 2716 4932 assignatum
2764 4841 2908 4929 jam
2949 4842 3053 4910 sit.
3116 4836 3533 4912 Confidimus
3580 4840 3822 4933 proinde

535 4941 607 5009 in
664 4942 942 5033 cognito
998 4949 1235 5012 vestro
1290 4941 1446 5011 zelo
1502 4963 1586 5011 ac
1640 4939 2040 5029 devotione
2098 4963 2228 5013 vos
2286 4941 2370 5013 ad
2427 4941 2810 5035 exemplum
2869 4944 3151 5014 aliarum
3208 4946 3504 5015 omnium
3558 4942 3823 5015 Provin-

536 5046 798 5115 ciarum
834 5041 1236 5116 Nostrarum
1291 5041 1815 5116 haereditarium
1853 5044 1918 5116 id
1958 5042 2218 5139 absque
2255 5044 2710 5116 haesitatione
2764 5045 3084 5118 alacriter
3133 5056 3624 5140 praestaturos
3673 5047 3822 5118 unde

534 5143 754 5219 Nobis
789 5144 1158 5219 Servitium
1195 5147 1631 5241 singulariter
1664 5157 2017 5243 acceptum
2075 5145 2502 5220 exhibebitis.
2560 5147 2687 5235 Qui
2724 5169 2930 5242 porro
2971 5149 3170 5222 vobis
3216 5152 3504 5243 gratiam
3541 5148 3823 5222 Nostram

537 5246 1234 5342 Caesareo-Regiam
1283 5251 1660 5322 clementer
1691 5273 1930 5324 rursus
1970 5251 2472 5324 confirmamus.
2528 5249 2931 5325 Dabantur
2913 5275 2978 5323 m
3019 5251 3312 5325 Civitate
3347 5252 3596 5325 Nostra
3631 5250 3825 5325 Vien-

533 5354 738 5424 nensi
798 5349 908 5422 die
963 5351 1230 5425 decima
1285 5373 1466 5426 nona
1520 5351 1782 5430 Mensis
1839 5355 2117 5449 Aprilis
2174 5355 2379 5427 Anno
2417 5353 2781 5429 Millesimo
2838 5355 3468 5451 Septingentesimo
3521 5359 3822 5451 vigesimo
