3950 5917
3350 417 3507 510 195

179 643 482 740 wegle,
528 639 919 719 Modrussie
973 644 1279 734 Comitis,
1332 650 1687 742 proposuit
1734 669 1823 720 eo
1876 646 2130 721 modo:
2236 647 2436 734 Quod
2492 648 2802 741 quamuis
2869 646 3032 720 olim
3096 642 3511 739 Magnificus

179 749 505 824 baanes
575 748 830 824 Comes
884 750 1169 845 Segnia,
1239 749 1498 845 Wegle
1548 761 1619 825 et
1666 750 2083 840 Modrussie,
2154 771 2329 825 avus
2397 751 2724 825 videlicet
2789 753 3090 846 ipsorum
3160 749 3504 822 Banorum

181 862 262 926 et
307 852 672 944 Comitum,
723 853 1172 928 mediantibus
1223 855 1436 928 literis
1491 865 1562 927 et
1609 858 2073 928 instrumentis
2127 853 2546 944 efficacibus,
2601 855 2969 951 superinde
3021 853 3387 940 confectis,
3433 862 3512 924 et

179 977 430 1030 coram
509 967 745 1032 nostra
825 962 1182 1032 maiestate
1234 963 1304 1032 in
1359 962 1593 1056 specie
1654 959 2032 1055 productis,
2110 963 2290 1032 inter
2354 969 2614 1048 cetera,
2684 963 2753 1032 in
2809 959 3069 1033 eisdem
3138 958 3380 1031 litteris
3433 965 3506 1028 et

175 1064 657 1135 instrumentis
736 1062 1003 1156 plenius
1080 1072 1433 1152 contenta,
1510 1066 1780 1157 triginta
1853 1063 1988 1136 duo
2060 1061 2266 1135 millia
2338 1062 2754 1137 florenorum
2825 1065 2972 1136 auri
3025 1064 3174 1159 puri
3224 1069 3297 1133 et
3346 1062 3502 1133 iusti

179 1166 522 1261 ponderis
574 1170 643 1238 in
700 1164 928 1238 dotem
992 1175 1063 1238 et
1109 1171 1377 1239 ratione
1445 1165 1625 1241 dotis
1693 1167 1999 1261 predicte
2067 1167 2406 1262 quondam
2477 1167 2749 1241 domine
2818 1165 3199 1255 Elisabeth,
3266 1169 3504 1237 matris

179 1273 408 1365 ipsius
463 1267 746 1343 Comitis
800 1269 1039 1361 Vlrici,
1094 1280 1336 1366 sponte
1393 1280 1462 1342 et
1512 1270 1883 1362 liberaliter
1934 1270 2346 1359 ordinasset,
2427 1272 2883 1366 disposuisset
2932 1280 3004 1344 et
3049 1273 3505 1366 promisisset,

175 1393 316 1467 pro
390 1372 633 1469 quibus
706 1373 974 1468 quidem
1044 1377 1314 1466 triginta
1369 1374 1636 1448 duobus
1704 1374 2000 1449 Millibus
2072 1374 2485 1448 florenorum
2558 1379 2702 1447 auri
2773 1375 3208 1448 medietatem
3277 1373 3506 1446 insule

177 1475 565 1569 Wegle,
645 1499 779 1549 nee
847 1500 985 1552 non
1056 1477 1296 1551 Castra
1368 1478 1684 1568 Tersath,
1763 1478 2037 1570 Bukarij
2096 1487 2167 1551 et
2216 1477 2521 1571 Barbari}
2601 1489 2881 1569 vocata,
2958 1501 3115 1551 wcum
3183 1477 3503 1550 omnibus

176 1578 445 1653 iuribus
502 1591 573 1654 et
621 1580 1068 1676 proventibus
1122 1603 1388 1673 eorum,
1442 1605 1576 1655 nee
1627 1605 1766 1654 non
1819 1584 2055 1655 villam
2106 1582 2518 1679 Birclropag,
2574 1606 2656 1656 ac
2692 1587 2963 1656 vineam
3000 1585 3068 1654 in
3104 1581 3505 1674 Vinotlolio,

177 1705 409 1780 penes
492 1706 707 1773 mare,
786 1708 1001 1781 prope
1078 1687 1310 1759 villam
1390 1685 1635 1760 dictum
1708 1687 1911 1758 Selca
1988 1690 2212 1771 sitam,
2285 1687 2369 1759 ad
2423 1686 2805 1759 habendum
2860 1695 2931 1760 et
2978 1685 3505 1777 vsufruendutn,

174 1788 756 1883 quemadmodum
832 1790 1176 1884 predictus
1255 1791 1594 1886 quondam
1674 1790 1928 1863 Comes
2010 1791 2438 1885 Stephanus,
2535 1804 2729 1887 pater
2825 1789 3128 1863 eiusdem
3225 1789 3503 1862 domine

174 1890 540 1964 Elisabeth
592 1893 1023 1987 possedisset
1070 1903 1143 1966 et
1192 1899 1553 1986 tenuisset,
1608 1898 1883 1967 nomine
1936 1904 2008 1968 et
2054 1896 2245 1967 titulo
2299 1899 2605 1991 pignoris
2658 1895 3057 1987 obligasset,
3119 1894 3503 1989 eademque

177 1995 461 2069 domina
542 1995 919 2087 Elisabeth,
1000 2007 1219 2071 mater
1294 2002 1506 2094 ipsius
1589 1997 1869 2072 Comitis
1926 1998 2164 2079 Vlrici,
2242 2002 2456 2093 ipsam
2510 1999 2942 2072 medietatem
3020 1999 3245 2072 insule
3300 1996 3498 2070 simul

175 2121 337 2200 eum
393 2100 719 2196 predictis
774 2100 1031 2176 Castn's
1086 2114 1157 2175 et
1208 2123 1448 2174 eorum
1499 2106 1954 2198 pertinentiis,
2006 2106 2273 2175 ratione
2328 2125 2454 2175 sue
2507 2103 2711 2192 dotis,
2780 2104 2973 2175 titulo
3025 2105 3184 2176 iusti
3234 2105 3496 2198 pigno-

173 2208 303 2289 τῖε,
382 2227 606 2300 Vsque
675 2209 818 2276 vite
871 2228 998 2278 sue
1047 2216 1354 2302 tempora
1409 2206 1695 2302 pacifice
1746 2215 1816 2278 et
1868 2205 2127 2302 absque
2195 2207 2731 2279 contradictione
2801 2209 3161 2296 tenuisset,
3232 2226 3499 2300 posse-

176 2306 429 2397 disset,
504 2319 574 2381 et
625 2310 992 2398 vtilitates,
1046 2310 1500 2383 emolumenta
1557 2320 1628 2383 et
1681 2320 2057 2406 proventus
2128 2332 2366 2383 eorum
2434 2316 2863 2408 percepisset
2929 2320 2999 2383 et
3062 2313 3321 2406 percipi
3374 2308 3498 2382 fe-

175 2415 420 2484 cisset.
527 2412 785 2484 Tamen
839 2414 1082 2485 eadem
1137 2415 1407 2487 domina
1462 2413 1844 2502 Elisabeth,
1915 2421 2119 2509 provt
2189 2414 2462 2487 domino
2535 2416 2929 2510 placuisset,
3002 2413 3086 2486 ab
3156 2413 3287 2486 bac
3351 2417 3492 2485 vita

177 2515 476 2605 sublata,
531 2538 697 2588 mox
748 2516 1052 2612 prefatus
1107 2518 1447 2613 quondam
1503 2515 1757 2592 Comes
1809 2517 2160 2605 Nicolaus,
2216 2528 2410 2614 pater
2459 2518 2781 2592 videlicet
2831 2518 3285 2615 predictorum
3338 2516 3492 2588 Ba-

173 2640 423 2692 nornm
482 2630 553 2692 et
605 2620 938 2694 Comitum
992 2622 1352 2712 Johannis,
1407 2622 1758 2718 Stephani..
1810 2622 2103 2709 Nicolai,
2159 2622 2641 2708 Bal-tholomei,
2692 2625 2997 2719 Dwymi,
3052 2621 3498 2716 sigismundi,

176 2724 497 2813 Audi-ee,
551 2724 769 2814 lvani,
823 2725 1189 2798 antefatum
1240 2726 1674 2799 medietatem
1729 2727 1953 2799 insule
2004 2725 2289 2821 Wegle,
2343 2749 2476 2799 nec
2513 2749 2648 2800 non
2704 2725 2943 2801 Castra
2998 2730 3496 2822 prenominata,

177 2828 557 2923 villamque
636 2825 1064 2924 Birchopagb
1118 2853 1202 2902 ac
1249 2834 1525 2903 vineam
1607 2830 2058 2926 supradictas,
2119 2853 2160 2901 a
2215 2829 2523 2904 manibus
2603 2835 2816 2927 ipsius
2897 2828 3175 2904 Comitis
3255 2829 3493 2919 Vlrici,

180 2954 601 3026 suorumque
656 2933 1066 3022 officialium,
1146 2934 1327 3007 nulla
1384 2933 1513 3008 sibi
1567 2945 1638 3006 et
1687 2933 2010 3030 predictis
2079 2937 2351 3027 triginta
2402 2935 2664 3009 duobus
2715 2934 3009 3008 Millibus
3081 2933 3494 3007 florenorum

179 3040 360 3122 auri,
427 3040 498 3108 in
556 3058 711 3109 eum
763 3040 910 3110 iure
965 3047 1273 3110 materno
1355 3037 1721 3128 devolutis,
1803 3037 2273 3113 satisfactione
2350 3041 2686 3136 impensa,
2767 3040 3220 3135 potentialiter
3274 3060 3500 3110 occu-

180 3150 444 3233 passet,
497 3150 571 3212 et
623 3152 991 3237 occupatas
1045 3163 1169 3237 per
1218 3142 1538 3215 nonnulla
1594 3152 1898 3238 tempora
1951 3142 2369 3216 detinuisset.
2435 3143 2771 3239 Nuncque
2820 3147 3269 3240 prenominati
3321 3143 3492 3216 Bani

189 3252 264 3314 et
317 3240 639 3332 Comites,
695 3243 811 3317 filii
863 3249 1075 3341 ipsius
1128 3245 1469 3341 quondam
1522 3243 1801 3319 Comitis
1845 3245 2140 3334 Nicolai,
2193 3246 2575 3320 huiusmodi
2628 3246 3059 3320 medietatem
3109 3252 3321 3342 ipsius
3376 3251 3497 3320 in·-

185 3346 340 3418 sule
390 3346 674 3443 Wegle,
728 3349 1206 3445 supradictam,
1262 3351 1461 3424 simul
1514 3371 1666 3422 cum
1722 3359 1906 3422 certa
1967 3362 2156 3446 parte
2210 3351 2494 3423 aliorum
2564 3351 2822 3423 Jurium
2896 3372 3169 3424 suorum
3225 3360 3493 3423 mater-

176 3471 424 3524 norum
480 3457 885 3548 occupatiue
940 3463 1009 3526 et
1058 3452 1354 3526 indebite
1427 3453 1831 3542 detinerent,
1909 3464 2417 3550 prouentusque
2471 3465 2541 3527 et
2589 3455 2912 3527 vtilitates
2966 3477 3050 3526 ac
3104 3454 3494 3527 obuencio-

175 3577 308 3628 nes
364 3556 451 3628 ad
507 3578 837 3630 summam
917 3557 1227 3631 adminus
1304 3580 1522 3652 usque
1601 3557 1839 3630 decem
1920 3557 2199 3630 Millium
2270 3557 2682 3631 florenorum
2755 3563 2888 3654 ipsi
2957 3552 3201 3630 Comiti
3254 3556 3490 3629 Vlrico

179 3663 552 3755 prouenire
623 3660 1026 3734 debencium
1080 3684 1160 3736 se
1213 3662 1704 3751 extendentes,
1759 3684 1797 3733 a
1852 3664 2181 3758 principio
2216 3665 2735 3757 ‘occupacionis
2807 3685 3025 3758 vsque
3077 3666 3144 3734 in
3203 3683 3493 3757 presens

173 3772 447 3859 tempus
502 3764 590 3835 de
640 3765 902 3838 eisdem
980 3765 1408 3838 extrahendo
1470 3775 1541 3837 et
1593 3768 2075 3862 percipiendo,
2155 3766 2503 3860 supplican
2532 3822 2548 3839 .
2578 3821 2594 3838 .
2648 3767 2827 3838 idem
2885 3765 3136 3837 Comes
3189 3765 3490 3858 Vlricus,

175 3887 390 3963 super
467 3872 822 3962 premissis
899 3892 995 3942 ex
1064 3880 1256 3964 parte
1335 3869 1753 3965 prefatorum
1823 3869 2165 3942 Banorum
2222 3880 2293 3943 et
2345 3869 2677 3943 Comitum
2729 3871 2987 3963 Segnis
3062 3870 3147 3941 de
3201 3873 3367 3941 iuris
3421 3880 3493 3942 et

171 3974 451 4044 iusticie
529 3972 836 4045 remedio
915 3974 1301 4068 prouideri3
1382 3994 1672 4069 cumque
1742 3995 1872 4046 nos
1926 3973 2059 4066 hijs
2109 3973 2353 4046 auditis
2417 3985 2487 4047 et
2537 3979 2902 4071 perceptis,
2982 3997 3107 4072 per
3183 3973 3491 4069 prefatos

169 4074 560 4148 Johannem
616 4087 687 4148 et
737 4075 1152 4172 Stephanum
1210 4075 1438 4150 Banos
1492 4099 1577 4149 ac
1630 4078 1805 4149 alios
1859 4077 2162 4151 Comites
2234 4076 2483 4151 fratres
2556 4101 2790 4151 eorum
2854 4088 3278 4174 prenotatos,
3352 4101 3489 4150 vna

176 4202 332 4252 eum
387 4177 585 4252 dictis
638 4179 925 4253 Prelatis
980 4191 1050 4252 et
1099 4180 1482 4254 Batonibus
1550 4184 1830 4271 nostris,
1908 4183 2171 4254 racioni
2240 4180 2623 4254 huiusmodi
2693 4186 3175 4279 occupacionis
3230 4191 3300 4254 et
3350 4183 3493 4254 de-

169 4286 519 4356 tensionis
589 4282 769 4357 dicte
837 4286 1219 4358 medietatis
1288 4287 1513 4359 insule
1572 4283 1830 4379 Wegle
1906 4289 2331 4380 a'iornmque
2408 4289 2920 4383 premissorum,
2993 4290 3063 4359 in
3114 4296 3347 4360 nostra
3403 4310 3488 4358 ac

167 4389 512 4461 dictorum
567 4387 990 4461 Prelatorum
1028 4411 1113 4460 ac
1142 4388 1484 4462 Beronum
1537 4399 1925 4462 nostrorum
1976 4394 2341 4484 presencia
2394 4394 2684 4485 proponi
2738 4401 2807 4463 et
2855 4391 3139 4485 allegari
3190 4394 3493 4486 petiuis-

173 4513 414 4565 semus
461 4502 536 4564 et
586 4493 822 4565 audire
870 4491 1359 4579 voluissemus,
1411 4496 1584 4588 ipsis
1631 4493 1964 4587 siquidem
2018 4492 2225 4566 Banis
2279 4503 2350 4567 et
2402 4492 2774 4568 Comitibus
2837 4495 3096 4588 Segnis
3148 4499 3482 4590 premissa

169 4618 312 4669 non
367 4592 888 4690 abnegantibus,
942 4593 1371 4692 diuersisque
1424 4600 1602 4669 inter
1648 4608 1881 4692 partes
1932 4606 2260 4693 vtrasque
2312 4618 2439 4693 per
2490 4609 2720 4671 certos
2774 4597 3084 4672 Prelatos
3135 4610 3204 4671 et
3256 4598 3491 4670 Baro-
3625 4665 3633 4674 .

168 4721 300 4773 nes
376 4710 684 4787 nostros,
753 4722 878 4797 per
925 4698 1352 4774 Maiestatem
1423 4711 1726 4774 nostram
1781 4701 1867 4774 ad
1920 4701 1987 4774 id
2044 4701 2427 4798 deputatos,
2502 4703 2865 4797 colloquiis
2919 4725 3047 4775 seu
3101 4704 3482 4776 interlocu-

28 4818 31 4835 '
172 4803 492 4877 cionibus
560 4802 955 4900 prehabitis,
1026 4804 1297 4877 tandem
1368 4801 1614 4901 prefati
1678 4801 1932 4879 Comes
1984 4804 2259 4879 Vlricus
2327 4807 2780 4902 personaliter
2846 4806 3029 4896 hinc,
3102 4805 3258 4878 inde
3316 4830 3489 4879 uero

165 4911 627 5004 prenominati
700 4908 1053 4983 Jobannes
1129 4919 1198 4981 et
1245 4908 1634 5006 Stephanus
1710 4908 1907 4996 Bani,
1988 4906 2425 5005 Comitesque
2503 4909 2856 5002 Nicolaus,
2936 4909 3485 4996 Bal-tholomeus,

163 5009 539 5108 Dwymus,
596 5010 1097 5107 sigismundus,
1175 5011 1496 5087 Andreas
1551 5022 1619 5086 et
1670 5013 1972 5101 iwanus,
2041 5034 2171 5109 pro
2220 5035 2301 5086 se
2354 5015 2663 5087 similiter
2726 5015 3183 5111 personaliter
3233 5025 3303 5087 et
3355 5037 3485 5111 pro

163 5113 464 5190 But-tino
521 5113 806 5241 absente
857 5116 1069 5190 fratre
1133 5137 1368 5190 eorum
1421 5120 1718 5203 uterino,
1787 5126 2002 5189 totum
2057 5138 2233 5242 onus
2286 5127 2358 5240 et
2406 5139 2779 5210 grauamen
2833 5118 3139 5192 eiusdem
3193 5123 3261 5192 in
3317 5141 3483 5192 om·-

161 5217 1218 5420 ssssi‘etfflssffiitz’ffiuss‘
1242 5219 1442 5397 3:22:
1507 5224 1806 5420 &3¹:230
1829 5224 2327 5397 Ἲοὶᾏζξῗὲἰθ
2346 5223 3051 5417 Ἓῖῖἓὶῗῗῖἒὲωῗθ
3078 5247 3169 5402 111²
3171 5234 3485 5401 ‘2¹:³³3

169 5428 360 5504 totali
413 5449 627 5508 enum
681 5432 1045 5526 premissa,
1117 5426 1570 5526 omnibusque
1620 5438 1691 5502 et
1742 5429 2030 5522 singulis
2083 5428 2392 5505 eiusdem
2446 5451 2659 5506 cause
2711 5430 3223 5611 depenggncijs,
3297 5451 3480 5508 con-
