3950 5917
3355 469 3476 548 m

108 674 411 751 stolicae
470 672 647 748 Sedi
719 671 927 748 fidem
980 669 1373 766 obseruem,
1446 683 1517 747 et
1568 671 1885 771 quidquid
1934 671 2048 745 hic
2100 675 2171 747 in
2219 671 2468 769 Regno
2538 683 2673 747 tam
2743 673 3152 771 Apostolica'
3203 677 3464 772 Sedes,

114 801 314 876 quam
372 781 490 853 sui
544 779 767 874 legati
820 788 1221 871 sanxerunt,
1277 787 1393 850 aut
1441 780 1819 869 sanxerint,
1871 776 2413 851 irreuocabiliter
2466 778 2870 871 custodiam,
2939 783 3261 855 iustitiam
3314 805 3462 855 ex-
3613 827 3618 832 -

114 884 367 974 oolam,
428 881 805 956 Ecclesias
859 881 1250 975 defendam,
1318 884 1683 980 primitiae,
1754 880 2093 972 decimae,
2165 885 2597 978 omniumque
2653 882 2739 954 ad
2789 881 3179 960 Ecclesiam
3228 891 3458 983 perti-

114 991 427 1061 nentium
480 996 900 1084 procurator
950 989 1271 1079 existam,
1320 989 1510 1060 vitae
1556 983 2084 1082 Episcoporum,
2134 983 2695 1081 presbiterorum,
2750 985 3220 1081 diaconorum,
3277 988 3458 1063 sub-

113 1091 745 1187 diaconorumque,
796 1099 878 1165 vt
929 1099 1120 1165 caste
1172 1099 1244 1163 et
1291 1090 1627 1184 regaliter·
1669 1092 1931 1177 uiuant,
1981 1087 2421 1186 prouideam,
2399 1114 2418 1131 ·
2487 1110 2854 1187 pauperes,
2924 1092 3196 1185 viduas,
3250 1103 3456 1190 atque

113 1196 414 1292 pupillos
470 1205 863 1292 protegam,
914 1194 1313 1289 parentelae
1361 1195 1664 1266 illicitam
1718 1193 2033 1288 copulam
2086 1192 2475 1284 destruens,
2527 1193 2899 1318 legitimam
2936 1194 3167 1270 dotem
3221 1199 3460 1288 anulo,

115 1299 657 1396 sacerdotisque
726 1295 1207 1372 benedictione
1273 1300 1707 1389 constituam,
1779 1299 1845 1369 dc
1913 1300 2345 1371 constitutam
2415 1301 2756 1396 corrumpi
2824 1322 2965 1373 non
3030 1304 3460 1397 permittam;

114 1401 476 1476 bominum
529 1402 1002 1476 venditionem
1055 1399 1541 1491 contradicam,
1596 1410 1798 1497 atque
1850 1402 1921 1473 in
1976 1398 2313 1492 omnibus,
2367 1423 2543 1496 quae
2597 1400 2683 1475 ad
2734 1402 3153 1478 rectitudinis
3208 1414 3458 1479 statum

116 1517 547 1602 congruunt..
600 1505 756 1579 Deo
804 1514 1115 1630 auctore,
1167 1527 1279 1579 me
1332 1527 1623 1601 aequum
1676 1502 2059 1580 exhibeam.
2148 1505 2616 1578 Ducentorum
2668 1529 2891 1602 quoqe
2943 1508 3454 1583 Bizantinorum

116 1610 473 1702 tributum,
531 1631 845 1683 meorum
898 1612 1195 1683 omnium
1249 1610 1562 1685 consultu
1612 1607 2008 1700 Primatum,
2070 1605 2328 1682 Sancto
2378 1607 2612 1701 Petro,
2663 1631 2791 1706 per
2845 1613 3152 1706 singulos
3205 1612 3456 1687 Annos

116 1717 181 1787 in
208 1716 752 1789 resurrectione
801 1712 1102 1805 Domini,
1156 1712 1245 1787 de
1296 1713 1461 1786 mihi
1514 1732 1859 1788 concesso
1910 1733 2133 1807 regno
2182 1711 2684 1808 persoluendos
2738 1723 2983 1788 statuo.
3035 1715 3126 1789 Et
3167 1727 3247 1791 vt
3294 1727 3457 1812 post

119 1841 219 1893 ne
266 1820 650 1914 regnaturi
701 1816 834 1891 hoc
887 1815 1067 1890 idem
1114 1826 1446 1914 perpetuo
1496 1825 1801 1908 seruent,
1857 1837 2145 1907 censeo,
2197 1814 2603 1902 corroboro,
2657 1825 2860 1913 atque
2915 1823 3177 1893 sancio.
3246 1819 3459 1893 Dono

120 1925 429 2021 isuper,
478 1920 827 2011 concedo,
899 1930 1101 2017 atque
1162 1919 1496 1994 confirmo
1549 1919 1973 2017 apostolicae
2026 1918 2218 2012 Sedi,
2271 1918 2509 1996 Sancti
2560 1918 2880 2014 Gregorii
2928 1922 3457 2017 monasterium,

121 2031 217 2100 ui
262 2027 526 2100 Vrnna
583 2035 694 2099 est
741 2023 1178 2115 vocabulum,
1248 2047 1405 2098 cum
1457 2027 1645 2097 omni
1696 2046 1825 2099 suo
1875 2023 2228 2114 thesauro,
2299 2024 2567 2098 scilicet
2618 2047 2772 2098 cum
2826 2046 3037 2121 capsa
3089 2037 3456 2121 argentea,

120 2132 444 2227 rffiquias
502 2132 694 2204 sacri
745 2133 1056 2225 corporis
1110 2127 1417 2204 eiusdem
1486 2125 1671 2202 beati
1724 2126 2042 2223 Gregorii
2095 2129 2513 2219 continente,
2585 2150 2738 2202 cum
2786 2127 3048 2205 duabus
3101 2129 3449 2222 crucibus,

122 2256 262 2307 em
314 2235 562 2308 calice
614 2242 688 2306 et
734 2241 1013 2340 patena,
1066 2255 1220 2306 cum
1273 2232 1535 2308 duabus
1587 2235 1866 2307 coronis
1919 2234 2174 2324 aureis,
2240 2233 2530 2326 gemmis
2584 2235 2869 2324 ornatis,
2920 2255 3075 2306 cum
3128 2256 3456 2329 euange—

120 2337 353 2412 liorum
427 2346 637 2412 textu
688 2336 780 2410 de
832 2328 1146 2429 argento,
1219 2357 1507 2432 cumque
1574 2334 1885 2410 omnibus
1957 2337 2101 2410 suis
2168 2333 2528 2409 mobilibus
2582 2346 2652 2410 et
2701 2336 3152 2412 immobilibus
3218 2337 3452 2432 bonis,

126 2452 193 2514 et
228 2443 483 2516 Sancti
540 2440 733 2514 Petri
800 2439 1078 2534 Legatis
1130 2443 1219 2515 sit
1271 2461 1550 2538 semper
1598 2438 1685 2513 ad
1736 2439 2128 2535 hospitium,
2198 2449 2269 2512 et
2322 2442 2597 2513 omnino
2650 2442 2721 2512 in
2772 2449 3114 2535 potestate
3182 2461 3448 2516 eorum.

130 2544 263 2619 Hoc
328 2557 583 2620 tamen
652 2547 1056 2640 interposito
1125 2553 1396 2635 tenore,
1464 2552 1545 2618 vt
1593 2543 1757 2618 nulli
1829 2543 1943 2615 alii
1994 2545 2317 2639 potestati
2388 2542 2609 2634 detur,
2682 2542 2807 2618 sed
2879 2548 3063 2618 omni
3132 2546 3452 2643 tempore

130 2649 353 2724 Sancti
427 2649 626 2722 Petri
681 2652 771 2723 sit
819 2652 1191 2745 proprium,
1262 2659 1332 2723 et
1384 2671 1426 2720 a
1479 2669 1618 2739 me,
1670 2650 1982 2743 meisque
2053 2646 2576 2722 successoribus
2646 2646 3032 2740 defensum,
3098 2658 3301 2746 atque
3355 2650 3452 2723 ab

122 2759 297 2828 omni
358 2754 656 2827 homine
724 2750 1012 2825 liberum
1064 2761 1136 2825 et
1187 2774 1525 2825 securum.
1633 2749 2110 2846 Cuiuscunque
2162 2760 2387 2824 autem
2440 2750 2751 2839 audacia,
2822 2758 3189 2827 temerario
3244 2777 3447 2845 ausu,

120 2856 505 2952 pressatum
563 2860 1050 2930 monasterium
1102 2879 1197 2929 ex
1246 2859 1601 2950 assignato
1651 2855 1975 2931 thesauro
2046 2857 2440 2951 priuauerit,
2511 2855 2878 2929 terribilem
2939 2858 3124 2929 illam
3175 2857 3444 2933 Judicis

119 2982 401 3050 vocem,
466 2982 677 3057 quam
749 2959 1057 3034 diabolus
1129 2982 1284 3033 cum
1346 2963 1489 3035 suis
1540 2959 1834 3053 Angelis
1905 2957 2254 3032 auditurus
2308 2968 2440 3048 est,
2513 2958 2757 3032 audiat.
2861 2959 3232 3034 Praeterea
3285 2984 3443 3035 cum

120 3064 267 3138 Deo
323 3069 603 3137 seruire
654 3086 951 3159 regnare
1005 3067 1116 3155 sit,
1187 3066 1348 3137 vice
1399 3063 1583 3137 beati
1632 3061 1818 3136 Petri
1869 3071 1942 3135 et
1991 3060 2246 3135 domini
2297 3066 2512 3136 nostri
2562 3062 2791 3159 Papae
2843 3063 3184 3158 Gregorii,
3238 3075 3450 3161 atque

120 3179 275 3263 pon
324 3192 411 3242 se
464 3177 859 3242 secutorum
910 3172 981 3242 in
1032 3167 1435 3264 Apostolica
1489 3166 1704 3257 Sede,
1757 3189 1868 3238 me
1920 3169 2054 3240 tuis
2107 3165 2416 3241 manibus
2470 3170 2814 3240 committo
2880 3178 2950 3240 et
3003 3170 3442 3260 commendo,

120 3272 295 3344 banc
349 3271 753 3346 fidelitatem
806 3282 1239 3345 sacramento
1293 3270 1584 3346 stabilio.
1639 3271 1820 3365 Ego,
1872 3273 2174 3365 inquam,
2226 3268 2614 3346 Demetrius
2669 3275 2782 3366 qui
2830 3281 2901 3343 et
2927 3270 3270 3362 Suinimir,
3305 3273 3448 3347 Dei

119 3380 338 3468 guti-
396 3386 473 3449 et
520 3375 970 3472 Apostolicae
1018 3373 1222 3449 Sedis
1288 3376 1500 3467 dono,
1578 3373 1763 3466 Rex,
1834 3372 1922 3446 ab
1973 3374 2106 3447 hac
2156 3373 2353 3464 hora,
2423 3377 2495 3447 in
2544 3384 2743 3446 antea
2797 3373 3053 3449 Sancto
3105 3375 3312 3449 Petro
3367 3387 3443 3449 et

116 3481 419 3554 Domino
492 3501 658 3553 meo
718 3479 949 3575 Papae
1021 3479 1358 3575 Gregorio
1379 3532 1403 3570 .,
1476 3482 1754 3575 suisque
1825 3476 2345 3552 successoribus
2416 3483 2750 3551 canonice
2815 3477 3238 3570 intrantibus,
3309 3503 3442 3556 ero

115 3583 383 3672 idelis3
438 3593 515 3657 et
560 3593 642 3658 vt
688 3587 867 3681 ipse,
921 3586 1068 3656 siue
1119 3593 1279 3680 post
1328 3605 1486 3656 eum
1537 3582 1742 3656 futuri
1791 3581 2188 3672 Pontifices,
2244 3586 2393 3656 siue
2443 3581 2682 3676 Legati
2737 3603 2999 3674 eorum,
3053 3588 3263 3658 vitam
3318 3596 3437 3658 aut

118 3687 429 3761 menbra
482 3687 796 3783 perdant,
853 3698 968 3759 aut
1020 3692 1393 3785 capiantur,
1446 3709 1671 3783 neque
1723 3689 1793 3759 in
1847 3686 2162 3776 consilio,
2215 3708 2440 3782 neque
2489 3689 2559 3757 in
2612 3684 2797 3759 facto
2852 3708 3002 3776 ero,
3065 3697 3134 3762 et
3188 3694 3440 3763 consi-—

118 3794 276 3865 hm
332 3791 527 3888 quod
576 3793 735 3864 mibi
789 3790 1222 3884 crediderint,
1279 3791 1366 3864 ad
1416 3792 1685 3864 illorum
1739 3789 2054 3864 damnum
2109 3792 2409 3863 scienter
2458 3790 2620 3862 nulli
2672 3790 3015 3864 intimabo.
3117 3791 3440 3885 Regnum

118 3907 373 3980 autem,
432 3895 619 3991 quod
671 3895 831 3967 mihi
877 3918 1005 3991 per
1052 3918 1323 3969 manum
1375 3904 1584 3987 tuam,
1637 3896 1931 3967 Domine
2004 3892 2290 3985 Gebizo,
2358 3894 2662 3986 traditur,
2734 3894 3024 3969 fideliter
3092 3895 3434 3987 retinebo,

120 4011 187 4072 et
232 3999 433 4090 illud,
512 4022 840 4096 suumque
891 4002 998 4073 ius
1052 4000 1472 4095 apostolicae
1528 3997 1720 4090 Sedi,
1784 3999 2011 4093 aliquo
2062 3999 2368 4092 ingenio,
2439 3998 2799 4098 aliquando
2843 4021 2984 4072 non
3022 3998 3431 4072 subtraham.

120 4103 491 4178 Dominum
560 4125 787 4176 meum
860 4102 1114 4199 Papam
1186 4100 1593 4198 Gregorium
1662 4111 1735 4175 et
1801 4123 1966 4177 suos
2040 4123 2491 4177 successores
2559 4111 2761 4197 atque
2831 4102 3157 4197 Legatos,
3229 4105 3288 4176 si
3359 4106 3433 4176 in

120 4231 339 4284 neam
393 4217 811 4306 potestatem
853 4210 1195 4298 venerint,
1247 4206 1627 4281 honorifice
1682 4208 2074 4302 suscipiam,
2128 4215 2199 4279 et
2231 4205 2521 4280 honeste
2573 4204 2909 4299 tractabo,
2963 4214 3032 4280 et
3064 4208 3435 4299 remittam,

122 4323 189 4385 et
232 4311 726 4409 vndecumque
775 4334 890 4385 me
942 4313 1397 4404 inuitauerint,
1448 4319 1649 4408 prout
1700 4319 1970 4408 potero,
2026 4311 2128 4383 eis
2183 4309 2575 4405 simpliciter
2626 4313 2944 4386 seruiem.

122 4490 193 4545 121
221 4493 474 4547 Ambivio
508 4491 862 4556 lateranensi,
900 4498 953 4543 et
986 4503 1050 4542 ex
1084 4491 1210 4543 actis
1245 4488 1461 4544 concilii
1495 4487 1779 4543 Delmatici.
1811 4518 1880 4528 --
1912 4487 2181 4543 Batonius.
2215 4488 2443 4543 Annales
2476 4487 2837 4541 Eccleniastici.
2872 4484 2927 4540 Τ.
2962 4485 3045 4540 xl.
3081 4504 3134 4555 p.
3154 4487 3272 4539 ⁴84.

312 5567 1093 5640 (rmtrnvnmmm)
2953 5533 3003 5608 3
