3950 5917
3359 443 3477 524 ..n

148 647 646 750 &episcopm
697 649 1074 726 Bartholdo
1109 647 1500 727 Colocense
1528 647 1755 725 electo
1785 647 2255 726 existentibus.
2293 647 2558 724 Halano
2600 650 2911 747 Quinque
2931 593 3490 744 Ecclesiensem,

156 758 497 832 Boieslao
555 756 1090 846 Vacienensem‚
1166 754 1525 852 Kampano
1592 754 2040 850 Agviensem‚
2110 753 2394 829 Simone
2445 753 3062 848 Varaadinensem,
3114 755 3489 830 Desiderio

164 859 762 952 ann-diensem,
812 859 1547 951 VlinoUltrasilvanas,
1599 858 1932 932 Kallenda
1957 858 2480 955 Vespriensem,
2536 857 2866 932 Gottardo
2917 857 3492 954 Zagrabiensem‚

158 964 374 1039 Petro
434 964 894 1040 Getriensem
943 964 1304 1039 Ecclesiae
1355 961 1911 1059 gubernantibus.
1978 960 2307 1037 Oheffano
2361 960 2500 1034 filio
2553 960 2883 1059 Stephani
2933 961 3363 1037 Bacchiense
3417 967 3496 1036 Φ

160 1068 479 1142 Palaffio
565 1066 856 1160 Gemite,
929 1073 996 1141 de
1046 1066 1376 1142 Cheffano
1442 1067 1582 1141 filio
1634 1066 1863 1141 Miche
1940 1066 2135 1139 Bano
2216 1070 2281 1139 dc
2334 1063 2734 1159 Sag-ariensi
2788 1064 3054 1140 Comite
3109 1070 3495 1141 existenti-.—

156 1171 312 1247 bus.
418 1173 582 1245 Jula
632 1171 1203 1268 Budugriensem,
1266 1170 1556 1245 Nicolao
1626 1159 2183 1262 Biduum-ensem,
2252 1169 2459 1243 Petro
2535 1167 2786 1242 Curiali
2856 1168 3121 1244 Gemite
3181 1169 3488 1264 Bag-ine

158 1275 745 1368 chanadiensem.,
813 1276 1192 1351 Benedicto
1246 1274 1809 1372 Suprinuensem
1890 1273 2297 1348 Alexandro
2366 1273 2907 1366 Musoniensem‚
2979 1273 3214 1348 Ochus
3282 1273 3494 1348 Ves—

158 1385 558 1478 prinensem
617 1377 992 1456 Comitatus
1070 1378 1479 1455 tenentibus.
1583 1378 1812 1473 Regni
1879 1381 2098 1453 nostri
2149 1399 2330 1451 anno
2386 1376 2738 1453 secundo.
2766 1420 2869 1431 —
2922 1377 3077 1473 Ego
3134 1374 3487 1452 Cumanus

154 1483 471 1558 fflricus
538 1482 941 1559 Communis
1011 1483 1436 1580 spalatensis
1514 1483 1792 1557 Juratus
1861 1481 2214 1573 Notarius,
2283 1491 2358 1555 ut
2423 1486 2496 1556 in
2566 1482 2953 1556 authentica
3022 1482 3244 1576 Regia
3297 1480 3492 1554 bulla.

164 1587 260 1661 de
310 1609 534 1661 auro
586 1588 948 1662 bullato
998 1588 1172 1680 vidi,
1222 1586 1443 1664 verim
1497 1589 1587 1661 ad
1637 1584 1926 1663 verbum
1980 1589 2225 1684 scripsi
2276 1589 2344 1658 dc
2396 1595 2730 1660 consueto
2785 1590 2986 1681 signo
3040 1587 3403 1683 complevi.

162 1764 309 1819 me
340 1765 624 1820 Paetorum
659 1766 809 1836 Reip.
845 1765 1174 1820 Venetiamm
1208 1764 1264 1820 Τ.
1299 1765 1358 1822 V.
1395 1784 1449 1836 p.
1488 1766 1607 1819 195.
1640 1766 1695 1818 in
1731 1779 1867 1820 caes»
1900 1765 2147 1818 Archivio
2182 1763 2478 1817 Viennensi.

1529 2276 2131 2362 xxxvn.

1562 2566 1771 2639 Anno
1839 2563 2077 2638 1209.

162 2827 613 2909 Andreas
674 2826 770 2907 Π.
833 2826 1038 2907 Rex
1100 2831 1610 2908 civitatem
1670 2826 2514 2908 Varasdinensem
2576 2838 2986 2930 propter
3047 2832 3490 2907 servitia

162 2968 253 3046 in
334 2971 943 3072 captivitate
1035 2966 1227 3047 sibi
1320 2967 1762 3047 exhibita
1854 2967 2440 3071 privilegiis
2537 2963 2836 3044 donat
2915 2977 3009 3044 et
3071 2967 3495 3045 insulae

158 3101 710 3211 Zrepichar
780 3130 954 3186 seu
1022 3081 1513 3209 Zrepinec
1599 3106 1858 3186 ultra
1942 3106 2352 3185 fluvium
2411 3103 2813 3183 Dravam
2880 3109 2973 3183 in
3040 3109 3480 3184 circuitu

402 3254 883 3322 metarum
948 3243 1392 3348 ejusdem
1454 3248 1908 3324 civitatis
1971 3249 2227 3324 sitae
2290 3247 2885 3323 mentionem
2951 3244 3217 3323 facit.

468 3541 549 3617 In
601 3542 897 3617 Nomine
980 3536 1236 3616 Sancte
1288 3543 1631 3617 Trinitatis
1686 3553 1757 3616 et
1831 3541 2188 3616 Individue
2257 3540 2568 3616 Unitatis.
2676 3539 2997 3638 Andreas
3070 3540 3182 3614 dei
3253 3545 3486 3636 gratia

150 3646 519 3742 hungarie,
549 3646 914 3736 dalmacio,
946 3650 1247 3738 croacie.,
1274 3646 1520 3739 Rame.,
1550 3650 1806 3739 sernia,
1836 3645 2147 3737 Gallicie‚
2173 3645 2717 3740 Lodomerieque
2743 3644 2904 3718 Rex
2946 3649 3014 3718 in
3051 3657 3478 3742 perpetuum.

154 3751 335 3825 ordo
391 3752 584 3826 Juris
640 3748 1031 3846 expostulat
1082 3753 1147 3822 dc
1195 3754 1387 3824 racio
1443 3755 1660 3845 exigit
1727 3754 2043 3847 equitatis
2096 3760 2173 3825 vt
2223 3750 2406 3824 hone
2475 3748 2635 3823 fidei
2706 3760 3095 3824 contractus
3147 3761 3478 3848 perpetue

152 3855 540 3930 stabilitatis
595 3855 896 3949 gaudeat
942 3851 1282 3946 firmitate,
1335 3878 1469 3929 nec
1521 3859 1897 3952 iniquorum
1952 3853 2302 3928 fraudibus
2357 3854 2797 3946 dissolvatur,
2837 3879 2968 3949 que
3023 3853 3106 3926 ab
3161 3859 3348 3928 initio
3382 3878 3479 3927 ex

148 3965 472 4056 equitatis
524 3966 1041 4054 processerunt,
1096 3957 1253 4030 hinc
1304 3970 1437 4050 est,
1494 3959 1675 4055 quod
1727 3958 1812 4031 ad
1864 3962 2275 4055 peticionem
2328 3957 2552 4033 fidelis
2582 3963 2797 4034 nostri
2844 3958 3032 4031 Poch
3084 3958 3369 4030 Palatini
3406 3968 3480 4029 et

150 4063 441 4138 Comitis
495 4063 961 4137 Musuniensis
1016 4070 1085 4138 et
1135 4065 1431 4137 maxime
1484 4062 1688 4136 fidele
1742 4066 2107 4136 servicium
2172 4062 2507 4157 hospitum
2561 4072 2949 4136 nostrorum
3000 4065 3071 4134 in
3121 4062 3260 4134 vila
3313 4059 3484 4132 Va-

148 4169 313 4243 rasd
368 4169 961 4241 commorancium
1014 4164 1194 4259 quod
1247 4166 1446 4240 nohis
1529 4166 1778 4241 deuote
1850 4166 2300 4261 fideliterque
2381 4164 2538 4237 dum
2606 4169 2676 4238 in
2745 4166 2940 4238 Kene
3012 4164 3480 4237 detineremur

148 4275 212 4345 ‘n
265 4295 573 4346 carcere
628 4269 1103 4374 exhibuerunt,
1154 4273 1271 4365 pio
1324 4271 1571 4345 affectu
1622 4270 1846 4366 Regio
1902 4269 2447 4358 considerantes,
2500 4274 2604 4341 eis
2658 4280 2792 4342 tam
2844 4273 2914 4341 in
2950 4272 3251 4364 presenti
3306 4272 3474 4340 exi·—

148 4374 517 4466 mutuus,
575 4397 771 4471 quam
828 4377 1046 4446 eciam
1100 4373 1730 4469 superuenientibus
1764 4383 2093 4472 perpetuo
2146 4373 2312 4446 Jure
2351 4374 2753 4446 contulimus
2810 4382 3052 4445 statum
3088 4371 3474 4445 huiusmodi

142 4480 487 4555 hbet-tatis
534 4503 620 4552 ac
658 4489 906 4552 terram
960 4477 1441 4551 circumdatam
1493 4479 1792 4575 Vndique
1844 4482 2045 4553 metis
2088 4481 2520 4576 precepimus
2570 4479 2673 4550 eis
2729 4479 3106 4568 assignare.
3160 4453 3482 4550 Libertas

144 4587 788 4682 prenominatorum
838 4582 1174 4678 hospitum
1228 4592 1618 4657 nostrorum
1679 4584 1811 4657 hec
1859 4593 2006 4656 est:
2064 4583 2244 4678 quod
2299 4581 2550 4655 Comes
2604 4579 2723 4654 vel
2776 4602 2938 4653 suus
3011 4576 3263 4654 Comes
3321 4577 3482 4653 Cu·—

144 4691 335 4763 rialis
388 4710 541 4762 non
591 4687 842 4761 haheat
890 4694 1299 4782 potestatem
1352 4708 1479 4761 eos
1530 4686 1896 4778 iudicandi,
1952 4686 2079 4760 sed
2129 4691 2307 4761 inter
2360 4708 2486 4759 eos
2540 4705 3009 4781 quemcunque
3047 4685 3282 4757 uolunt
3333 4685 3479 4757 Ju-

146 4793 373 4868 dicem
436 4794 878 4882 constituant,
932 4811 1132 4886 quem
1168 4788 1564 4864 Rihtardum
1611 4793 1837 4866 solent
1881 4792 2228 4915 appelare,
2272 4789 2495 4865 nullus
2551 4798 2773 4861 autem
2818 4787 3198 4882 Burgensis
3246 4788 3482 4863 trihu-

146 4907 281 4970 um
339 4902 411 4971 e
458 4899 876 4971 tricesimam
931 4894 1210 4968 solvere
1264 4904 1598 4986 teneatur
1649 4899 1782 4970 nisi
1837 4900 1948 4991 qui
1987 4894 2191 4968 .vadit
2241 4898 2309 4968 in
2335 4893 2828 4967 Theuthoniam
2882 4916 3035 4967 cum
3067 4897 3209 4970 suis
3264 4915 3474 4965 mer-

146 5005 469 5094 cimonijs
527 4999 615 5071 de
670 4997 968 5095 quolibet
1020 5020 1221 5071 curru
1272 5000 1651 5095 ponderato
1707 5001 1957 5074 solvet
1986 5009 2128 5072 tres
2182 4999 2530 5088 denarios
2587 4998 2673 5071 de
2703 4999 2986 5093 singulis
3040 5021 3213 5073 vero
3267 4998 3472 5089 equis

150 5105 517 5182 venalibus
570 5103 743 5178 duos
798 5103 1145 5193 denarios,
1200 5101 1288 5176 de
1343 5103 1604 5177 duobus
1655 5103 1888 5178 Bohus
1914 5126 2125 5178 vnum
2151 5102 2527 5194 denarium
2583 5102 2670 5177 de
2722 5103 2934 5177 trihus
2961 5105 3190 5197 porcis
3247 5120 3462 5174 vnum

148 5209 528 5297 denarium,
581 5211 651 5280 in
703 5217 903 5304 portu
955 5207 1172 5281 drave
1226 5205 1313 5278 de
1367 5207 1664 5304 quolibet
1718 5231 1918 5282 curru
1969 5229 2179 5280 vnum
2233 5205 2602 5280 denarium.
2682 5206 2852 5281 Item
2902 5205 3082 5278 idem
3135 5203 3471 5298 Hospites

150 5322 467 5387 mentm·
519 5312 799 5386 soluere
851 5314 1083 5385 comiti
1130 5309 1436 5385 eiusdem
1493 5309 1759 5386 Castri
1741 5336 1808 5386 ιιι
1836 5312 2044 5384 Festo
2095 5315 2180 5385 sti
2230 5310 2500 5386 Martini
2554 5312 2640 5385 de
2694 5308 2989 5408 qualibet
3025 5310 3210 5379 curia
3277 5305 3470 5380 duo*

152 5415 369 5492 decim
427 5416 782 5507 denarios.
838 5437 1010 5512 quos
1060 5413 1289 5490 Judex
1341 5415 1716 5492 eorundem
1770 5414 1973 5490 debet
2025 5416 2381 5512 colligere,
2436 5419 2719 5513 quocies
2774 5423 2997 5487 autem
3026 5434 3264 5486 comes
3330 5434 3478 5485 ca-

350 5570 508 5639 (rm
541 5568 582 5624 1.
624 5567 803 5624 rava.
840 5575 894 5622 οι
924 5565 1139 5638 mon.)
2996 5531 3047 5607 6
