3950 5917
3298 427 3444 506 5⁹1

137 645 326 736 regni
378 646 595 715 nostri
631 631 1012 715 Sclauonie
1055 649 1298 714 nostre
1346 644 1572 714 extitit
1603 639 1765 713 Cels
1796 694 2296 714 ...........
2352 651 2423 714 et
2472 639 2899 732 Jobagiones
2952 635 3451 736 preptersflle-

137 750 395 839 gitimas
451 744 984 817 mardurinarum
1044 744 1424 818 dicationes
1463 755 1533 817 et
1567 745 1999 831 exactiones,
2053 766 2138 816 ac
2166 742 2683 833 i‘ntffllerabiles,
2736 743 3352 837 incomvetestfue'
3376 753 3451 812 et

144 848 465 921 indebitos
502 848 886 920 descensus
942 901 1245 924 ........
1303 857 1374 919 et
1408 851 1642 922 varias
1682 849 2210 942 calumpniamm
2256 850 2753 942 impositiones,
2807 846 3186 918 horrendas
3242 847 3445 916 etiam

140 962 204 1024 et
250 950 583 1024 inauditas
665 954 1084 1045 patrationes
1164 973 1252 1021 ae
1323 953 1730 1028 iniustorum
1809 950 2263 1043 bimgiorum
2326 952 2750 1022 ,exactiones
2806 1002 3075 1020 ......
3130 946 3446 1043 panibuS,

148 1055 324 1150 pullis
396 1063 470 1125 et
525 1076 685 1125 cera
760 1057 1185 1142 extorsione,
1268 1075 1439 1148 quas
1503 1052 1728 1126 Annis
1799 1053 2086 1146 singulis
2159 1056 2367 1126 uestri
2439 1055 2508 1124 in
2562 1051 2901 1124 dicatione
2955 1062 3025 1123 et
3078 1053 3447 1122 exactione

149 1155 664 1229 mardnrinarum
722 1209 1029 1228 .......
1082 1154 1500 1251 temporibus
1581 1155 1874 1229 condam
1953 1154 2396 1228 serenissimi
2464 1154 2689 1227 Patris
2766 1164 2839 1234 et
2884 1153 3167 1226 -Soceri
3226 1157 3449 1230 nostri

142 1262 466 1333 carissimi
522 1259 774 1332 domini
813 1312 1026 1333 .....
1080 1258 1618 1332 misericorditer
1649 1312 1667 1331 .
1698 1313 1718 1331 .
1745 1312 1764 1331 .
1795 1312 1812 1329 .
1868 1281 2078 1354 super
2115 1257 2376 1353 ’quibus
2431 1310 2787 1330 ........
2844 1257 3218 1351 querulose
3271 1278 3448 1351 por-

146 1366 502 1451 rexissent,
558 1372 628 1433 et
681 1363 903 1435 taliter
951 1365 1087 1435 iam
1140 1365 1553 1457 paupertatis
1608 1362 1931 1435 oneribus
1983 1370 2220 1435 essent
2291 1364 2606 1456 oppressi
2658 1413 3017 1434 ........
3071 1362 3449 1454 persistere

47 1465 48 1468 ’
147 1475 410 1561 possent
463 1463 654 1538 debit
706 1518 1017 1538 .......
1071 1465 1346 1538 Domini
1405 1487 1532 1560 per
1582 1464 1967 1539 huiusmodi
2037 1464 2681 1560 depauperationem
2754 1485 3033 1536 suorum
3100 1460 3447 1555 Jobagio-

149 1591 327 1656 num,
411 1578 487 1641 et
560 1571 767 1639 etiam
843 1591 969 1664 per
1045 1569 1548 1663 calumpniosas
1602 1621 1815 1640 .....
1864 1571 2308 1640 innonatione
2385 1566 2729 1640 mediante
2783 1617 3093 1639 .......
3147 1565 3452 1660 desuper

151 1671 514 1759 Maiestati3
579 1680 859 1766 propter-
910 1671 1091 1766 quod
1144 1682 1382 1744 nostro
1437 1671 1707 1742 culmini
1761 1670 2101 1742 humiliter
2170 1670 2656 1765 supplicarunt,
2708 1679 2786 1742 vt
2837 1668 3274 1763 dignaremur
3327 1690 3456 1763 per

47 1819 48 1830 κ
151 1724 514 1871 opportuna⁹
563 1773 866 1846 remedia
920 1773 1312 1871 prouidere,
1367 1796 1528 1847 ne
1655 1772 1974 1845 dicator'
2020 1826 2037 1843 .
2068 1823 2086 1844 .
2116 1795 2313 1867 ‚pro
2353 1782 2662 1867 tempore
2715 1775 3056 1845 constituti
3110 1773 3447 1866 premissa

47 1867 48 1932 l
149 1887 210 1949 et
240 1880 726 1973 premissorum
766 1877 1034 1973 aliquod
1093 1888 1329 1950 contra
1367 1888 1438 1949 et
1472 1899 1673 1972 supra
1714 1875 2281 1949 consvetudinem
2336 1874 2713 1948 eorundem
2748 1872 2832 1946 ab
2876 1878 3153 1969 antiquo
3191 1872 3450 1946 obser-

47 1937 50 2088 }
151 1989 349 2052 natam
402 1990 700 2076 possent
742 1989 858 2052 aut
892 1981 1207 2053 valerent
1258 1979 1522 2068 facere,
1575 1980 1696 2052 vel
1731 1981 1972 2075 quouis
2012 2032 2223 2053 .....
2278 1977 2663 2052 huiusmodi
2713 1980 2997 2052 iniustas
3036 1988 3106 2049 et
3139 1977 3450 2051 insolitas

148 2086 538 2157 exactiones
592 2092 663 2156 et
712 2087 1125 2157 vexationes
1178 2086 1568 2179 permittere
1622 2082 2067 2154 introduci'et
2106 2084 2256 2174 (in)
2294 2081 2857 2154 consvetudinem
2909 2080 3110 2170 trahi,
3167 2101 3451 2174 quarum

148 2186 547 2278 grauedines
583 2187 764 2277 (sic)
803 2238 1060 2259 ......
1091 2195 1349 2260 streme
1399 2207 1773 2281 pauperum
1826 2184 2240 2258 clamoribus
2293 2184 2752 2256 eiulatissimis
2808 2191 3280 2278 penetraretur
3316 2206 3451 2253 ce-

149 2288 290 2376 lum,
341 2299 434 2368 et
464 2288 669 2379 deus,
724 2291 838 2384 qui
887 2298 1292 2368 muctorum
1342 2289 1610 2376 adiutor
1659 2297 1732 2362 et
1779 2289 2130 2374 releuntor
2181 2309 2667 2382 oppressorum
2718 2285 3004 2360 ‚flectere
3041 2337 3295 2360 ......
3350 2283 3449 2362 ad

151 2390 395 2465 faciend
428 2444 648 2464 .....
705 2391 999 2465 debitam
1055 2392 1479 2479 vlteriorem,
1534 2391 1869 2486 nobisque
1922 2401 2087 2462 nutu
2142 2390 2369 2462 diuino
2426 2411 2644 2484 regno
2697 2379 2967 2484 prefato
3028 2387 3452 2486 presidenti-

154 2492 281 2585 bus,
332 2504 399 2569 et
452 2493 692 2586 vobis,
746 2498 861 2590 qui
914 2506 1187 2568 nostras
1237 2498 1308 2568 in
1362 2493 1611 2567 eodem
1659 2503 1882 2588 regno
1941 2483 2134 2568 vices
2189 2496 2453 2587 geritiS,
2508 2515 2644 2565 non
2700 2494 2947 2585 gloria,
3001 2511 3133 2563 nec
3168 2491 3452 2578 vtilitas,

154 2618 262 2669 nee
308 2599 601 2686 honoris
652 2651 863 2671 .....
917 2597 1429 2671 tantummodo
1452 2598 1652 2693 culpe
1724 2600 2087 2690 omnigena
2163 2597 2613 2669 accumulatio
2676 2605 2899 2683 esset,
2969 2593 3250 2681 exinde,
3304 2596 3455 2665 nisi

47 2723 48 2726 ’
150 2701 653 2791 remediaretur,
723 2699 1178 2775 indubitanter
1239 2710 1679 2796 prouentura,
1733 2723 1890 2776 wotum
1936 2700 2115 2780 nulla
2170 2704 2392 2794 possit
2444 2697 2821 2771 subsistere
2877 2700 3258 2791 ignorantie
3312 2719 3452 2769 ex-

155 2808 412 2890 cusatio,
469 2814 596 2877 aut
634 2857 1088 2876 ..........
1131 2802 1540 2897 Magnificus
1574 2802 1901 2876 Nicolaus
1956 2803 2043 2875 de
2100 2801 2324 2892 Gara,
2361 2805 2562 2897 regni
2613 2804 2830 2875 nostri
2881 2797 3231 2893 Hungarie
3278 2802 3453 2895 press

151 2905 288 2979 dicti
350 2908 733 2997 Palatinus,
812 2911 1181 3029 viuuntque
1263 2917 1334 2979 et
1403 2908 1544 2994 alii,
1626 2929 1663 2978 a
1719 2905 1960 3001 quibus
2043 2906 2601 2978 ceititudinaliter
2670 2904 2756 2977 de
2831 2901 3326 2977 consuetudine
3379 2906 3448 2973 in

155 3014 475 3132 premissis
540 3008 849 3107 prelibati
900 3014 1144 3104 regni.
1274 3007 1733 3086 ‚Sclauonie
1762 3010 2188 3099 litteratorie,
2245 3018 2361 3080 aut
2395 3009 2730 3079 vocaliter
2785 3007 3067 3080 edoceri
3119 3008 3454 3101 poteritis,

155 3116 250 3206 qui
293 3114 568 3188 bonore
621 3113 919 3185 Banatus
998 3118 1357 3186 memorati
1409 3116 1609 3212 regni
1656 3115 1873 3186 nostri
1926 3110 2296 3183 Sclauonie
2352 3110 2562 3182 functi
2613 3112 2684 3181 in
2735 3112 3091 3204 premissis
3147 3118 3216 3181 et
3269 3112 3453 3180 circa

153 3221 454 3309 premissa
549 3220 774 3288 emnia
853 3237 987 3288 nec
1049 3238 1176 3311 per
1245 3237 1351 3305 se,
1434 3238 1563 3287 uec
1619 3269 1827 3286 .....
1881 3214 2419 3286 mardurinarum
2500 3213 2843 3286 dicateres
2920 3213 3063 3284 vlle
3144 3221 3458 3307 tempore

159 3318 374 3394 limites
445 3322 770 3415 equitatis
842 3328 912 3390 et
963 3319 1476 3392 consuetudinis
1547 3315 1708 3390 dicti
1768 3321 1967 3412 regni
2037 3320 2253 3389 nostri
2308 3314 2676 3388 Sclauonie
2748 3313 2948 3386 fuere
3015 3317 3457 3418 transgressi.

157 3419 428 3509 Quorum
483 3444 738 3495 reuera
788 3421 1211 3518 temporibus
1265 3421 1442 3494 nulla
1499 3443 1708 3517 super
1757 3419 2005 3493 talibus
2059 3472 2315 3491 ......
2369 3428 2607 3492 nostre
2660 3418 3055 3490 clementie
3079 3437 3285 3488 aures
3337 3415 3456 3486 ia-

155 3527 383 3618 tigauit.
466 3523 640 3598 Cum
695 3535 919 3598 autem
972 3536 1209 3599 nostre
1265 3535 1334 3597 et
1375 3534 1613 3597 vestre
1665 3523 1920 3596 indicet
1971 3531 2122 3595 etas
2176 3524 2345 3612 vite,
2398 3543 2528 3594 nos
2581 3524 3043 3616 proximiores
3097 3518 3457 3591 iuuenibus

157 3625 287 3702 fore
327 3628 628 3702 debitum
680 3629 961 3702 soluere
1012 3638 1281 3718 nature,
1361 3630 1582 3701 minus
1637 3648 1810 3721 ergo
1862 3625 2063 3700 nobis
2116 3635 2188 3699 et
2220 3622 2422 3697 vobis
2477 3677 2689 3696 .....
2747 3646 2789 3696 e
2840 3620 3200 3696 iuuenibus
3252 3622 3459 3693 liceat

154 3731 453 3805 vltionem
529 3753 741 3828 super
807 3751 938 3804 nos
1008 3734 1361 3805 iustissimi
1420 3730 1537 3802 dei
1589 3752 1995 3827 prouocare.
2102 3727 2246 3803 Sed
2298 3730 2649 3800 conuenit
2670 3747 2765 3798 ex
2817 3725 3048 3798 debito
3099 3729 3171 3798 in
3226 3729 3459 3796 onmi-

155 3831 264 3906 bus
307 3839 676 3932 equitatem
731 3834 1126 3908 obseruare
1192 3835 1620 3928 Quapropter
1671 3842 1909 3906 vestre
1961 3832 2307 3905 fidelitatis
2359 3834 2534 3927 grati
2564 3881 2776 3902 .....
2830 3828 3181 3901 hortamur
3233 3827 3459 3900 affec-

155 3936 334 4028 tibus,
382 3949 591 4034 atque
645 3937 870 4011 eidem
920 3941 1119 4032 regio
1175 3937 1301 4010 sub
1339 3937 1566 4009 edicto
1621 3939 1954 4009 seriosius
2007 3937 2445 4031 precipimus,
2502 3944 2833 4029 quatenus
2889 3936 3113 4005 statim
3162 3936 3461 4026 receptis

157 4042 591 4133 presentibus,
645 4045 715 4114 in
754 4052 824 4114 et
857 4063 1070 4138 super
1100 4040 1413 4113 omnibus
1450 4042 1805 4135 premissis
1842 4092 2049 4111 .....
2088 4041 2471 4134 prescripto
2509 4037 2787 4111 domino
2842 4091 2859 4108 .
2891 4090 2908 4107 .
2989 4036 3215 4125 ,alis,
3242 4038 3308 4108 si
3328 4039 3464 4128 qui

155 4164 315 4217 nunc
361 4148 856 4241 premissorum
907 4148 1216 4220 notitiam
1265 4140 1547 4234 babent,
1615 4142 2097 4216 informatione
2167 4138 2422 4231 habita,
2488 4142 2948 4236 pretermissis
3003 4139 3154 4211 aliis
3209 4142 3465 4211 vestris

157 4248 447 4365 agendis,
518 4249 975 4370 personaliter
1043 4247 1130 4320 ad
1182 4247 1251 4320 id
1302 4266 1593 4337 vocare,
1665 4256 1735 4319 et
1780 4247 2147 4340 assumptis
2216 4244 2304 4317 ad
2356 4266 2489 4317 vos
2544 4242 2882 4316 nobilibus
2937 4297 2954 4314 .
2987 4297 3004 4313 .
3030 4297 3047 4314 .
3180 4296 3194 4311 .
3226 4240 3461 4314 oribus

161 4351 347 4444 ipsius
399 4355 605 4445 regni
656 4355 874 4425 nostri
928 4349 1326 4441 Sclauonie,
1389 4348 1527 4422 fide
1564 4358 1651 4421 et
1701 4348 2041 4445 probitate
2094 4346 2521 4420 laudabiliter
2589 4346 2890 4435 famatis,
2962 4345 3338 4441 disponatis
3393 4355 3464 4416 et

47 4463 48 4470 ’
164 4457 410 4529 omnino
485 4454 889 4528 ordinetis.
1013 4452 1207 4526 ‚fiat
1245 4453 1508 4526 dicatio
1584 4460 1653 4525 et
1705 4455 1980 4524 exactio
2055 4449 2295 4523 mard.
2376 4505 2393 4521 .
2448 4472 2582 4522 nec
2652 4471 2789 4522 non
2862 4457 2933 4519 et
3002 4448 3465 4522 descensuum

47 4569 48 4574 ’
162 4576 235 4627 ac
279 4558 694 4644 victualium,
721 4509 1109 4654 presertim
1179 4573 1428 4646 auene,
1508 4575 1782 4650 panum,
1860 4555 2195 4649 pullorum
2247 4563 2325 4626 et
2375 4575 2538 4626 cere
2594 4551 2793 4624 dacio
2846 4551 3222 4625 secundnm
3277 4554 3466 4621 anti-

161 4679 342 4751 quam
393 4671 464 4732 et
513 4662 863 4733 limitatam
947 4660 1509 4734 consuetudinem
1582 4658 1668 4730 ab
1742 4662 1926 4780 antiq
1954 4712 2259 4731 .......
2315 4656 2654 4752 quondam
2724 4654 2943 4749 Regis
3013 4653 3339 4726 Ludouici
3396 4658 3464 4726 in

168 4760 384 4836 tatibus
464 4762 930 4854 obseruatam,
1003 4773 1074 4835 et
1141 4766 1235 4835 ita
1287 4762 1516 4835 fixam
1584 4765 1654 4834 iu
1702 4765 2057 4858 premissis
2137 4768 2207 4833 et
2260 4764 2442 4832 circa
2523 4761 2859 4854 premissa
2940 4757 3465 4846 ordinationem,

171 4860 660 4961 dispositionem
713 4878 783 4942 et
832 4868 1334 4941 limitationem
1368 4866 1581 4938 faciat
1631 4917 1945 4937 .......
1974 4864 2132 4936 liter
2200 4863 2426 4958 quoad
2493 4885 2810 4951 auenam,
2889 4883 3162 4956 panem,
3244 4859 3468 4957 pullos

47 4981 48 5046 ὲ
167 4974 230 5035 et
274 4991 522 5060 ceram,
574 4980 652 5043 vt
702 4992 1037 5044 successu
1113 4973 1441 5065 temporis
1524 4990 1654 5040 nec
1735 4988 1864 5040 nos
1939 4973 2056 5038 aut
2128 4975 2405 5038 nostros
2488 4986 2970 5056 successores,
3049 4984 3182 5035 nec
3263 4965 3465 5035 etiam

171 5087 288 5142 vos
335 5126 735 5146 .........
765 5085 835 5147 ιιι
888 5073 976 5147 de
1028 5077 1447 5147 necessitate
1502 5123 1715 5143 .....
1768 5074 1840 5143 in
1894 5069 2000 5142 his
2056 5067 2287 5143 subire
2341 5068 2640 5142 labores.
2733 5069 3067 5155 Quoniam
3121 5067 3469 5153 nolumus»,

178 5179 239 5241 vt
278 5196 395 5269 per
446 5177 844 5251 detrimenta
899 5187 1135 5251 nostre
1189 5180 1415 5249 anime
1468 5184 1541 5247 et
1594 5229 1807 5247 .....
1847 5227 1854 5232 -
1889 5226 2203 5244 .......
2254 5194 2460 5246 secus
2534 5194 2711 5268 ergo
2775 5171 3159 5243 nullatenus
3230 5168 3471 5241 facere

179 5283 552 5365 presumatis
611 5285 680 5354 in
733 5284 1087 5380 premissis
1144 5335 1164 5352 .
1193 5335 1209 5352 .
1242 5336 1258 5353 .
1289 5335 1305 5352 .
1365 5281 1567 5351 etiam
1644 5287 1804 5374 post
1883 5297 2121 5350 earum
2175 5329 2635 5348 ..........
2686 5277 2903 5371 prima
2981 5283 3144 5370 post
3219 5271 3472 5344 festum

179 5379 627 5467 purificationis
678 5384 894 5458 Beate
947 5383 1165 5458 Marie
1218 5383 1546 5478 Virginis
1577 5381 1885 5478 gloriose
1955 5379 2163 5453 Anno
2212 5377 2489 5452 Domini
2558 5377 2922 5451 millesimo
2995 5377 3475 5473 quadringen-
