3950 5917
532 426 692 498 442

1955 1241 2442 1327 colani-

1935 1582 2143 1652 Anno
2217 1580 2258 1653 1
2275 1581 2457 1653 759.

742 1874 1195 1976 Systema
1262 1867 1970 1976 Regulationi's
2055 1866 2374 1975 Regni
2439 1865 2907 1949 croatiae
2983 1867 3656 1948 comitatuum.

850 2170 917 2243 1.
1026 2169 1340 2266 Supremi
1397 2167 1700 2243 Comites
1755 2170 1940 2241 omni
1992 2167 2103 2239 illa
2158 2166 2591 2239 Authoritate
2644 2163 3018 2261 pollebunt,
3099 2187 3297 2263 quam
3353 2163 3585 2260 Leges
3641 2163 3850 2260 Regni

534 2273 712 2372 Ipsis
767 2272 1153 2362 attribuunt,
1206 2271 1521 2367 adeoque

846 2427 917 2500 2.
1024 2427 1137 2499 Ad
1199 2429 1620 2520 exigentiam
1673 2424 1961 2505 Articuli
2007 2425 2129 2498 56.
2184 2424 2372 2498 Anni
2426 2423 2656 2515 1723,
2709 2428 2843 2500 nisi
2891 2423 3189 2500 Publicis
3241 2426 3458 2520 Regis
3513 2430 3586 2499 dc
3637 2424 3850 2519 Regni

536 2532 858 2623 ServitiJ's
932 2530 1410 2618 distrahantur,
1481 2531 1550 2603 in
1606 2528 1885 2602 Gremio
1958 2526 2336 2602 comitatus
2400 2528 2824 2618 residebunt,
2893 2527 3337 2623 Magistratus
3410 2527 3853 2602 Comitatuum

532 2636 623 2708 ad
706 2637 1195 2731 praescriptum
1280 2636 1461 2706 citati
1515 2631 1806 2705 Articuli
1879 2635 2063 2704 omni
2115 2631 2470 2719 Triennio,
2545 2634 2661 2706 vel
2731 2633 3167 2707 Necessitate
3245 2637 3581 2725 exigente
3672 2635 3855 2704 citius

532 2744 741 2812 etiam
795 2740 866 2809 in
918 2740 1329 2830 tempestive
1381 2736 1641 2808 idcirco
1694 2734 2133 2831 praefigenda
2178 2739 2244 2807 dr
2286 2734 2690 2832 publicanda
2747 2734 3305 2830 congregatione
3356 2734 3853 2854 restaurabunt,

536 2864 662 2937 pro
716 2840 966 2932 Munijs
1020 2837 1644 2933 Magistratualibus
1699 2837 2026 2930 Subjecta
2078 2847 2262 2932 apta,
2315 2839 2566 2913 idonea
2620 2848 2691 2912 et
2733 2838 3178 2928 Qualitatibus
3231 2840 3319 2913 de
3371 2837 3568 2934 Lege
3622 2840 3854 2933 requi-

534 2947 686 3018 sitis
737 2946 1015 3038 provisa
1073 2940 1527 3016 candidabunt
1578 2951 1650 3015 et
1694 2940 2039 3015 Electioni
2076 2941 2525 3016 Comitatuum
2578 2942 2839 3016 liberae
2894 2943 3329 3017 submittent.
3435 2942 3673 3029 Quive
3709 2941 3857 3012 Vo-

533 3056 756 3119 torum
828 3045 1206 3140 pluralitate
1278 3046 1481 3118 electi
1534 3044 1809 3130 fuerint,
1878 3065 2007 3119 eos
2060 3047 2344 3140 praevia
2396 3045 2773 3120 Juramenti
2817 3050 3018 3139 juxta
3072 3056 3476 3121 consvetam
3532 3056 3613 3118 et
3657 3047 3855 3140 lega-

540 3150 677 3222 lem
733 3148 1117 3221 Formulam
1165 3149 1615 3244 Depositione
1652 3146 1920 3240 Officijs
1975 3152 2119 3223 suis
2178 3147 2727 3223 administrandis
2780 3148 3268 3240 admovebant,
3321 3158 3394 3222 et
3443 3149 3726 3222 demum
3775 3152 3858 3219 ita

533 3254 838 3346 legitime
907 3251 1191 3325 Eiectos
1264 3260 1335 3325 et
1400 3253 1808 3326 constitutos
1867 3252 2112 3325 Comiti
2181 3251 2375 3325 Bano
2448 3262 2522 3326 et
2587 3252 3090 3349 subsequenter
3158 3257 3363 3326 etiam
3416 3252 3731 3327 Statibus
3798 3260 3858 3322 et

534 3353 902 3430 Ordinibus
953 3358 1023 3428 in
1079 3353 1637 3450 congregatione
1690 3354 1915 3451 Regni
1994 3358 2188 3448 (cum
2242 3354 2494 3429 ibidem
2562 3379 2725 3431 suas
2807 3379 3079 3453 quoque
3134 3355 3508 3429 destinatas
3569 3356 3856 3429 Sessio-

536 3481 664 3532 nes
719 3455 1053 3551 babeant)
1107 3458 1657 3555 praesentabunt.

848 3612 919 3686 3.
1028 3612 1624 3708 Congregatioues
1692 3624 1830 3686 tam
1886 3612 2296 3704 Generales,
2377 3636 2576 3709 quam
2630 3623 2702 3687 et
2770 3614 3215 3711 particulares
3267 3636 3389 3710 pro
3442 3635 3523 3686 re
3585 3624 3752 3687 nata
3803 3621 3862 3685 et

535 3738 766 3789 rerum
822 3719 1171 3809 exigentia
1252 3717 1658 3814 praefigent,
1733 3726 1804 3789 et
1850 3737 1981 3812 per
2032 3717 2271 3792 solitas
2325 3716 2615 3792 Litteras
2668 3711 3160 3791 Publicatorias
3228 3715 3547 3791 Dominis
3603 3717 3859 3790 Terre-

539 3816 818 3908 stribus,
874 3819 1163 3915 alijsque
1226 3820 1608 3911 Nobilibus,
1680 3830 1879 3917 prout
1932 3830 2001 3893 et
2039 3819 2303 3894 Liberis
2338 3818 2715 3916 Regiisque
2754 3819 3148 3895 ciuitatibus
3200 3824 3634 3915 ingremiatis
3691 3843 3862 3895 con-

532 3925 807 3996 vocatis
864 3922 1332 4014 celebrabunt,
1388 3928 1768 4019 omnesque
1820 3922 1981 3999 inibi
2018 3923 2377 3998 Tractatus
2430 3947 2554 4021 pro
2592 3923 2940 3998 Potestate
2998 3925 3124 3999 sibi
3181 3922 3493 3998 attributa
3550 3928 3652 3998 ita
3707 3946 3858 3996 mo-

534 4024 975 4113 derabantur,
1031 4037 1102 4097 ut
1154 4029 1554 4122 praeprimis
1609 4025 1880 4120 quidem
1934 4026 2066 4101 Dei
2121 4025 2382 4115 cultus,
2438 4027 2886 4102 Orthodoxae
2937 4027 3132 4101 Fidei
3180 4027 3679 4116 conservatio,
3731 4027 3857 4101 Ai-

535 4130 871 4202 tissimum
926 4128 1298 4204 Servitium
1354 4128 1930 4223 Caes-Regium,
2003 4142 2075 4204 et
2145 4154 2297 4204 cum
2350 4131 2487 4204 hoc
2558 4134 2924 4224 conjuncta
2977 4130 3236 4204 Publici
3285 4132 3457 4205 Boni
3519 4135 3737 4219 ratio,
3789 4149 3861 4201 ae

534 4230 811 4306 demum
863 4239 1053 4306 recta
1109 4242 1178 4305 et
1232 4244 1480 4306 exacta
1535 4231 1848 4308 Justitiae
1902 4234 2391 4309 administratio
2447 4238 2743 4309 omnium
2801 4233 3412 4328 consultationum,
3467 4239 3859 4309 actionum-

520 4353 671 4432 ·que
725 4334 993 4432 Scopns
1048 4338 1154 4412 sit.

851 4491 923 4563 4.
1030 4491 1230 4564 Plura
1312 4494 1378 4565 in
1460 4515 1662 4566 unum
1735 4490 2136 4586 Subiectum
2192 4492 2438 4567 Officia
2519 4517 2660 4569 non
2714 4493 3134 4583 conferrent,
3217 4491 3724 4591 curabuntque,
3796 4501 3857 4564 ut

537 4593 890 4668 officiales
954 4597 1022 4667 in
1077 4594 1357 4668 Gremio
1414 4594 1864 4669 comitatuum
1919 4596 2295 4688 resideant,
2365 4601 2435 4671 in
2486 4597 2975 4672 Functionibus
3029 4601 3172 4672 suis
3223 4597 3523 4670 Publicis
3602 4603 3854 4694 impar-

526 4699 808 4788 tialiter,
892 4708 956 4770 et
1041 4719 1240 4793 quam
1314 4698 1831 4793 diligentissimo
1898 4699 2303 4795 procedant,
2378 4711 2449 4773 et
2517 4711 2591 4773 ut
2661 4701 2728 4774 hi
2781 4702 3134 4799 quibusvis
3209 4704 3492 4797 privatis
3551 4702 3854 4775 Dominis

540 4822 945 4896 quacunque
999 4805 1265 4875 ratione
1319 4801 1598 4896 obligati
1655 4806 1810 4891 sint.
1864 4825 2242 4899 eorumque
2294 4803 2887 4900 plenipotentiam,
2945 4804 3343 4899 Censusque
3401 4807 3468 4876 in
3525 4804 3852 4877 comitatu

534 4905 925 4976 &notandas
982 4908 1377 5002 suscipiant,
1433 4927 1572 4979 non
1625 4905 1994 4980 admittent.

852 5064 920 5131 5.
1027 5061 1102 5133 In
1156 5060 1225 5133 id
1279 5070 1637 5156 praeterea
1693 5063 1991 5134 solerter
2040 5060 2416 5150 intendent,
2471 5073 2543 5134 ut
2588 5062 2737 5135 Pax
2790 5072 2859 5135 et
2911 5061 3388 5160 Tranquillitas
3441 5057 3720 5158 publica
3773 5057 3856 5131 il-

532 5163 728 5237 laesa
802 5186 1077 5261 semper
1128 5174 1610 5254 conservetur,
1685 5163 2241 5239 consultationes
2293 5164 2606 5261 publicae
2659 5165 2974 5262 pacifice,
3028 5176 3102 5240 et
3152 5168 3337 5239 omni
3400 5187 3558 5238 cum
3613 5164 3859 5238 mode-

535 5270 822 5357 ramine,
899 5270 1220 5363 sepositis
1284 5266 1638 5365 quibusvis
1688 5267 1883 5361 OdiJ’s
1936 5278 2009 5342 et
2056 5266 2521 5344 Simultatibus
2590 5271 3045 5361 instituantur,
3115 5273 3187 5345 in
3241 5268 3858 5344 contravenientes

538 5389 715 5441 vero
770 5369 855 5441 ad
910 5369 1210 5445 Mentem
1266 5372 1555 5447 Articuli
1609 5369 1731 5445 57.
1790 5370 1993 5447 1723
2048 5372 2645 5448 animadvertatur.
