3950 5917
548 390 706 468 268

1916 793 2470 934 CLXXX.

1117 1072 1324 1143 Anno
1384 1070 1621 1143 1516.
1718 1071 1929 1143 Festo
1987 1071 2477 1164 conceptionis
2533 1071 2616 1143 Β.
2676 1074 2771 1145 M.
2843 1072 2913 1146 V.
3015 1073 3281 1146 Budac.

536 1308 1095 1389 Ludovicus
1158 1308 1249 1388 Π.
1312 1283 1494 1389 Rex
1591 1308 2173 1414 regnicolas
2266 1313 2693 1413 octavis,
2785 1336 2826 1389 a
2888 1309 3147 1389 Bano
3240 1309 3852 1414 indicendis,
3921 1287 3923 1292 ⁵

1752 1450 2270 1528 interesse
2330 1447 2636 1552 jubet.

1950 1687 2325 1752 Commi-uio
2365 1661 2642 1770 propria
2688 1691 2949 1754 Domini
2997 1690 3187 1771 Regis
3228 1691 3307 1753 dc
3351 1691 3644 1755 consilio.

848 1858 1262 1949 Lodouicus‚
1332 1859 1444 1932 dei
1506 1862 1739 1953 gracia
1792 1857 1951 1929 Rex
2021 1857 2369 1951 Hungarie
2445 1870 2516 1931 et
2566 1859 2893 1933 Bohemie
2949 1865 3076 1934 dcc.
3180 1857 3527 1933 Fidelibus
3591 1861 3854 1933 nostris

423 1955 429 1970 “
537 1961 924 2057 magnificis
986 1986 1071 2035 ac
1120 1962 1444 2057 Egregijs
1501 1973 1569 2035 et
1619 1960 1973 2036 Nobilibus
2042 1965 2466 2037 vniuersitati
2518 1963 2855 2037 Nobilium
2924 1963 3148 2059 Regni
3202 1966 3415 2037 nostri
3483 1963 3858 2035 Sclauonie

542 2067 844 2141 Salutem
901 2077 970 2139 et
1039 2070 1364 2161 graciam.
1470 2067 1818 2139 Intellecta
1875 2075 1945 2138 et
1998 2066 2318 2138 exaudita
2391 2067 2898 2162 supplicacione
2969 2077 3228 2158 vestra.
3307 2089 3523 2163 nuper
3573 2070 3854 2139 nomine

540 2182 609 2258 et
661 2174 732 2244 in
784 2193 1082 2267 persona
1134 2174 1328 2244 istius
1381 2169 1606 2264 Regni
1659 2173 1874 2242 nostri
1926 2168 2297 2252 Sclauonie
2348 2169 2550 2245 nobis
2597 2182 2938 2267 porrecta,
3021 2182 3307 2244 octauas
3380 2194 3530 2245 sew
3581 2169 3854 2243 Judicia

539 2274 700 2349 festi
768 2274 1288 2371 Epiphaniamm
1359 2275 1608 2346 domini
1680 2277 1995 2369 proxime
2063 2278 2335 2348 venturi
2387 2274 2801 2350 Reuerendo
2872 2280 2944 2348 in
2998 2273 3264 2348 Christo
3335 2278 3507 2370 patri
3569 2275 3854 2348 domino

535 2389 732 2475 petro
786 2378 1108 2475 Beryzlo,
1187 2378 1532 2474 Episcopo
1585 2376 2139 2473 Wesprimiensi‚
2208 2377 2604 2473 Regnorum
2660 2390 3047 2454 nostrorum
3101 2379 3479 2466 Dalmacie,
3558 2376 3857 2451 Croucie

540 2493 611 2557 et
645 2480 988 2556 Sclauone
1033 2483 1317 2579 predicti
1351 2481 1569 2570 Bano,
1624 2484 1907 2576 eiusque
1960 2481 2403 2571 Vice-Bano,
2456 2505 2582 2579 per
2633 2483 2803 2557 alias
2857 2483 3088 2556 literas
3130 2493 3402 2557 nostras
3438 2505 3628 2555 more
3674 2482 3855 2554 alias

537 2587 739 2660 solito
784 2585 1130 2682 publicare
1187 2585 1676 2680 celebrareque
1730 2588 2192 2657 commisimus
2243 2596 2312 2659 et
2344 2590 2686 2662 iussimus,
2778 2587 3007 2674 Quare
3059 2587 3375 2660 volumus
3426 2596 3496 2660 et
3545 2585 3853 2659 fidelitati

535 2689 788 2764 Vestra
843 2693 1026 2765 serie
1078 2692 1509 2785 presencium
1564 2689 1841 2762 firmiter
1895 2693 2368 2764 committimus
2423 2702 2493 2762 et
2545 2690 2970 2782 mandamus,
3024 2702 3356 2785 quatenus
3410 2689 3494 2762 ad
3541 2693 3852 2785 requisi-

540 2797 813 2869 cionem
861 2794 1021 2867 dicti
1056 2793 1227 2865 Bani
1264 2797 1477 2867 nostri
1532 2805 1645 2866 aut
1698 2796 1802 2866 sui
1837 2792 2232 2866 Vice-Bani
2286 2816 2525 2869 omnes
2561 2805 2632 2866 et
2667 2796 2916 2888 singuli
2969 2804 3335 2870 causantes
3388 2792 3856 2868 celebracioni

535 2901 836 2993 ipsarum
915 2907 1308 2971 octauarum
1377 2900 1716 2971 iuteresse
1788 2894 2096 2971 debeatis
2150 2907 2220 2971 et
2269 2901 2656 2972 teneamini.
2765 2897 2987 2973 Secus
3039 2920 3176 2972 non
3232 2899 3494 2971 facturi.
3601 2898 3854 2970 Datum

534 3000 728 3073 Bude
796 3004 866 3072 in
942 3000 1125 3075 festo
1196 3005 1684 3097 concepcionis
1752 3000 2148 3077 beatissime
2198 2999 2417 3075 Mario
2469 3002 2795 3098 Virginis.
2901 3003 3106 3077 Anno
3177 3003 3430 3078 domini
3481 3001 3853 3076 millesimo

540 3103 1101 3200 Quingeutesimo
1177 3104 1444 3180 decimo
1500 3115 1723 3181 sexto.

1635 3309 1958 3391 (Siyn'llunc
2005 3308 2265 3389 Rcyium
2332 3315 2760 3392 oppressum.)

535 3491 677 3564 orig.
712 3494 872 3549 carth.
918 3495 971 3548 in
1007 3495 1236 3549 Archivo
1272 3496 1438 3565 Regni
1477 3495 1733 3551 Croniae.
1772 3497 1905 3549 Priv.
1940 3496 2028 3548 Nr.
2070 3497 2186 3584 12⁴3

1879 3947 2494 4032 cmxxxl.

922 4212 1131 4284 Anno
1182 4209 1420 4284 1516.
1475 4210 1852 4284 Doma'm'ca
1896 4218 2235 4306 proc-ima
2282 4218 2444 4304 post
2492 4212 2743 4302 festum
2801 4212 2944 4283 00.
2998 4209 3131 4283 SS.
3187 4210 3454 4282 Budae.

534 4447 1103 4528 Ludovicus
1165 4448 1257 4528 11.
1318 4448 1522 4530 Rex
1582 4448 1843 4527 Bano
1920 4447 2427 4550 Oroatiae,
2521 4447 3065 4528 Slavoniae
3138 4460 3231 4526 et
3291 4448 3858 4529 Dalmatiae

535 4591 1059 4693 praecipit,
1114 4598 1312 4667 uta
1376 4585 1915 4668 Nobilibus
1978 4591 2264 4666 unius
2329 4591 2821 4667 sessionis
2887 4586 3426 4666 subsidium
3498 4592 3860 4694 viginti

535 4731 972 4831 quinque
1036 4725 1687 4829 denariorum,
1772 4730 1862 4804 in
1928 4724 2269 4831 Regno
2320 4724 2850 4806 Slavoniae
2913 4726 3139 4831 lege
3203 4727 3390 4804 lata
3455 4727 3854 4808 ordina-

1121 4876 1303 4944 tum
1368 4876 1458 4942 et
1521 4863 1976 4968 oblatum,
2043 4888 2425 4968 quoquo
2489 4864 2759 4943 modo
2824 4865 3264 4968 colligat.

1947 5105 2324 5170 Commi-saio
2362 5110 2637 5190 propria
2697 5108 2947 5170 domini
2991 5108 3181 5189 Regis
3223 5109 3300 5170 de
3346 5106 3641 5172 consilio.

844 5274 1259 5365 Lodouicus‚
1309 5276 1443 5349 Dei
1493 5279 1727 5371 gracia
1787 5274 1946 5348 Rex
1996 5274 2346 5369 Hungarie
2400 5286 2469 5348 et
2518 5275 2849 5349 Bohemie
2904 5280 3031 5348 dcc.
3111 5276 3327 5349 Fideli
3385 5286 3622 5352 nostro
3688 5278 3857 5351 Re-

535 5376 843 5451 uerendo
896 5382 965 5449 in
1021 5377 1291 5453 Christo
1342 5379 1527 5452 Patri
1577 5379 1868 5453 Domino
1919 5379 2127 5453 Petro
2172 5379 2495 5475 Beryzlo,
2545 5378 2887 5476 Episcopo
2941 5381 3489 5477 Wesprimiensi.,
3545 5381 3858 5477 Regno-
