3950 5917
509 425 673 518 048

507 629 810 727 benigne
862 637 1191 729 propensi
1240 647 1622 711 manentes.
1674 638 1924 712 Datum
1974 641 2047 713 in
2100 634 2392 714 Civitate
2444 648 2681 716 nostra
2735 640 3006 717 Vienna
3057 642 3382 719 Austriae
3436 642 3549 718 die
3608 644 3824 741 Vige-

511 736 683 807 sima
738 733 1042 832 Septima
1095 735 1358 814 Mensis
1408 739 1668 836 Aprilis
1722 741 1929 816 Anno
1982 743 2260 817 Domini
2309 742 2845 818 M.D.G.LXXX.

819 888 1285 986 Leopoldus
1341 916 1428 966 m.
1482 918 1548 989 p.

1973 997 2088 1090 (L.
2160 998 2277 1092 S.)
2593 1101 2903 1179 Joannes
2958 1104 3374 1202 Gubasoczy
3425 1130 3515 1181 m.
3570 1130 3639 1204 p.

2711 1202 3155 1274 Archiepiscopus
3190 1203 3530 1260 Colloeensis.

2643 1326 2952 1402 Joannes
2985 1327 3362 1426 Maholany
3401 1352 3490 1403 m.
3515 1353 3584 1426 p.

506 1495 651 1567 orig.
686 1499 738 1550 in
775 1498 1001 1553 Archivo
1046 1498 1218 1568 Regni
1255 1499 1512 1553 croatiae.

1935 1947 2410 2032 ccxlv.

1344 2210 1553 2281 Anno
1601 2205 1835 2279 1681.
1891 2209 2007 2279 die
2063 2207 2125 2279 1.
2175 2205 2605 2279 Novembris.
2647 2207 3006 2301 Soprom’i.

512 2445 1075 2548 Leopoldus
1138 2446 1193 2524 1.
1255 2443 1459 2524 Rex
1522 2442 1956 2523 Nuncios
1999 2442 2320 2548 Regni
2385 2441 2851 2523 Oroatiae
2935 2455 3027 2522 et
3120 2443 3658 2523 Slavouiae
3743 2450 3822 2523 in

508 2582 855 2662 Diaeta
924 2581 1247 2687 Regni
1311 2581 1885 2686 Hungariae
1950 2592 2297 2660 contra
2364 2583 3122 2661 conclusionem
3186 2580 3642 2686 ejusdem
3699 2587 3822 2661 in-

510 2724 765 2799 tuitu
858 2721 1511 2824 Augustanae
1605 2730 1699 2798 et
1759 2718 2354 2799 Helveticae
2450 2721 3152 2800 confessionis
3246 2722 3826 2800 solemniter

1408 2868 2037 2963 protestatos
2103 2858 2431 2938 fuisse
2492 2867 2944 2936 testatur.

826 3101 974 3174 Nos
1031 3101 1421 3198 Leopoldus
1474 3101 1608 3173 Dei
1662 3100 1894 3173 Gratia
1946 3100 2229 3175 Electus
2281 3100 2749 3173 Romanorum
2802 3100 3180 3196 Imperator
3258 3122 3539 3198 semper
3589 3102 3822 3195 Augu-

518 3216 689 3295 stus,
746 3225 830 3277 ac
867 3203 1305 3295 Germaniae,
1349 3203 1770 3297 Hungariae,
1807 3204 2212 3293 Bohemiae,
2266 3204 2675 3292 Dalmatiae,
2731 3201 3077 3294 Oroatiae,
3124 3204 3679 3301 Sclaveniaeque
3712 3208 3821 3275 dcc.

516 3308 702 3396 Rex,
774 3308 1135 3381 Archidux
1184 3310 1539 3395 Austriae,
1610 3307 1773 3379 Dux
1828 3307 2287 3401 Burgundiae,
2342 3306 2778 3396 Brahantiae,
2834 3307 3135 3403 Styriae,
3189 3307 3608 3397 carinthiae,
3663 3305 3822 3379 Gar-

513 3413 794 3501 nioliae,
846 3410 1156 3485 Marchio
1210 3410 1596 3500 Moraviae,
1651 3409 1907 3483 Comes
1959 3409 2420 3506 Habspurghi,
2472 3410 2749 3507 Tyrolis
2804 3421 2878 3482 et
2932 3409 3237 3484 Goritiae
3283 3417 3411 3484 ατο.
3466 3411 3822 3485 Memoriae

518 3515 1077 3589 commendamus
1130 3524 1374 3588 tenore
1426 3516 1891 3611 praesentium
1962 3512 2459 3607 significantes,
2507 3514 2781 3609 ‚quibus
2838 3514 3117 3609 expedit
3170 3518 3540 3589 universis.
3648 3511 3822 3601 Quod

514 3618 720 3691 Feria
776 3618 1079 3692 secunda
1152 3621 1466 3714 proxima
1532 3627 1689 3714 post
1740 3616 2170 3689 Dominicam
2245 3616 2579 3689 decimam
2652 3629 2970 3689 octavam
3043 3617 3557 3692 sacrosanctae
3610 3628 3679 3690 et
3723 3620 3821 3689 iu-

515 3721 838 3795 dividuae
890 3721 1236 3795 Trinitatis
1305 3726 1374 3794 in
1426 3721 1635 3794 Anno
1708 3718 1914 3791 modo
1967 3718 2245 3791 labente
2313 3719 2679 3793 Millesimo
2753 3721 3283 3793 Sexcentesimo
3356 3720 3820 3815 Octuagesimo

517 3827 737 3920 primo
792 3829 1106 3920 proxime
1159 3834 1531 3914 transacta,
1585 3826 2023 3918 praeteritam
2077 3822 2190 3894 hic
2241 3824 2309 3894 in
2361 3820 2608 3896 Libera
2650 3823 3010 3917 Regiaque
3048 3823 3341 3898 Civitate
3394 3834 3636 3898 nostra
3691 3823 3817 3896 So-

515 3932 869 4024 proniensi
922 3938 992 4000 et
1045 3926 1381 4000 comitatu
1451 3929 1747 3999 nominis
1803 3925 2112 4000 eiusdem
2176 3925 2537 4000 adiacente
2607 3926 2860 4017 habita,
2933 3925 3057 3999 sub
3128 3927 3448 3999 Termino
3522 3926 3822 4000 videlieet

521 4031 882 4105 Generalis
935 4030 1268 4126 praedicti
1317 4029 1546 4122 Regni
1590 4032 1808 4103 nostri
1858 4030 2255 4122 Hungariae
2309 4039 2380 4102 et
2429 4030 2725 4103 Partium
2779 4029 3003 4102 eidem
3059 4053 3481 4103 annexarum
3534 4031 3823 4112 Diaetae,

514 4137 861 4208 universis
914 4131 1229 4207 fidelihus
1284 4137 1539 4209 nostris
1576 4133 1880 4207 Statibus
1917 4155 2003 4204 ae
2038 4131 2403 4206 Ordinibus
2452 4135 2523 4205 in
2562 4131 2744 4206 diem
2789 4136 3198 4228 vigesimam
3254 4143 3578 4207 octavam
3632 4153 3819 4230 prae-

518 4239 803 4333 terlapsi
870 4236 1133 4311 Mensis
1188 4236 1445 4333 Aprilis
1515 4239 1586 4308 in
1637 4235 1927 4310 eandem
2003 4232 2367 4310 Civitatem
2436 4245 2744 4310 nostram
2811 4258 2937 4333 pro
2994 4236 3492 4332 pertractandis
3564 4236 3822 4335 publicis

516 4344 753 4414 attacti
802 4340 1031 4435 Regni
1083 4344 1301 4415 nostri
1353 4341 1747 4434 Hungariae
1803 4349 1873 4412 et
1923 4338 2222 4412 Partium
2273 4343 2843 4436 praescriptarum
2895 4343 3193 4434 negotiis
3244 4362 3373 4436 per
3416 4340 3823 4415 Maiestatem

515 4454 827 4518 nostram
878 4443 1171 4539 Regiam
1236 4444 1613 4517 clementer
1662 4443 1959 4516 indictae
2013 4465 2098 4515 ac
2150 4443 2650 4539 promulgatae,
2719 4441 2944 4516 fidelis
2994 4453 3234 4517 noster
3283 4443 3635 4539 Egregius
3683 4440 3822 4515 Ma-

516 4551 738 4642 gister
783 4547 1030 4621 Petrus
1083 4547 1522 4638 Antolchich,
1593 4546 2118 4642 praelibatorum
2173 4545 2571 4641 Regnorum
2625 4556 3014 4620 nostrorum
3060 4547 3469 4639 Dalmatiae,
3528 4546 3821 4622 Croatiae

517 4661 591 4724 et
641 4650 1061 4725 Sclavoniae
1112 4650 1658 4742 Protonotarius,
1731 4653 1827 4722 uti
1878 4653 2084 4721 etiam
2152 4649 2530 4723 eorundem
2581 4649 2979 4743 Regnorum
3047 4661 3435 4724 nostrorum
3492 4651 3582 4723 ad
3633 4668 3821 4747 prae-

516 4764 786 4828 sentem
843 4750 1255 4828 Generalem
1308 4754 1622 4826 Diaetam
1672 4751 2059 4848 Ablegatus
2095 4752 2429 4842 Nuncius,
2484 4775 2526 4825 e
2563 4753 2788 4827 medio
2841 4754 3258 4849 reliquorum
3309 4754 3814 4851 Regnicolarum

515 4868 909 4932 nostrorum
964 4866 1269 4933 nostram
1323 4858 1761 4954 personalem
1805 4879 2157 4952 exurgens
2195 4859 2263 4930 in
2300 4860 2787 4953 praesentiam,
2838 4880 2964 4953 per
2998 4857 3271 4931 modum
3311 4858 3618 4932 solennis
3660 4856 3814 4928 Pro-

518 4964 933 5052 testationis,
988 4958 1587 5046 contradictionis,
1641 4960 2064 5034 Inhibitionis
2102 4970 2173 5033 et
2207 4959 2686 5037 Prohibitionis
2738 4971 2877 5033 tam
2915 4983 3072 5049 suo,
3127 4983 3327 5058 quam
3372 4970 3814 5034 annotatorum

516 5065 996 5161 Principalium
1051 5088 1328 5140 suornm
1383 5063 1769 5139 nominibus
1823 5074 1895 5138 et
1943 5067 2014 5138 in
2067 5067 2386 5160 personis
2438 5062 2699 5138 detexit
2752 5072 2823 5137 et
2862 5064 3302 5157 significavit,
3357 5064 3712 5159 detegique
3758 5065 3814 5130 et

524 5168 900 5265 significari
951 5172 1219 5243 curavit
1267 5169 1447 5243 hunc
1498 5170 1570 5242 in
1603 5166 1903 5241 modum.
2011 5166 2211 5254 Quod
2265 5191 2420 5241 cum
2470 5167 2800 5243 videlicet
2850 5177 3041 5240 certa
3093 5167 3429 5265 quaedam
3478 5176 3812 5265 praetensa

519 5270 974 5364 Aug-nstanae
1027 5282 1097 5346 et
1144 5272 1554 5347 Helveticae
1629 5268 2109 5347 Confessionis
2182 5270 2606 5346 addictorum
2675 5272 3079 5367 gravamina
3145 5274 3216 5346 in
3282 5294 3364 5346 re
3434 5281 3504 5345 et
3556 5267 3808 5364 negotio

521 5361 907 5467 Religionis
958 5378 1264 5469 ipsorum
1316 5378 1724 5449 concinnata
1774 5372 2047 5471 publico
2099 5375 2171 5448 in
2223 5372 2579 5451 consessu
2648 5384 3053 5450 attactorum
3117 5374 3642 5470 Regnicolarum
3688 5389 3812 5444 no-
