3950 5917
3296 463 3455 539 44¹⁷

113 685 277 738 num
347 662 670 739 Croatiae
738 666 931 740 velut
997 677 1280 763 paratae
1346 668 1702 741 Pecuniae
1774 667 2234 741 circulatione
2305 666 2695 743 destitutum
2764 665 3064 742 notabile
3134 668 3454 766 profecto

115 765 567 841 Commodum
620 776 691 841 et
724 765 1273 867 Emolumentum
1327 769 1650 862 dimanat,
1702 772 1994 843 ulterius
2039 768 2341 865 benigne
2394 771 2835 857 resolvimus
2887 781 2964 843 ut
3026 767 3269 845 Lustra
3324 794 3455 847 seu

114 868 406 944 Revisio
478 869 794 972 ejusdem
872 870 1149 947 Banalis
1205 871 1665 947 Confiniariae
1716 873 1997 947 Militiae
2071 884 2235 970 quot
2285 869 2510 948 Annis
2581 877 3014 970 suscipiatur,
3095 893 3182 946 ac
3244 877 3450 949 etiam

115 971 254 1045 hoc
306 973 515 1046 Anno
567 976 974 1047 instituatur.

428 1076 880 1150 Nihilominus
953 1087 1181 1150 tamen
1262 1081 1333 1151 in
1400 1079 1682 1152 ulterius
1757 1075 2426 1174 Caesareo-Regiae
2505 1076 2781 1153 Gratiae
2862 1088 2933 1151 et
3001 1078 3454 1174 Benignitatis

118 1177 419 1253 Nostrae
472 1179 970 1272 Argumentum
1028 1179 1420 1254 Clementer
1489 1185 1871 1273 annuimus,
1942 1191 2014 1254 ut
2087 1185 2289 1255 etiam
2363 1182 2447 1255 ad
2511 1179 2860 1274 ejusmodi
2937 1180 3253 1257 Lustrum
3323 1202 3452 1258 seu

116 1280 572 1354 Revisionem
643 1285 929 1377 praevio
1004 1284 1212 1355 modo
1292 1285 1773 1358 instituendam
1848 1285 2091 1380 aliquis
2145 1307 2187 1358 e
2240 1284 2519 1358 Gremio
2573 1284 2998 1361 Fidelitatum
3049 1285 3454 1360 Vestrarmn

116 1382 498 1480 Deputatus
551 1385 852 1458 ordinari
906 1389 975 1458 d:
1023 1389 1286 1460 exmitti
1338 1391 1578 1484 possit.

431 1536 547 1609 Ad
601 1536 773 1610 32:-
830 1542 1015 1611 circa
1068 1539 1603 1636 Dispositionem
1660 1564 1754 1613 ex
1822 1549 2015 1635 parte
2070 1538 2363 1613 Aulicae
2415 1539 2877 1613 Invalidorum
2932 1536 3454 1617 Commissionis

116 1649 442 1735 respectu
499 1636 741 1714 Grossi
817 1641 1145 1716 Invalidis
1227 1647 1429 1716 etiam
1486 1667 1527 1717 e
1572 1642 1820 1716 Banali
1872 1642 2285 1716 Confiniaria
2338 1642 2570 1717 Militia
2626 1643 2949 1717 Militibus
3005 1663 3135 1739 qua
3185 1648 3454 1719 ratione

118 1742 465 1840 pendendi
517 1742 817 1816 factam:
889 1743 1358 1820 Fidelitatibus
1395 1745 1667 1819 Vestris
1716 1746 1987 1819 aliunde
2039 1755 2269 1819 notum
2326 1757 2457 1836 est,
2513 1746 2694 1842 quod
2746 1746 3198 1820 anterioribus
3234 1747 3453 1820 Tem-

117 1844 402 1943 poribus
454 1845 693 1919 Militia
743 1842 1156 1920 Confiniaria
1214 1848 1564 1922 Beneficio
1620 1850 1773 1942 alijs
1824 1848 2152 1922 Invalidis
2203 1848 2524 1922 Militibus
2577 1871 2921 1923 concesso
2976 1854 3218 1942 gavisa
3273 1850 3455 1923 haud

118 1948 351 2030 fuerit,
404 1970 648 2021 verum
704 1952 924 2044 primo
984 1974 1161 2023 nunc
1215 1951 1630 2025 Beneficium
1686 1951 1845 2024 illud
1917 1952 2165 2043 ijsdem
2219 1943 2474 2047 par'itcr
2524 1975 2650 2048 per
2699 1950 2847 2026 Nos
2904 1951 3455 2027 Clementissime

119 2073 536 2125 concessum
592 2049 943 2126 habeatur.
1053 2053 1222 2125 Cum
1278 2065 1503 2126 autem
1558 2056 1674 2126 tali
1725 2059 1994 2127 ratione
2049 2055 2183 2127 duo
2238 2054 2585 2128 Beneficia
2656 2054 2930 2128 insimul
2984 2056 3207 2129 eidem
3259 2056 3452 2130 Mili-

122 2159 263 2227 tiae
320 2153 779 2228 Conliniariae
835 2156 1124 2229 concedi
1179 2180 1316 2230 non
1370 2160 1661 2253 possint,
1733 2167 1807 2229 ut
1856 2157 2182 2229 videlicet
2246 2158 2358 2230 illa
2416 2168 2485 2231 et
2535 2157 3091 2230 lntertentionem
3146 2179 3270 2254 pro
3323 2159 3451 2232 In-

122 2257 372 2330 validis
424 2258 773 2347 Militibus,
850 2264 962 2355 qui
1024 2281 1269 2356 nempe
1323 2284 1448 2357 per
1497 2265 1823 2357 praestita
1878 2259 2191 2332 Militaria
2249 2261 2548 2334 Servitia
2604 2261 2691 2333 ad
2743 2259 2918 2333 haec
2972 2261 3254 2334 ulterius
3310 2262 3450 2334 ob-

120 2360 348 2434 eunda
403 2361 736 2435 inhabiles
788 2373 860 2435 et
911 2366 1134 2438 minus
1186 2365 1416 2437 idonei
1471 2363 1714 2437 redditi
1768 2375 1948 2446 sunt,
2004 2364 2173 2437 alias
2229 2362 2633 2437 destinatam
2689 2364 3064 2458 aequaliter
3113 2386 3266 2436 cum
3320 2387 3448 2442 re,-

118 2465 320 2561 liquis
374 2462 701 2537 Invalidis
755 2464 1073 2540 Militibus
1130 2470 1528 2562 percipiant,
1583 2477 1653 2539 et
1705 2470 1909 2540 etiam
1946 2464 2402 2541 Confiniarios
2438 2465 2717 2540 Fundos
2769 2470 3131 2555 retineant,
3185 2466 3447 2563 absque

120 2590 237 2655 eo,
294 2570 454 2663 quin
509 2569 849 2660 ejusmodi
902 2569 1158 2644 Fundis
1227 2569 1648 2642 inhaerentia
1703 2570 1933 2643 Onera
1988 2580 2058 2642 et
2111 2571 2408 2642 Servitia
2486 2592 2611 2664 per
2663 2570 2942 2641 alterius
3012 2568 3254 2643 habilis
3324 2592 3450 2665 pro

117 2670 357 2744 Militia
414 2668 669 2765 Capitis
725 2672 1177 2746 Statutionem
1248 2683 1620 2769 praestent.
1725 2672 2014 2768 Insuper
2085 2682 2309 2746 autem
2385 2682 2691 2767 spectato
2745 2694 2861 2761 eo,
2927 2671 3110 2767 quod
3161 2682 3451 2767 praeat-

118 2782 374 2847 tactum
428 2773 889 2848 Invalidorum
929 2774 1211 2848 Militum
1257 2774 1705 2867 Beneficium,
1760 2799 1856 2849 ex
1907 2799 2043 2872 quo
2098 2779 2322 2872 quivis
2373 2774 2722 2848 Invalidus
2762 2773 3211 2848 Confiniarius
3249 2775 3450 2848 Miles

122 2899 351 2952 annue
437 2876 536 2949 18
605 2874 911 2951 florenos
982 2881 1048 2951 in
1120 2889 1359 2972 parato
1414 2903 1580 2952 aere
1632 2883 1945 2974 percipit,
2018 2902 2142 2976 pro
2215 2889 2360 2952 toto
2415 2877 2735 2952 Croatiae
2787 2878 3060 2970 Regno,
3129 2878 3244 2951 ubi
3315 2881 3453 2970 (uti

122 2982 578 3075 praemissum
640 2983 788 3073 jam
842 2983 989 3073 est)
1064 2980 1428 3056 Cir-eulatie
1483 2994 1762 3079 paratae
1819 2984 2161 3055 Pecuniae
2230 2982 2571 3054 defectum
2643 2984 2913 3077 patitur,
2987 3004 3122 3054 non
3191 2985 3451 3077 exiguo

124 3079 509 3155 Commodo
565 3086 654 3155 sit
707 3093 777 3155 et
827 3083 1346 3174 Emolument03
1429 3086 1626 3172 Quod
1679 3089 1839 3157 item
1896 3084 1980 3156 ad
2035 3085 2210 3157 haec
2265 3089 2486 3158 cuivis
2541 3082 2956 3157 Confiniario
3014 3108 3054 3156 a
3124 3084 3221 3158 16
3266 3086 3451 3168 Ter-

122 3207 248 3257 rae
302 3185 670 3279 Jugeribus
728 3190 1010 3262 excisus
1063 3188 1339 3261 Fundus
1412 3194 1477 3260 in
1550 3198 1732 3260 tanta
1783 3185 2217 3260 Abundantia
2275 3192 2665 3281 assignatus
2728 3186 3081 3275 habeatur,
3155 3197 3226 3259 ut
3276 3210 3453 3258 unus

122 3283 583 3361 Confiniarius
634 3287 836 3362 Miles
900 3311 979 3363 se
1053 3292 1205 3364 solo
1277 3291 1567 3364 eundem
1626 3290 1982 3362 excellere
2054 3299 2124 3362 et
2191 3312 2444 3362 usuare
2496 3313 2634 3363 non
2697 3293 2940 3385 possit,
2993 3311 3237 3360 verum
3308 3299 3447 3361 tota

120 3387 456 3484 Ejusdem
511 3392 794 3464 Familia
867 3403 935 3465 et
984 3393 1245 3465 Famuli
1301 3417 1393 3466 ex
1463 3394 1578 3465 illo
1632 3393 1871 3465 Funde
1943 3393 2206 3464 alantur
2259 3402 2330 3464 et
2381 3397 2956 3481 interteneantur3
3035 3392 3260 3464 taliter
3313 3413 3450 3462 au·-

119 3505 263 3566 tem
326 3498 399 3567 in
452 3491 916 3590 Consequenti
972 3497 1309 3588 ejusmodi
1362 3497 1671 3569 Invalido
1727 3505 1797 3568 et
1849 3496 1935 3569 ad
1988 3496 2268 3567 ulterius
2322 3496 2730 3590 praestanda
2782 3494 3095 3567 Militaria
3150 3495 3449 3579 Servitia

124 3595 407 3671 inhabili
474 3598 740 3670 reddito
794 3596 1213 3672 Confiuiario
1267 3600 1459 3673 Militi
1511 3622 1729 3694 grave
1802 3610 1873 3672 et
1943 3619 2312 3673 onerosum
2387 3601 2770 3692 neutiquam
2843 3618 3005 3668 esse
3066 3600 3310 3693 possit,
3381 3600 3451 3670 in

122 3702 356 3774 locum
411 3704 518 3775 sui
571 3701 751 3774 aliud
816 3702 1133 3775 idoneum
1191 3703 1586 3794 SubJectum
1642 3728 1737 3776 ex
1789 3726 1911 3777 sua
1965 3703 2193 3775 Domo
2250 3712 2319 3774 et
2367 3700 2605 3773 Funde
2661 3709 3007 3774 statuere:

442 3804 617 3876 Hinc
671 3806 1046 3878 clementer
1096 3807 1536 3896 resolvimuS,
1591 3808 2070 3902 volumusque,
2129 3816 2203 3877 ut
2252 3826 2469 3900 penes
2522 3803 3056 3901 Dispositionem
3112 3823 3206 3876 ex
3258 3812 3453 3900 parte

122 3908 425 3980 Aulicae
478 3907 773 3980 Nostrae
842 3907 1303 3983 Invalidorum
1357 3908 1876 3983 commissionis
1946 3910 2199 3980 factam
2251 3908 2615 3998 Negotium
2688 3907 2823 3980 hoc
2892 3907 3175 3980 ulterius
3246 3910 3451 3979 etiam

122 4012 587 4107 relinquatur,
640 4010 951 4105 Benigne
1003 4034 1294 4109 namque
1349 4011 1779 4101 confidimus,
1832 4015 2164 4108 ipsasmet
2213 4011 2609 4086 Fidelitates
2660 4011 2952 4085 Vestras
3008 4011 3183 4084 ultro
3238 4008 3455 4105 probe

124 4117 511 4208 agnituraS,
563 4114 745 4208 quod
808 4111 1132 4188 Invalidis
1187 4115 1620 4208 Confiniarijs
1672 4114 1994 4187 Militibus
2046 4119 2330 4211 praevia
2384 4107 2648 4189 ratione
2702 4117 2953 4188 nullum
2985 4113 3221 4202 Onus,
3295 4116 3456 4209 quin

126 4219 359 4313 potius
412 4240 509 4288 ex
559 4217 866 4290 Materna
924 4217 1154 4291 Gratia
1211 4229 1281 4292 et
1334 4219 1707 4292 Clementia
1764 4218 2016 4292 Nostra
2073 4241 2211 4291 non
2264 4222 2586 4311 exiguum
2644 4216 3089 4292 Commodum
3142 4227 3214 4289 et
3263 4218 3456 4290 utili-

124 4331 238 4393 tas
294 4323 362 4392 in
416 4319 551 4393 hoc
601 4342 812 4416 passu
867 4324 955 4394 sit
1008 4344 1402 4395 accessura.

445 4473 558 4547 Ad
612 4474 770 4548 4“-“ὲ
872 4472 1069 4552 Circa
1126 4476 1416 4550 Baronis
1469 4476 1821 4551 Francisci
1867 4475 2233 4550 Patachich
2287 4473 2374 4549 ad
2417 4472 2896 4549 Genaralatum
2934 4473 3457 4549 Carlostadien-

123 4599 282 4652 sem
348 4579 805 4674 profugorum
854 4576 1268 4653 Colonorum
1346 4580 1789 4653 ordinandam
1853 4581 2423 4654 Restitutionem:
2523 4580 2672 4654 Eas
2744 4602 2869 4653 sua
2924 4579 3054 4652 Via
3128 4580 3456 4652 efficaces

124 4681 641 4777 Dispositiones
692 4683 946 4756 institui
1001 4685 1376 4756 clementer
1431 4686 1575 4776 jam
1621 4686 2002 4776 jussimus:
2109 4682 2197 4754 Ut
2252 4705 2447 4777 quam
2499 4687 2782 4777 primum
2838 4704 2961 4777 pro
3031 4681 3277 4754 futuro·
3316 4683 3455 4754 ali-

122 4789 283 4881 quis
355 4808 449 4857 ex
502 4786 917 4860 Provinciali
987 4798 1175 4882 parte
1229 4787 1314 4859 ad
1370 4786 1820 4860 Generalatus
1876 4784 2524 4873 Carlostadiensem,
2582 4797 2694 4858 aut
2749 4783 3310 4873 Varasdiensem,
3384 4794 3456 4857 et

122 4911 223 4962 ex
297 4887 401 4960 his
456 4888 631 4961 Vice
685 4912 894 4962 versa
950 4889 1034 4961 ad
1089 4891 1590 4962 Provincialem
1645 4890 1915 4962 Partem
1970 4889 2615 4981 Transmigrationis
2668 4885 2886 4961 Casus
2960 4890 3456 4975 intercesserit,

126 5001 560 5086 eatenusque
633 5011 801 5067 suae
858 4990 1385 5088 ,Competentiae
1458 4991 1682 5064 debita
1755 4995 2020 5064 ratione
2074 5002 2144 5064 et
2194 4995 2426 5065 intuitu
2502 4995 2729 5065 talium
2802 4990 3244 5087 profugorum
3299 4991 3457 5064 Re-

125 5098 497 5168 stitutionis
570 5093 941 5170 Insinuatio
1016 5094 1197 5168 facta
1248 5095 1479 5182 fuerit,
1555 5094 1894 5185 ejusmodi
1947 5093 2230 5188 Profugi
2285 5099 2435 5168 siue
2488 5095 2792 5168 ulteriori
2846 5094 3457 5187 Tergiversatione

124 5207 430 5271 actutum
481 5198 838 5294 utrobique
904 5202 1365 5286 restituantur,
1437 5219 1572 5293 quo
1645 5199 1871 5271 taliter
1920 5220 1961 5270 a
2019 5196 2311 5272 Casibus
2364 5197 2678 5295 equidem
2734 5199 3122 5293 praeteritis
3177 5196 3458 5268 abstra-

126 5302 360 5376 hendo
433 5321 560 5399 pro
632 5297 859 5375 futuro
926 5300 1209 5397 benigni
1277 5305 1479 5375 etiam
1537 5300 1936 5397 Diplomatis
1991 5299 2454 5376 Fidelitatibus
2508 5301 2778 5374 Vestris
2850 5301 3118 5394 elargiti
3190 5299 3458 5375 debitus

126 5404 443 5480 Effectus
495 5416 917 5502 procuretur.
