3950 5917
513 423 673 498 198

518 575 858 707 obstante.
963 632 1038 706 In
1095 635 1285 705 cuius
1339 635 1442 704 rei
1497 633 1890 704 memon‘am
1960 626 2392 725 presentibus
2465 628 2757 722 sig-illuni
2809 636 3112 700 nostrum
3183 624 3496 697 dmmus
3548 643 3803 718 appen-

519 739 835 811 dendum.
941 736 1186 809 Datum
1239 740 1577 830 nigesimo
1633 734 1939 808 secundo
1996 734 2109 806 die
2161 733 2295 805 diei
2349 732 2905 817 introduccionis‚
2960 730 3357 802 statucionis
3412 737 3483 799 et
3512 736 3802 800 restatu-

521 846 744 915 cionis
823 843 1294 936 predictarum.
1376 842 1581 912 Anno
1630 837 1905 910 Domini
1983 836 2342 910 Millesimo
2423 836 3089 931 quadringentesimo
3164 835 3513 906 tricesimo
3589 834 3802 927 quinto

518 945 928 1042 supradicto.

519 1149 662 1220 Orig.
697 1153 753 1203 in
789 1167 836 1203 c.
873 1167 913 1203 r.
949 1149 1118 1203 antico
1153 1150 1378 1204 Ammo
1414 1148 1671 1203 vienemi.

1854 1706 2470 1792 cxxxvl.

1463 2000 1670 2069 Anno
1742 1997 1973 2068 1435.
2062 1998 2130 2070 7.
2187 1998 2452 2091 Aprilis
2543 1996 2866 2068 Teime‘m‘i.

517 2259 866 2340 Sedem
935 2260 1579 2364 judiciariam
1642 2258 2208 2340 Tiniensem
2281 2265 2364 2340 in
2440 2258 2750 2364 Regno
2815 2257 3275 2340 Croatiae
3342 2257 3653 2338 fuisse
3708 2261 3795 2338 iu

514 2422 828 2501 eaque
919 2401 1188 2504 juxta
1287 2397 2112 2478 consvetudinem
2178 2395 2494 2505 Regni
2559 2398 3035 2478 Croatiae
3085 2400 3590 2505 Justitiam
3646 2397 3798 2476 ad·-

841 2541 1491 2617 ministratam
1555 2537 1916 2639 fuisse,
2000 2537 2315 2617 hocce
2378 2537 2960 2620 documento
3036 2536 3478 2619 docetur.

821 2809 968 2882 Nos
1049 2806 1421 2904 Capitulum
1496 2812 1798 2884 ecclesie
1875 2812 2217 2886 'liniensis
2310 2815 2635 2890 memoris
2716 2812 3273 2885 commendantes
3358 2809 3795 2906 significamus

512 2924 752 2988 tenore
804 2916 1232 3010 presencium
1289 2915 1528 3011 quibus
1583 2914 1860 3011 expedit
1910 2920 2290 2990 vniuersis:
2347 2916 2545 3004 Quod
2580 2920 2647 2990 in
2683 2928 2984 2990 nostram
3036 2916 3491 3013 personaliter
3522 2919 3791 2987 veniens·

513 3020 940 3111 presenciam
993 3021 1101 3090 vir
1149 3017 1396 3093 nobilis
1448 3020 1768 3094 Andreas
1803 3020 2141 3095 Woksich
2197 3021 2283 3093 de
2338 3021 2695 3110 Starauaz„
2748 3021 3089 3115 legitimus
3144 3031 3546 3116 procurator
3594 3039 3787 3114 spec-

511 3118 732 3194 tabilis
786 3132 857 3193 et
906 3121 1260 3215 magnifici.
1302 3122 1555 3197 domini
1609 3123 1876 3197 Nicolai
1929 3126 2016 3198 de
2069 3124 2651 3221 Frangepanibns‚
2705 3125 2987 3219 Wegle„
3043 3126 3358 3220 Segnye,
3419 3123 3787 3196 Medi-usis-

514 3247 646 3319 que
681 3235 812 3298 etc.
853 3224 1153 3300 Comitis.
1243 3227 1431 3299 Idem
1484 3227 1805 3302 Andreas
1858 3229 2057 3302 nobis
2109 3229 2411 3303 exhibuit
2463 3230 2819 3325 quamdam
2874 3230 3159 3301 litteram
3215 3230 3508 3302 honeste
3558 3225 3787 3302 sedis

512 3329 1023 3420 Tiniensis.,
1080 3340 1324 3426 petens
1377 3354 1507 3405 nos
1561 3330 1785 3406 debita
1842 3355 1993 3406 cum
2049 3337 2391 3424 instantia,
2461 3344 2539 3406 vt
2589 3334 2879 3406 eandem
2947 3331 3352 3405 transscribi
3403 3344 3472 3405 et
3514 3332 3787 3424 acopiari

515 3433 966 3527 dignaremur.
1076 3433 1284 3508 Cuius
1339 3436 1608 3532 quidem
1679 3439 1875 3509 litere
1943 3448 2144 3511 tenor
2194 3460 2320 3532 per
2369 3442 2591 3509 omnia
2647 3438 2798 3509 talis
2854 3447 3006 3511 est:
3113 3435 3260 3509 Nos
3318 3438 3502 3508 Iwan
3551 3432 3787 3507 wlad-

511 3537 712 3610 konis
765 3536 1089 3623 Muinich,
1145 3539 1367 3611 locum
1423 3550 1670 3613 tenens
1722 3541 2076 3614 Dalmaeie
2129 3552 2200 3614 et
2252 3540 2542 3616 Croacie
2592 3540 3081 3632 Vicebanatus‚
3134 3540 3464 3615 Nicolaus
3510 3536 3787 3611 Mende-

514 3641 660 3713 sich
714 3640 801 3713 de
855 3664 1114 3735 genere
1179 3642 1682 3734 Bucichiorum„
1755 3644 2019 3740 Symon
2079 3644 2553 3741 Budoyessicb
2624 3645 2710 3717 de
2765 3667 3024 3740 genere
3078 3644 3455 3717 thaehac
3503 3653 3568 3715 et
3612 3638 3784 3713 wok

513 3745 930 3818 Berislauich
986 3746 1074 3818 de
1126 3770 1388 3840 genere
1444 3746 1935 3843 Ciprianorum„
2000 3749 2262 3822 iudices
2316 3753 2512 3821 iurati
2563 3747 2885 3821 nobilium
2940 3748 3390 3821 Cornutorum
3447 3747 3623 3820 sedis
3670 3744 3781 3816 Ti-

513 3853 795 3936 niensis,
877 3855 1208 3924 memorie
1288 3851 1847 3925 commendantes
1920 3863 2163 3925 tenore
2241 3856 2670 3949 presencium
2726 3852 3187 3947 significamus
3243 3853 3484 3949 quibus
3536 3847 3784 3944 expedit

511 3975 636 4046 per
683 3962 1071 4048 presentes.
1128 3955 1308 4049 quod
1361 3978 1512 4027 cum
1567 3978 1696 4029 nos
1760 3980 1895 4028 vna
1950 3979 2103 4029 cum
2176 3954 2667 4032 Nobilibus
2737 3956 3030 4051 Regni
3099 3955 3554 4029 Crouacie
3620 3973 3793 4025 non-

513 4057 710 4130 nullis
765 4057 1350 4144 consedissemus„
1421 4059 1507 4132 ad
1580 4063 1684 4132 ius
1754 4060 2173 4134 reddendum
2251 4066 2620 4157 vnicuiqne
2696 4060 3186 4158 postulantibus
3258 4084 3439 4148 eam,
3511 4053 3793 4130 tanede

509 4160 734 4233 medio
813 4161 1099 4235 aliorum
1179 4162 1674 4236 causidicorum
1729 4187 2081 4259 exurgens
2152 4187 2384 4238 coram
2437 4164 2637 4239 nobis
2687 4168 2798 4239 vir
2851 4163 3094 4238 nobilis
3148 4165 3469 4238 Andreas
3519 4155 3787 4232 Wksicb

508 4265 595 4335 de
650 4263 1007 4338 Starawaz
1061 4266 1148 4339 de
1199 4266 1495 4353 Bussan,
1566 4268 1906 4362 legitimus
1967 4279 2372 4365 procurator
2437 4273 2569 4342 viri
2621 4268 2963 4364 magnifici
3030 4268 3282 4341 domini
3353 4267 3638 4362 Nicolay
3682 4260 3785 4334 filii

512 4368 849 4463 quondam
903 4367 1197 4467 Nicolay
1244 4371 1330 4444 de
1383 4370 1974 4468 Frangepanibus„
2027 4371 2310 4468 wegle„
2366 4374 2675 4470 Segnye„
2727 4372 3252 4446 Modrusie'etc.
3311 4371 3612 4460 Comitis,
3660 4387 3785 4439 no·

511 4476 689 4545 mine
745 4483 814 4546 et
863 4476 935 4545 in
986 4496 1282 4569 persona
1363 4479 1574 4570 ipsius
1653 4475 2001 4571 Mag-uilici
2057 4476 2364 4560 Comitis,
2418 4500 2548 4550 nos
2621 4477 2725 4550 ds
2790 4487 3069 4550 consu
3093 4476 3467 4549 etudine
3518 4469 3780 4565 Regni

508 4578 968 4652 Crouacie
1046 4580 1162 4650 tali
1242 4579 1448 4653 modo
1529 4584 2015 4674 interogasset,
2092 4582 2378 4655 dicens:
2488 4580 2686 4668 Quod
2756 4582 2919 4656 licet
2984 4580 3328 4676 predictus
3406 4573 3783 4672 Magnificus

514 4681 850 4774 quondam
932 4680 1260 4758 Nicolaus
1332 4683 1421 4756 de
1488 4683 2073 4781 Frangepanibus.,
2152 4684 2435 4780 weglo,
2514 4686 2826 4781 segnye,
2902 4683 3290 4759 Modrussie
3344 4693 3474 4757 etc.
3531 4680 3783 4762 Comes,

504 4785 901 4879 Regnorum
954 4786 1306 4861 Dalmacie
1358 4797 1430 4860 et
1463 4785 1753 4862 Croacie
1806 4788 2061 4879 Banus,
2113 4799 2310 4886 pater
2356 4793 2806 4885 prenominati
2855 4789 3165 4862 moderni
3219 4788 3469 4861 domiui
3519 4780 3785 4872 Nicolay

508 4889 596 4961 de
648 4889 1237 4986 Frangepnnibus,
1309 4893 1684 4966 eorundmn
1754 4893 2041 4986 Wegle„
2112 4893 2424 4990 Seguye,
2494 4892 2845 4967 blodrusie
2897 4903 3029 4966 ete.
3102 4892 3411 4982 Comitis,
3478 4885 3778 4986 quasdam

505 4997 995 5090 possessiones
1066 5017 1195 5068 seu
1266 4993 1715 5070 comitatuum
1795 4998 2107 5072 Bussane
2182 5008 2470 5072 uocatas
2524 5021 2561 5070 a
2618 4998 3078 5072 Serenissimo
3154 5000 3457 5094 principe
3530 4991 3785 5065 domino

512 5099 976 5192 sigismunde,
1060 5098 1171 5173 dei
1219 5103 1450 5193 gracia
1505 5099 1705 5196 Rege
1755 5101 2109 5198 Hungarie
2161 5113 2293 5175 etc.
2364 5124 2487 5199 pro
2540 5105 2826 5198 pignore
2878 5101 3272 5175 habuisset:
3353 5119 3530 5172 nunc
3578 5102 3777 5168 autem

510 5202 667 5276 date
721 5202 922 5277 nobis
975 5205 1536 5280 consuetudinem
1591 5204 1815 5300 Regni
1870 5205 2248 5297 Crouaeie3
2312 5211 2371 5279 si
2424 5206 2605 5280 idem
2658 5206 2994 5302 quondam
3049 5203 3447 5301 magnificus
3496 5199 3782 5274 dominus

509 5304 838 5380 Nicolaus
886 5305 1138 5380 Comes
1192 5318 1261 5381 et
1312 5307 1542 5384 Banus
1606 5311 1888 5386 easdem
1957 5313 2449 5407 possessiones
2502 5333 2626 5385 seu
2681 5308 3083 5388 Comitatum
3154 5309 3459 5383 Bussane
3527 5303 3781 5380 ‘fletum'

512 5406 638 5480 sibi
689 5411 957 5502 pignori
1010 5408 1443 5501 obligaoioue
1496 5417 1934 5506 pronomem,
1991 5414 2128 5487 tilio
2183 5435 2309 5488 suo
2347 5415 2813 5509 prenominato
2867 5415 3200 5489 moderno
3250 5407 3605 5504 magnifico
3654 5401 3777 5474 do·
