3950 5917
12 381 17 594 j
3283 400 3458 486 ast.

12 655 13 682 t
96 639 380 694 morum
414 615 918 691 successorum
971 617 1257 691 servitio
1293 612 1794 691 conservandis
1845 624 1920 690 et
1949 612 2472 688 manutenendis
2523 613 2816 710 propriis
2878 611 3188 686 similiter
3238 631 3444 685 sum-
3580 601 3592 612 “

100 720 363 818 ptibus,
415 743 649 794 curam
705 742 792 794 ac
843 719 1344 795 solicitudinem
1383 741 1463 793 se
1497 721 1934 815 impensuros
1991 727 2063 790 et
2094 738 2182 792 eo
2218 717 2632 813 aplicaturos
2684 725 2995 811 prompte
3031 724 3102 787 et
3131 715 3443 788 resolute

101 827 591 922 promisissent
639 833 712 898 et
763 822 1258 899 declarassent.
1363 821 1623 896 Horum
1672 824 1902 918 itaque
1953 830 2093 893 tam
2146 823 2287 894 rari
2335 822 2561 893 meriti
2611 828 2684 892 et
2733 817 2850 891 alti
2893 820 3091 913 pretii
3152 839 3446 914 operum

104 938 317 1025 atque
369 930 806 1003 servitiorum
852 928 1043 1018 jnsto
1098 948 1195 999 ex
1244 934 1592 1021 respectu,
1645 934 1717 998 et
1758 928 2022 1012 intuitu,
2076 933 2147 996 et
2196 933 2270 996 ut
2319 922 2453 995 bac
2501 921 2933 1017 infrascripta
2985 920 3445 996 Resolutione

106 1040 185 1104 et
234 1030 837 1106 condescensione
888 1028 1144 1103 Nostra
1196 1027 1548 1104 modernis
1599 1028 1912 1102 Dominis
1962 1025 2267 1104 ,Statibns
2320 1036 2392 1099 et
2461 1047 2699 1099 eorum
2754 1022 3298 1099 successoribus
3368 1027 3443 1098 in

102 1138 342 1208 vicem
386 1132 661 1207 debitae
708 1131 1023 1206 laborum
1058 1140 1130 1206 et
1160 1135 1558 1206 meritorum
1608 1153 1887 1206 snorum
1940 1130 2368 1225 gratitudinis
2403 1138 2476 1203 et
2508 1131 3027 1224 recognitionis,
3082 1147 3208 1225 pro
3235 1130 3442 1223 ipso-

100 1259 258 1310 rum
312 1236 493 1334 apud
545 1236 696 1311 Nos
748 1245 1114 1333 propterea
1165 1238 1237 1308 in
1287 1235 1496 1308 Anno
1549 1236 1874 1324 currenti,
1953 1233 2067 1307 die
2136 1255 2313 1306 vero
2364 1235 2706 1326 vigesima
2759 1254 2939 1305 nona
2980 1229 3243 1306 Mensis
3276 1228 3444 1305 Maii

102 1340 426 1415 Viennae
476 1339 833 1431 Anah-iae,
884 1340 1115 1414 medio
1184 1337 1598 1413 Perillustris
1678 1361 1763 1409 ac
1836 1336 2178 1412 Generosi
2228 1337 2503 1410 Domini
2566 1333 2847 1429 Georgii
2899 1333 3230 1427 Plemicb‚
3291 1334 3443 1406 Sa—

100 1447 541 1519 cratissimae
589 1441 971 1518 Maiestatis
1028 1440 1424 1516 Caesareae
1476 1452 1549 1513 et
1599 1441 1866 1535 Regiae
1946 1439 2331 1532 Consiliarij
2388 1462 2473 1511 ac
2523 1438 2994 1513 Praefatorum
3039 1436 3444 1532 Regnorum

98 1545 423 1643 Magistri
471 1545 1000 1636 Prothonotarii,
1056 1555 1127 1631 et
1172 1548 1246 1630 ,in
1300 1544 1629 1618 moderna
1685 1566 1957 1640 quoque
2012 1566 2250 1626 eorum
2301 1541 2624 1617 Generali
2654 1541 2768 1615 bic
2802 1540 3186 1638 Zagrabiae
3235 1543 3445 1632 cele-2¹

98 1649 301 1724 brata
356 1648 941 1744 Congregatione,
996 1647 1179 1721 facta
1228 1645 1580 1735 instantia.
1634 1647 1936 1723 Eosdem
1972 1647 2311 1722 Dominos
2348 1646 2580 1721 Status
2633 1654 2703 1718 et
2738 1644 3032 1720 Ordines
3077 1646 3269 1737 justo
3303 1643 3446 1718 hoc

12 1773 13 1780 ’
102 1757 416 1849 ipsisque
471 1776 513 1825 a
566 1753 830 1849 pridem
883 1751 1113 1825 debito
1167 1762 1240 1824 et
1292 1754 1707 1848 competenti
1784 1751 2013 1824 medio
2087 1750 2632 1838 consolaremur,
2687 1752 3042 1824 statuimus
3079 1758 3149 1822 et
3198 1749 3440 1821 resol-

102 1859 365 1947 vimus,
417 1859 1002 1953 promittimnsque
1055 1865 1126 1928 et
1176 1855 1561 1949 obligamus
1612 1853 1761 1929 Nos
1815 1865 1885 1927 et
1934 1854 2324 1928 Vniversos
2376 1857 2446 1927 in
2481 1856 2865 1949 praemisso
2916 1852 3217 1925 Banatus
3253 1849 3441 1924 Offi-

98 1963 217 2033 cio
273 1957 748 2033 Successores
810 1958 1134 2044 Nostros,
1203 1981 1329 2055 pro
1382 1961 1801 2029 immunitate
1874 1967 1944 2028 et
2003 1959 2490 2053 praerogativa
2562 1954 2937 2029 eorundem
2991 1954 3441 2028 Dominorum

96 2063 419 2150 Statuum
464 2072 535 2134 et
580 2060 906 2135 Ordinum
962 2065 1627 2157 praenominatorum
1669 2060 2097 2156 Regnorum,
2153 2058 2600 2134 conditiones
2653 2057 3122 2154 infrascriptas
3175 2080 3439 2154 perpe-

96 2176 222 2239 tuo
280 2166 798 2238 observaturos.
905 2164 1173 2238 Primo:
1256 2186 1345 2238 ne
1399 2167 1713 2237 extranei
1766 2167 1836 2238 in
1889 2163 2270 2259 Stipendia,
2324 2167 2546 2236 minus
2598 2164 2667 2234 in
2723 2159 2968 2234 Officia
3024 2159 3438 2234 Confiniaria

94 2290 290 2342 nunc
327 2269 445 2342 vel
481 2271 550 2341 in
588 2268 886 2341 futurum
936 2277 1214 2364 praeter
1265 2289 1676 2363 expressum
1728 2267 2193 2363 praefatorum
2227 2266 2676 2338 Dominorum
2728 2265 3037 2337 Statnum
3092 2274 3162 2337 et
3222 2264 3440 2338 Ordi—

12 2415 13 2448 t
94 2393 265 2445 num
304 2392 665 2446 assensum
700 2382 1278 2467 promoveantur3
1316 2370 1441 2445 sed
1470 2370 1821 2466 Stipendia
1860 2369 2197 2444 eiusmodi
2232 2379 2305 2443 et
2330 2367 2573 2442 Officia
2601 2367 3070 2441 Nationalibns
3109 2367 3440 2441 duntaxat

94 2473 570 2549 conferantur.
622 2473 991 2548 Secundo:
1029 2496 1120 2547 ne
1157 2472 1476 2547 ammodo
1516 2473 1761 2547 Officia
1799 2470 2213 2547 Gonflniaria
2249 2472 2638 2568 incipiendo
2677 2494 2714 2543 a
2751 2470 3168 2567 Vayvodatu
3202 2470 3437 2545 inclu-

93 2582 261 2653 sive
294 2577 539 2651 altiora
572 2578 737 2660 ulla.
764 2587 1241 2673 praeterquam
1281 2600 1434 2650 cum
1461 2587 1631 2652 voto
1668 2586 1741 2649 et
1765 2580 2320 2673 praesentatione
2348 2597 2474 2672 per
2495 2575 2832 2648 Dominos
2862 2577 3096 2649 Status
3126 2585 3196 2648 et
3220 2573 3439 2648 Ordi-

90 2703 232 2756 nes
284 2679 540 2767 fienda,
593 2680 1070 2755 Subiectorum
1125 2681 1357 2755 Trium
1402 2684 1474 2755 in
1508 2703 1588 2755 re
1633 2680 1903 2753 militari
1937 2690 2407 2777 expertorum,
2440 2678 2669 2752 habita
2706 2682 2911 2751 etiam
2955 2681 3440 2775 praestitorum

91 2785 560 2860 Set-vitiorum
628 2782 1026 2858 bellicorum
1098 2788 1391 2876 ratione,
1463 2807 1505 2857 a
1557 2782 1777 2859 Nobis
1831 2781 2099 2859 comite
2150 2783 2344 2858 Bane
2397 2782 2518 2857 vel
2571 2780 3110 2856 successoribus
3161 2775 3460 2858 Nostris'

12 2977 13 2996 χ
92 2887 568 2963 conferantur.
640 2887 856 2962 Salvo
908 2896 1136 2962 tamen
1193 2898 1264 2961 et
1312 2909 1402 2961 eo
1453 2886 1664 2961 modo
1715 2887 2165 2962 Dominorum
2216 2883 2974 2982 Vice-Gapitaneorum
3026 2885 3257 2959 debito
3308 2883 3439 2959 In—

88 3002 396 3067 teresse.
442 2990 724 3064 ·Tertio:
777 2999 852 3064 ut
901 2990 1189 3065 absente
1244 2989 1512 3066 Gemite
1561 2991 1758 3065 Bano
1812 3013 1855 3063 e
1907 2992 2185 3085 Regno,
2213 2988 2678 3065 confiniorum
2730 2991 2977 3065 molles
3030 2999 3104 3065 et
3153 2986 3440 3063 Guber-

90 3098 289 3169 nium
342 3095 680 3189 integrale
748 3116 876 3191 per
926 3093 1405 3169 Subalternnm
1459 3093 1588 3170 sibi
1639 3094 2095 3189 Regnicolam
2166 3116 2320 3167 cum
2391 3093 2925 3187 cointelligentia
2977 3104 3053 3167 et
3099 3094 3441 3170 relatione

12 3285 13 3294 ἵ
90 3198 185 3273 ad
240 3198 579 3272 Dominus
647 3197 883 3272 Status
955 3202 1371 3272 sustineatur
1422 3208 1495 3272 et
1545 3197 2069 3272 administretur.
2177 3196 2564 3284 Quarto:
2652 3195 3069 3270 Dominis
3139 3197 3440 3270 Stati-

86 3303 267 3377 bus
339 3300 735 3375 liberum
804 3304 989 3375 erit
1065 3312 1154 3375 et
1223 3300 1743 3389 admissum,
1813 3299 2113 3373 medio
2185 3298 3078 3374 constituendorum
3131 3307 3222 3370 et
3272 3318 3438 3369 ex-

87 3403 754 3479 mittendorum
872 3402 1746 3479 Commissariorum
1842 3425 2213 3476 suornm
2328 3406 2595 3476 annis
2697 3401 3092 3497 singulis
3188 3398 3436 3473 mili-

84 3513 316 3583 tiam
369 3506 1051 3583 Confiniariam
1105 3516 1185 3583 et
1235 3505 1755 3599 Praesidia‚
1811 3504 2435 3603 Confiniaque
2487 3510 2936 3579 universa
2989 3504 3435 3596 lustrare,

83 3633 259 3687 cum
312 3609 761 3703 0fficialibns,
840 3634 1124 3708 remque
1158 3612 1519 3685 militarem
1576 3621 1651 3684 et
1702 3610 2240 3708 suppellectilem
2309 3607 2753 3683 tractantibus
2820 3609 3162 3680 rationem
3229 3608 3436 3699 inire,

83 3715 183 3790 de
238 3714 840 3791 succumbentibus
892 3713 1327 3789 Exeeutione
1388 3715 1732 3789 mediante
1804 3714 2345 3790 satisfactionem
2417 3712 2746 3809 (praevio
2811 3718 3043 3783 tamen
3113 3708 3204 3784 ad
3270 3708 3436 3783 Do-

84 3824 356 3894 minum
426 3818 692 3892 Banum
760 3818 1061 3916 desuper
1137 3820 1468 3911 recursu)
1540 3816 1673 3892 sibi
1721 3818 2144 3913 impendere.
2266 3816 2540 3905 Quinto:
2592 3824 2665 3887 ut
2714 3809 3223 3888 commissariis
3274 3811 3436 3887 Re-

80 3926 213 4019 gni
264 3926 339 3996 in
392 3920 721 3998 Confiniis
806 3925 1189 3999 constitutis
1267 3944 1394 4019 per
1444 3919 1797 3994 Officiales
1851 3931 1921 3995 et
1982 3921 2233 3995 milites
2295 3919 2754 3996 Confiniarios
2814 3918 2992 3991 alter
3042 3915 3437 3992 immediate

80 4035 255 4124 post
303 4024 671 4104 Dominum
723 4024 984 4099 Banum
1048 4026 1275 4100 bonor
1325 4033 1398 4098 et
1448 4024 1822 4099 authoritas
1875 4023 2228 4098 tribuatur.
2331 4023 2410 4098 In
2481 4045 2765 4120 quorum
2837 4022 3138 4095 omnium
3209 4019 3438 4094 firmi·-

82 4139 307 4205 tatem
356 4139 757 4227 perpetuam
805 4127 1292 4204 inviolabiliter
1358 4126 1896 4219 observandam,
1947 4136 2356 4225 praesentes
2423 4126 2718 4201 Litteras
2785 4136 3063 4199 nostras
3115 4122 3242 4200 sub
3295 4145 3437 4197 au-

80 4234 403 4308 thentico
453 4233 701 4327 Sigillo
750 4243 992 4310 nostro
1043 4232 1285 4306 Banali
1335 4255 1422 4306 ac
1456 4254 1699 4306 manns
1750 4230 2052 4305 Nostrae
2102 4234 2422 4329 propriae
2483 4228 2986 4326 subscriptione
3034 4229 3435 4303 memoratis

82 4337 411 4414 Dominis
463 4334 767 4412 statibus
836 4345 909 4410 et
958 4334 1325 4410 Ordinibus
1387 4335 1840 4411 antefatorum
1890 4335 2293 4431 Regnorum
2362 4333 2827 4409 extradandas
2895 4353 3062 4408 esse
3114 4332 3436 4406 duximus

82 4452 162 4516 et
216 4440 728 4517 concedendas.
798 4439 1046 4514 Datum
1097 4438 1485 4535 Zagrabiae
1539 4440 1670 4514 Die
1730 4440 2116 4536 Trigesima
2167 4437 2433 4516 Mensis
2486 4435 2940 4536 Septembris,
3005 4435 3216 4510 Anno
3266 4433 3434 4510 Do—

82 4548 256 4620 mini
307 4542 677 4620 Hillesimo
730 4542 1381 4641 Septingentesimo.

410 4724 667 4803 Comes
720 4725 1031 4801 Adamas
1088 4726 1176 4802 de
1227 4724 1568 4824 Battbyan
1621 4749 1711 4800 m.
1771 4750 1838 4824 p.

918 4928 1244 5013 (Siqt‘lluut
1292 4930 1727 4995 authenticum
1772 4928 2020 4994 Baitolo
2063 4932 2498 5013 inpressam.)

88 5139 237 5211 orig.
274 5137 443 5194 carth.
474 5139 532 5192 in
564 5137 794 5194 Arcbivo
826 5136 998 5211 Regni
1035 5135 1276 5192 croatiae
1309 5137 1444 5192 rriv.
1478 5135 1566 5190 Ur.
1606 5138 1724 5192 14⁰.

296 5503 456 5574 (rm
498 5501 539 5557 1.
592 5501 769 5560 rava.
823 5501 1129 5572 amm)
1302 5557 1317 5572 ,
2898 5473 3005 5548 46
