3950 5917
480 352 640 426 404

479 580 636 630 cum
692 567 921 631 tamen
999 558 1160 632 illud
1213 558 1538 652 Projecto
1612 557 1896 633 Comitis
1948 560 2122 633 Bani
2194 559 2322 636 sub
2400 561 2470 635 4.
2541 562 2700 656 Julij
2765 560 2965 636 1743
3035 561 3378 640 submisso
3459 564 3806 638 conforme

477 681 617 734 non
659 670 875 748 esset,
934 671 1003 734 et
1044 661 1314 736 aliunde
1364 667 1567 736 etiam
1613 663 1835 759 Ipsius
1872 686 1956 735 ac
1999 664 2307 736 Statuum
2347 674 2417 737 et
2454 665 2778 738 Ordinum
2834 667 3132 762 deputati
3189 669 3554 763 superinde
3608 666 3804 741 auditi

481 763 785 838 nondum
841 763 1158 857 fuissent,
1214 765 1372 840 ideo
1423 766 1653 839 habito
1709 778 1940 839 mutuo
1981 766 2279 863 desuper
2334 791 2485 840 eum
2537 768 2783 861 ijsdem
2826 768 3130 842 Consilio
3188 780 3256 843 et
3292 771 3804 860 deliberatione,

486 865 866 942 subdivisio
921 869 1252 942 dictorum
1307 874 1506 942 trium
1562 867 2015 942 Comitatuum
2070 873 2140 942 in
2207 869 2389 942 l'acie
2442 872 2580 943 loci
2635 872 3050 962 elaboretur,
3125 883 3197 944 et
3246 878 3660 968 provisorie,
3730 897 3807 946 ac

480 971 570 1043 ad
622 970 1141 1045 ratificationem
1195 983 1502 1047 nostram
1557 996 1724 1046 mox
1777 977 1981 1046 etiam
2017 975 2086 1046 in
2125 972 2439 1046 effectum
2483 974 2877 1047 deducatur.
2930 975 3043 1047 Ex
3076 974 3317 1073 quibus
3374 975 3807 1049 Comitatibus

480 1075 817 1170 siquidem
874 1076 1344 1151 Veroczensis
1422 1076 1760 1173 Supremo
1843 1075 2109 1149 Comite
2180 1081 2503 1172 provisus
2567 1081 2711 1170 jam
2785 1089 3012 1164 esset,
3105 1079 3329 1174 quoad
3401 1079 3807 1174 reliquorum

476 1189 713 1252 autem
765 1178 1049 1252 duorum
1107 1179 1558 1253 Comitatuum
1615 1180 1930 1278 Supremi
1971 1178 2253 1253 Comitis
2292 1180 2535 1254 Officia
2589 1182 2958 1255 nonnullae
2993 1183 3321 1255 Familiae
3373 1187 3807 1278 praetensio-

474 1303 633 1355 nem
674 1281 1027 1374 facerent3
1079 1283 1249 1356 Ideo
1300 1284 1544 1376 ijsdem
1598 1284 1905 1375 Familijs
1958 1283 2043 1355 ad
2095 1283 2490 1356 Petitorium
2546 1289 2884 1373 remissis,
2942 1284 3386 1359 comitatibus
3434 1286 3806 1382 Syrmiensi

477 1395 548 1457 et
615 1384 984 1480 Posegano
1060 1390 1320 1459 interea
1396 1388 1483 1459 de
1553 1383 2234 1460 Administratoribus
2307 1387 2700 1460 Officiorum
2776 1388 3088 1484 Supremi
3164 1389 3445 1461 Comitis
3517 1389 3806 1482 benigne

474 1488 971 1585 providendum
1030 1513 1191 1563 esse
1248 1491 1591 1580 duximus,
1646 1489 1857 1562 veluti
1920 1494 1987 1562 in
2042 1490 2176 1562 hac
2231 1491 2550 1585 qualitate
2603 1513 2726 1587 pro
2783 1492 3166 1587 Syrmiensi
3219 1491 3560 1564 Baronem
3618 1492 3804 1563 Mar-

477 1615 632 1664 cum
685 1592 1158 1665 Alexandrum
1214 1593 1702 1686 Pejachevich,
1775 1615 1899 1688 pro
1956 1594 2172 1666 altero
2231 1616 2401 1666 vero
2454 1594 2868 1689 Posegiensi
2938 1595 3219 1667 alterum
3295 1595 3527 1667 itidem
3584 1594 3803 1668 Baro-

474 1717 634 1768 nem
680 1695 1067 1769 Ladislaum
1119 1696 1348 1794 Vajay
1393 1700 1535 1790 jam
1594 1697 1970 1769 clementer
2023 1696 2633 1771 denominavimus.
2708 1697 2905 1785 Quod
2961 1707 3183 1770 autem

789 1798 1177 1891 Quinto,
1282 1799 1844 1873 vice-Comitum
1927 1810 1997 1872 et
2069 1801 2479 1895 reliquorum
2562 1798 3102 1875 subalternorum
3177 1805 3245 1872 in
3318 1800 3516 1873 dictis
3603 1799 3802 1873 tribus

476 1900 919 1976 Comitatibus
1010 1905 1570 1977 instituendorum
1659 1902 1896 1976 Officia
1992 1908 2383 1993 concernit,
2474 1903 2804 1991 Quamvis
2885 1904 3155 2002 quidem
3239 1903 3493 1978 Comes
3580 1903 3797 1977 Banus

475 2004 603 2080 sub
660 2007 727 2077 5.
780 2006 1187 2080 Decembris
1246 2006 1446 2080 1743
1516 2030 1733 2103 penes
1804 2008 2206 2080 relationem
2280 2030 2473 2080 suam
2546 2018 2801 2080 certam
2875 2008 3336 2100 subjectorum
3409 2030 3534 2103 pro
3593 2030 3800 2103 prae-

475 2113 707 2183 missis
780 2109 1188 2185 subalternis
1252 2109 1698 2184 Comitatuum
1773 2109 2038 2202 Officijs
2093 2112 2624 2206 projectatorum
2698 2109 3307 2207 specificationem,
3378 2112 3490 2183 hic
3545 2114 3613 2183 in
3669 2133 3802 2205 ge-

475 2215 701 2286 nuinis
757 2212 1033 2310 paribus
1090 2214 1213 2287 sub
1252 2216 1338 2288 A.
1395 2237 1764 2303 annexam,
1832 2213 2046 2286 Nobis
2104 2214 2557 2298 submisisset,
2612 2237 2771 2286 num
2839 2224 3063 2287 autem
3117 2215 3230 2287 illa
3287 2214 3598 2287 subiecta
3654 2224 3802 2308 apta

477 2326 548 2390 et
601 2317 849 2390 idonea
907 2318 1096 2392 sint?
1177 2341 1313 2391 non
1379 2328 1766 2390 constaret:
1875 2317 2042 2389 Ideo
2120 2322 2477 2390 memorati
2533 2316 3001 2411 Commissarij
3078 2341 3170 2390 ex
3244 2317 3572 2391 subiectis
3647 2318 3798 2405 illis,

476 2424 590 2516 qui
644 2430 866 2494 semet
917 2444 1040 2518 pro
1099 2421 1522 2495 Subalternis
1579 2419 2084 2517 saepefatorum
2141 2426 2338 2493 trium
2395 2420 2845 2494 comitatuum
2892 2422 3158 2515 Officijs
3214 2420 3388 2517 apud
3443 2425 3633 2517 ipsos
3685 2425 3798 2492 in-

476 2522 863 2613 sinuabunt,
937 2529 1195 2621 aptiora
1253 2535 1320 2597 et
1375 2528 1595 2619 magis
1654 2525 1899 2596 idonea
1976 2525 2296 2619 seligent,
2375 2547 2462 2597 eo
2518 2535 2744 2597 tamen
2799 2523 3183 2600 reflectent.
3259 2535 3330 2596 ut
3384 2528 3440 2597 si
3498 2546 3593 2596 ex
3645 2524 3794 2613 illis,

476 2631 589 2724 qui
662 2630 728 2700 in
803 2629 932 2701 illis
991 2628 1434 2702 Comitatibus
1498 2632 1641 2720 jam
1714 2627 2020 2701 resident
2100 2639 2167 2700 et
2238 2628 2445 2700 fixam
2500 2632 2926 2701 mansionem
2997 2628 3273 2718 habent,
3357 2627 3443 2698 ad
3499 2628 3635 2698 hoc
3684 2627 3791 2698 vel

472 2731 635 2804 illud
690 2730 1005 2804 Officium
1079 2735 1213 2827 apti
1284 2736 1734 2827 reperiantur,
1814 2732 1989 2804 tales
2061 2732 2211 2805 aliis
2281 2732 2731 2827 undecunque
2804 2732 3107 2804 oriundis
3163 2730 3667 2827 praeferantur,
3732 2739 3797 2803 et

476 2838 580 2908 sic
631 2838 848 2930 primo
906 2835 1177 2931 quidem
1238 2838 1307 2908 in
1362 2835 1771 2931 Syrmiensi,
1855 2835 2013 2907 dein
2066 2857 2241 2909 vero
2299 2841 2500 2908 etiam
2553 2840 2623 2909 in
2677 2836 2955 2931 reliquis
3009 2834 3271 2907 duobus
3329 2832 3794 2923 comitatibus,

471 2941 917 3013 necessarios
964 2938 1295 3012 officiales
1352 2939 1855 3013 Comitatenses
1908 2942 2297 3035 provisorie
2351 2949 2419 3012 et
2487 2961 2705 3035 usque
2759 2941 3152 3012 ulteriorem
3207 2938 3577 3032 benignam
3629 2940 3797 3009 rati-

473 3038 863 3113 ficationem
917 3053 1221 3114 nostram
1277 3048 1712 3133 constituant,
1769 3044 2042 3116 solitum
2097 3042 2320 3135 Officij
2393 3043 2858 3115 ,iuramentum
2915 3043 2999 3114 ab
3055 3045 3222 3138 ipsis
3278 3041 3667 3129 desumant,
3735 3048 3802 3112 et

472 3147 697 3218 statim
750 3145 836 3217 ad
890 3148 1331 3238 activitatem,
1387 3146 1660 3219 cuilibet
1713 3146 1799 3219 de
1853 3146 2044 3240 Lege
2098 3156 2167 3218 et
2217 3170 2346 3219 usu
2400 3147 2685 3218 aliorum
2743 3149 2947 3218 etiam
3001 3147 3394 3239 Hungariae
3450 3154 3522 3216 et
3575 3142 3796 3217 Croa-

470 3249 610 3319 tiae
666 3246 1114 3322 Comitatuum
1170 3260 1695 3344 competentem,
1749 3261 2046 3345 ponant3
2118 3250 2244 3323 sed
2317 3260 2384 3322 et
2439 3253 2626 3346 ipsos
2682 3272 2952 3345 quoque
3008 3249 3408 3345 Supremum
3467 3245 3796 3320 Comitem

473 3359 547 3421 et
598 3351 907 3444 ejusdem
964 3349 1187 3446 Officij
1243 3353 1882 3438 Administratores.
1958 3352 2251 3426 obtentis
2307 3363 2376 3426 et
2427 3353 2775 3448 productis
2832 3352 3199 3448 superinde
3251 3374 3377 3447 per
3429 3349 3798 3424 cancella-

471 3455 645 3526 riam
697 3467 1002 3529 nostram
1043 3456 1332 3550 Regiam
1373 3458 1763 3550 Hungarico
1815 3456 2134 3528 Aulicam
2191 3457 2528 3552 expeditis
2587 3458 2807 3530 solitis
2862 3457 3209 3541 Decretis,
3265 3478 3458 3529 more
3529 3459 3598 3527 in
3653 3455 3798 3546 alijs

473 3555 918 3634 Comitatibus
998 3570 1336 3634 consveto
1415 3561 1868 3635 installabunt.
1979 3558 2220 3645 Quoad
2303 3559 2594 3632 debitam
2676 3570 2902 3632 autem
2980 3559 3296 3632 Justitiae
3368 3569 3436 3630 et
3519 3559 3800 3631 aliorum

472 3660 841 3736 Servitium
919 3674 1223 3738 nostrum
1281 3673 1351 3736 et
1406 3665 1780 3736 Commune
1851 3666 2055 3735 totius
2109 3661 2335 3757 Regni
2388 3665 2563 3735 illius
2617 3662 2907 3753 Bonum,
2984 3661 3567 3736 Contribuentium
3632 3664 3796 3754 jtem

473 3761 1092 3840 Conservationem
1157 3779 1226 3841 et
1295 3767 1690 3840 ulteriorem
1758 3769 2341 3862 permansionem,
2421 3770 2929 3861 respicientium
3001 3764 3422 3862 publicorum
3478 3764 3797 3837 Admini-

465 3872 898 3961 strationem,
954 3894 1107 3942 cum
1162 3873 1330 3965 ipsis
1386 3881 1455 3942 et
1509 3893 1746 3943 eorum
1801 3869 2312 3964 Superioribus,
2366 3870 2837 3943 antellatorum
2894 3874 3139 3966 quippe
3195 3867 3602 3941 Comitatum
3659 3867 3796 3940 Su-

468 3993 710 4067 premo
766 3978 1159 4069 respective
1215 3974 1481 4046 Comite
1525 3983 1593 4046 et
1626 3972 2309 4047 Administratoribus
2362 3973 2656 4046 Nomine
2710 3984 2949 4048 nostro
3006 3971 3424 4046 exhibebunt
3480 3970 3794 4045 Genera-

470 4074 636 4166 lem,
709 4100 885 4172 quae
966 4077 1077 4149 hie
1146 4075 1272 4151 sub
1325 4075 1576 4150 Littera
1628 4077 1706 4148 B.
1763 4078 2168 4167 adnectitur,
2248 4077 2771 4150 Instructionem
2822 4076 3186 4170 Nostram,
3259 4078 3371 4171 qui
3440 4086 3791 4172 postquam

469 4183 759 4274 praevio
814 4180 1020 4253 modo
1104 4184 1448 4254 constituti
1505 4190 1575 4253 et
1627 4180 1713 4252 ad
1768 4184 2183 4254 activitatem
2240 4184 2446 4276 positi
2515 4179 2791 4271 fuerint,
2863 4190 2998 4253 tam
3062 4180 3303 4253 horum
3359 4202 3566 4275 quam
3619 4180 3792 4252 alio-

464 4305 619 4355 ·rum
671 4288 1228 4357 necessariorum
1282 4284 1840 4358 Comitatensium
1897 4284 2354 4373 Servitorum,
2411 4284 2681 4379 quando
2738 4295 2809 4356 et
2862 4306 3016 4356 cum
3071 4284 3251 4379 quali
3306 4282 3651 4378 stipendio
3686 4280 3790 4356 vel

472 4385 742 4459 Salario
799 4387 1326 4477 conductorum,
1397 4392 1763 4482 genuinam
1819 4384 2419 4483 specificationem
2451 4386 2818 4480 eMajestati
2886 4396 3165 4460 nostrae
3226 4385 3640 4460 submittent.
3714 4382 3792 4458 Ut

460 4499 696 4562 autem
754 4492 977 4565 statim
1032 4490 1297 4565 Officiis
1354 4494 1521 4585 suijs
1577 4491 1769 4586 fungi
1823 4502 1892 4563 et
1945 4494 2216 4586 operari
2269 4491 2548 4564 valeant
2607 4491 2816 4584 ijdem
2869 4489 3370 4564 comitatenses
3425 4489 3787 4576 officiales,

784 4594 1123 4668 Sexto:
1230 4594 1382 4667 Jam
1440 4598 1880 4668 commissum
1936 4605 2046 4667 est
2098 4594 2325 4667 medio
2381 4593 2661 4687 Consilij
2716 4597 2933 4667 nostri
2977 4593 3202 4666 Aulae
3255 4595 3496 4666 Bellici
3543 4605 3615 4666 et
3650 4593 3780 4665 Ca-

462 4720 708 4772 ,merae
774 4709 1054 4774 nostrae
1108 4697 1400 4771 Aulieae
1461 4697 1870 4772 Provinciali
1926 4701 1995 4769 in
2051 4697 2424 4771 Sclavonia
2478 4698 2808 4772 hactenus
2863 4701 3271 4771 constitutae
3325 4697 3782 4793 Deputationi:

468 4803 729 4893 Primo,
785 4811 856 4875 ut
910 4802 1392 4877 Commissioni
1444 4803 1601 4874 huic
1655 4806 1722 4874 in
1777 4800 2286 4897 operationibus
2340 4805 2482 4875 suis
2521 4825 2794 4874 omnem
2848 4804 3268 4875 asistentiam
3322 4800 3677 4897 praebeat,
3725 4806 3783 4869 et

472 4909 966 5003 quamprimum
1017 4905 1229 4979 Linea
1279 4903 1691 4979 Confiniaria
1746 4905 1973 4992 ducta,
2029 4909 2267 5000 sicque
2324 4903 2630 4978 Confinia
2670 4929 2709 4977 a
2747 4907 3011 5000 reliquo
3066 4903 3481 4977 Provinciali
3535 4905 3780 4977 Terre-

461 5031 565 5084 no
620 5019 937 5107 seperata
997 5019 1067 5082 et
1118 5009 1295 5082 illius
1347 5008 1817 5105 Incorporatio
1882 5012 1950 5081 in
2009 5009 2324 5081 effectum
2378 5009 2695 5098 deducta,
2751 5008 3238 5104 officialesque
3294 5007 3780 5080 Comitatenses
3899 5089 3900 5098 ἵ

460 5117 839 5189 -ειιοοοείνθ
877 5116 1220 5187 constituti
1255 5112 1530 5204 fuerint,
1585 5122 1866 5208 accepta
1904 5112 2054 5185 sola
2110 5116 2479 5187 exactione
2515 5123 2586 5185 et
2621 5115 3085 5186 incassatione
3132 5135 3255 5209 pro
3295 5121 3611 5185 currente
3654 5108 3778 5181 ad-

464 5216 606 5291 huc
659 5217 868 5291 Anno
923 5219 1193 5291 militari
1262 5216 1645 5291 cedentium
1711 5215 2294 5290 contributionum
2368 5225 2437 5289 et
2491 5217 2774 5289 aliorum
2832 5238 3117 5290 onerum
3170 5215 3591 5312 publicorum
3659 5211 3778 5303 (uti

465 5320 563 5390 ab
598 5320 777 5393 infra
817 5321 1144 5412 dicetur),
1197 5323 1266 5392 in
1303 5320 1568 5414 reliquo
1604 5330 1743 5392 tota
1783 5329 1919 5393 tam
1955 5319 2430 5415 Deputationis
2464 5320 2669 5413 illius,
2725 5342 2925 5417 quam
2972 5319 3301 5412 Ejusdem
3340 5317 3777 5393 Subalterno-
