3950 5917
565 364 726 437 202

569 577 972 669 spectantia„
1029 597 1066 642 a
1123 570 1324 643 modo
1379 576 1446 643 in
1501 580 1847 667 posterum
1900 593 2039 642 non
2095 573 2416 663 exigatis,
2487 595 2618 642 nec
2692 574 2979 665 exigere
3051 574 3195 644 sitis
3272 576 3415 645 ausi
3467 574 3659 647 modo
3707 576 3831 650 ali·

566 677 771 773 quali,
850 682 1025 748 sicut
1101 684 1402 746 nostram
1483 677 1785 764 graciam
1868 678 2108 771 cupitis
2196 675 2524 746 obtinere.
2632 676 2744 747 Ad
2799 679 2989 748 cuius
3043 680 3144 748 rei
3195 686 3470 771 propter
3535 682 3825 753 maiorem

568 783 898 853 memorie
950 777 1466 875 firmitatemque
1540 788 1931 874 perpetuam
1985 777 2112 849 has
2166 789 2438 851 nostras
2492 779 2750 850 litteras
2803 779 3261 874 priuilegiales
3335 779 3552 874 sigillo
3621 791 3825 855 nostro

565 883 883 979 pendenti
956 886 1274 956 iussimus
1346 880 1675 955 roborari.
1782 881 2028 958 Datum
2098 886 2169 952 in
2220 880 2465 954 Castro
2528 891 2769 974 nostro
2825 880 3070 955 Clissie
3122 886 3189 954 in
3247 883 3356 955 die
3410 883 3614 955 Sacra
3666 883 3826 956 Gor-

566 992 755 1082 poris
805 986 1048 1059 Christi
1107 986 1192 1057 de
1245 985 1452 1058 Anno
1508 985 1777 1057 Domini
1837 985 2058 1057 1442.

567 1185 750 1239 Lucius
789 1189 825 1239 1.
897 1188 1137 1238 >leniorie
1187 1187 1433 1239 letoriche
1472 1187 1520 1235 di
1558 1185 1805 1254 'fragm-io
1843 1203 1930 1238 ora
1970 1187 2111 1236 detto
2148 1185 2275 1238 'Prot
2324 1203 2373 1254 p.
2411 1187 2531 1240 ⁴58.

1890 1431 2011 1444 ›40v
2080 1434 2105 1441 -
2164 1433 2507 1442 2—-0-----—-

1903 1707 2534 1791 ΟΧΧΧΙΧ.

1397 1974 1601 2044 Avieno
1660 1969 1892 2043 1457.
1949 1974 2066 2044 die
2122 1972 2246 2042 24.
2302 1972 2695 2045 Febrvarii.
2766 1965 3035 2045 Budne.

572 2212 1097 2290 Decretum
1190 2211 1626 2287 Ladislai
1695 2209 2001 2314 Regis
2088 2210 2198 2286 de
2285 2211 2945 2313 proventibus
3034 2211 3833 2291 mardurinalibus

573 2353 664 2426 in
729 2345 1074 2453 Regno
1165 2347 1700 2427 Slavoniae
1798 2349 2127 2427 eodem
2215 2349 2491 2427 modo
2584 2349 3041 2429 dicendis
3127 2357 3221 2429 et
3303 2349 3834 2455 exigendiS,

576 2511 758 2588 quo
841 2497 1387 2590 proventus
1471 2481 1718 2564 luc'ri
1803 2513 2243 2565 camerae
2322 2491 2409 2565 in
2474 2486 2818 2593 Regno
2883 2488 3459 2595 Hungariae
3537 2489 3834 2567 dican-

593 2619 598 2624 ’
1763 2636 1911 2704 tur
1974 2633 2065 2704 et
2129 2630 2692 2729 exiguntur.

2438 2868 2804 2930 Commi-§sio
2846 2873 3111 2951 propria
3163 2870 3426 2934 Domini
3468 2871 3660 2948 Reqia.

891 3062 1039 3135 Nos
1090 3061 1470 3152 Ladislaus‚
1550 3063 1708 3136 Dei·
1749 3066 1983 3156 gracia
2056 3063 2428 3168 ῌιιιιςιιιίε.
2509 3060 2862 3146 ΒοΙιοιιιίο,
2940 3062 3322 3151 Dalmaoie,
3404 3061 3678 3134 Croacie
3726 3067 3829 3126 etc.

585 3167 768 3256 Rex„
846 3165 1260 3261 Austrieque
1331 3177 1402 3239 et
1453 3165 1681 3262 styrie
1761 3167 1943 3252 Duxi
2026 3189 2158 3239 nec
2238 3189 2371 3239 non
2450 3165 2754 3238 Marchio
2808 3164 3118 3238 Morauie
3171 3176 3335 3239 etc..
3420 3163 3828 3259 significamus

583 3282 826 3343 tenore
879 3275 1334 3365 presencium„
1389 3270 1630 3365 quibus
1682 3272 1959 3367 expedit
2013 3274 2403 3342 vniuersis:
2488 3269 2681 3356 Quod
2756 3272 2930 3342 inter
2982 3280 3256 3342 ceteros
3333 3274 3608 3343 nuncios
3671 3265 3831 3356 regni

584 3379 795 3447 nostri
850 3374 1218 3446 Sclauonie
1297 3374 1396 3445 ad·
1460 3397 1590 3446 nos
1672 3379 1947 3462 missos„
2029 3385 2264 3447 nostre
2345 3372 2777 3445 celsitudinis
2860 3377 3213 3445 uenientes
3299 3378 3366 3445 in
3439 3379 3833 3465 conspectum

578 3478 860 3571 Egregii
907 3487 974 3548 et
1012 3477 1320 3566 Nobiles⁹
1373 3476 1613 3550 fideles
1668 3483 1880 3550 nostri
1936 3480 2159 3550 dilecti
2213 3478 2565 3571 Heningus
2619 3478 2812 3548 miles
2865 3477 2949 3548 de
3003 3477 3464 3549 Zumzedwar
3511 3485 3574 3548 et
3621 3473 3835 3542 Petrus

580 3581 758 3655 filius
814 3581 1094 3675 Georgii
1141 3582 1224 3654 de
1263 3580 1523 3678 Byzad
1577 3582 1817 3654 Nuncii
1870 3584 2328 3654 vniuersitatis
2365 3581 2700 3653 Nobilium
2756 3603 2841 3651 ac
2873 3583 3153 3652 aliorum
3210 3585 3840 3675 possessionatorum

578 3685 919 3759 hominum
978 3686 1346 3766 Comitatus
1400 3685 1908 3780 Zagrabie'nsis..
1962 3690 2031 3756 in
2086 3689 2380 3780 ipsorum
2464 3709 2548 3755 ac
2603 3684 2906 3756 eiusdem
2960 3688 3427 3757 vniuersitatis
3500 3678 3840 3756 nominihus

582 3802 652 3862 et
705 3797 770 3864 in
825 3797 1166 3885 personis,
1223 3793 1417 3862 uobis
1468 3814 1551 3861 ac
1603 3790 1912 3864 Prelatis.
1969 3789 2350 3862 Beronibus
2405 3799 2474 3861 et
2518 3788 2933 3861 Consiliariis
2988 3793 3239 3860 nostris
3301 3794 3741 3885 exposuerunt
3785 3784 3840 3852 in

579 3894 761 3966 hunc
813 3895 1130 3966 modum:
1214 3894 1408 3981 Quod
1461 3898 1799 3990 preteritis
1854 3871 2268 3989 temporibus
2321 3892 2655 3966 Vicebani
2726 3893 2885 3965 dicti
2952 3898 3147 3988 regni
3211 3898 3431 3966 nostri
3485 3887 3840 3966 Sclauonie.

580 4021 715 4071 nec
767 4020 902 4070 non
968 3997 1270 4071 Comites
1320 4023 1404 4070 ac
1439 3998 1901 4071 Vicecomites
1956 4010 2027 4069 et
2076 3998 2355 4071 ,ludices
2408 3997 2744 4070 Nobilium
2793 3995 3241 4070 Comitatuum
3297 3996 3603 4069 eiusdem
3652 3991 3842 4082 regni

577 4108 740 4173 item
794 4103 1132 4173 dicatores
1187 4113 1258 4174 et
1311 4113 1677 4174 exactores
1725 4104 2161 4175 collectarum
2217 4125 2341 4174 seu
2395 4113 2837 4223 prouentuum
2901 4102 3483 4191 mardurinalium.,
3532 4097 3716 4171 nobis
3764 4113 3841 4162 ex

581 4205 830 4277 eodem
881 4229 1097 4299 regno
1155 4207 1240 4276 de
1280 4212 1545 4302 antiqua
1604 4208 2092 4279 cousuetudine
2150 4210 2682 4301 prouenientium
2740 4210 2921 4288 circa
2978 4207 3388 4278 dicationem
3446 4215 3516 4277 et
3560 4201 3840 4275 exactio-

581 4333 739 4380 nem
794 4311 1164 4382 eorundem
1221 4323 1692 4404 prouentuum
1748 4313 1975 4405 plures
2028 4316 2364 4383 nouitates
2422 4315 2584 4406 ipsis
2622 4308 2973 4382 Nobilibus
3028 4320 3098 4380 et
3148 4310 3680 4405 possessiouatis
3726 4301 3840 4370 ho-

581 4413 870 4485 minibus
922 4439 1005 4484 ac
1057 4415 1547 4507 Jobagionibus
1611 4415 2009 4502 eorundem
2084 4427 2217 4486 non
2276 4417 2493 4486 solum
2549 4437 2909 4486 onerosas.
2976 4437 3213 4485 verum
3270 4417 3479 4485 etiam
3534 4412 3841 4508 plurimum

583 4518 949 4589 damnosas
1005 4519 1501 4591 adiuueniendo
1555 4520 2005 4602 induxissent,
2063 4531 2132 4589 et
2184 4542 2222 4589 a
2281 4521 2503 4590 multis
2553 4523 2683 4589 iam
2738 4487 3152 4612 temporibus
3223 4521 3565 4612 preteritis
3616 4508 3841 4586 incolas

583 4621 888 4693 eiusdem
943 4622 1166 4715 Regni
1233 4626 1446 4694 nostri
1520 4624 1975 4693 diuersimode
2049 4635 2475 4716 grauassent.
2583 4624 2765 4694 Inter
2818 4646 2986 4717 quas
3039 4626 3362 4716 precipue
3420 4622 3552 4692 hee
3604 4621 3839 4689 esseni:

582 4726 777 4811 Quod
835 4748 1374 4822 vnumquemqne
1429 4728 1751 4816 villicum,
1809 4731 1919 4820 qui
1975 4727 2059 4798 ab
2116 4728 2490 4802 huiusmodi
2548 4729 2833 4798 collecta
2890 4727 3323 4798 mardurinali
3378 4728 3649 4798 omnino
3698 4735 3843 4809 sup-

581 4841 889 4927 portatus
945 4853 1106 4901 esse
1160 4830 1464 4918 deberet„
1519 4834 1587 4903 in
1641 4855 1780 4902 vno
1837 4833 2098 4903 floreno
2155 4836 2304 4902 auri
2355 4833 2611 4918 dicareq
2668 4855 2797 4901 nec
2851 4853 2985 4902 non
3040 4831 3128 4900 de
3183 4831 3472 4921 singulis
3526 4827 3687 4899 dicis
3736 4839 3844 4893 sex

585 4935 907 5008 denarios
959 4935 1303 5006 Soldinos.
1380 4936 1546 5007 Item
1604 4938 1690 5007 de
1723 4958 2154 5031 vnoquoque
2211 4936 2431 5027 sigillo
2486 4938 2793 5007 similiter
2848 4957 2979 5005 sex
3032 4935 3379 5008 denarios
3438 4941 3509 5003 et
3558 4931 3642 5001 de
3685 4927 3843 5019 quil-

581 5043 802 5111 tancia
877 5059 998 5110 seu
1055 5040 1477 5134 expeditoria
1552 5040 1908 5113 duodecim
1981 5041 2303 5112 denarios
2372 5050 2807 5134 extorquere.
2916 5039 3081 5109 Item
3137 5061 3257 5132 per
3311 5039 3676 5132 portarium
3735 5045 3841 5098 80¹¹

581 5143 972 5216 hostiarium
1047 5147 1347 5237 ipsorum
1403 5156 1799 5217 exactorum
1857 5145 2401 5216 mardnrinalium
2457 5167 2494 5213 a
2536 5141 2833 5238 quolibet
2884 5145 3116 5214 villico
3172 5147 3465 5214 intrante
3517 5159 3685 5212 vnus
3733 5132 3847 5201 de-

583 5251 840 5333 nat-iusi
914 5258 982 5316 et
1052 5248 1138 5318 de
1193 5250 1478 5342 singulis
1558 5249 1727 5320 dicis
1809 5251 2115 5320 similiter
2188 5271 2379 5320 vnus·
2448 5248 2764 5318 denarius
2838 5252 3231 5341 exig-eretur
3302 5254 3376 5314 et
3444 5245 3847 5337 reciperetur

581 5323 906 5422 Preterea
957 5352 1258 5442 inquilini
1311 5371 1437 5423 seu
1491 5356 1864 5425 seruitores
1933 5358 2235 5447 ipsorum
2287 5350 2624 5423 Nobilium
2678 5362 2748 5422 et
2799 5355 3468 5446 possessionaorum
3539 5346 3851 5418 bominum
