3950 5917
537 398 694 474 888

534 602 966 690 Publicarum
1036 604 1525 677 necessitatum
1579 606 1886 700 provisio
1942 608 2010 678 d:
2061 604 2168 679 his
2241 606 2552 692 similia,
2589 604 3220 682 intervenieafibns·
3252 604 3549 682 Publicis
3583 628 3847 682 neees-

536 697 850 782 sitatibus
902 727 1028 803 per
1076 705 1441 781 fidelitates
1494 707 1785 781 Vestras
1837 716 2271 802 praestantur
2319 712 2385 781 dc
2444 711 2699 804 imponi
2753 710 3004 796 solent,
3056 733 3154 782 ex
3199 719 3395 805 parte
3445 691 3845 804 praelibatae

539 809 880 888 camerae
957 808 1046 882 ab
1120 809 1342 883 hocce
1399 807 1604 882 1720
1680 810 1887 884 Anno
1966 811 2308 884 inclusive
2376 811 2748 885 Annuatim
2824 810 2979 886 300
3055 811 3333 886 Floreui
3408 822 3842 907 praestentur.

542 912 743 1000 Quod
795 916 857 986 si
911 921 1138 985 antem
1198 916 1270 986 in
1320 911 1623 985 futurum
1674 913 1849 985 ultra
1900 913 2465 1009 praespecificata
2519 917 2722 988 etiam
2776 915 2938 1005 alia,
3006 937 3183 1010 quae
3234 936 3360 1012 pro
3411 936 3596 989 nunc
3650 938 3846 1010 prae-

541 1015 769 1089 videri
820 1018 945 1088 vix
997 1025 1310 1111 possent,
1381 1013 1598 1110 Regis
1653 1026 1726 1089 et
1774 1016 2039 1088 Sacrae
2093 1012 2412 1090 Coronae
2483 1040 2699 1090 onera
2751 1015 3216 1091 Fidelitatibus
3267 1016 3540 1092 Vestris
3611 1021 3846 1114 imponi

544 1123 1003 1219 contingeret,
1071 1126 1349 1214 praeter
1414 1128 1882 1214 praenotatam
1955 1118 2112 1192 300
2179 1119 2630 1193 Florenorum
2708 1119 3056 1193 Summam
3109 1122 3313 1192 etiam
3381 1123 3453 1192 in
3519 1121 3847 1194 talismodi

544 1244 832 1295 onerum
885 1220 1399 1310 Exolutionem,
1470 1223 1668 1312 juxta
1714 1223 1969 1313 justam
2024 1231 2097 1292 et
2147 1243 2436 1317 aequam
2492 1246 2587 1295 ex
2636 1224 2941 1319 primitus
2993 1222 3404 1295 instituenda
3446 1226 3658 1296 totius
3709 1224 3846 1296 Re-

541 1328 667 1419 gni
718 1321 1239 1421 conscriptione
1285 1324 1658 1396 eruendam
1710 1328 2246 1420 proportionem,
2298 1335 2697 1421 praenotata
2750 1324 2943 1398 Bona
2998 1323 3379 1398 Gameralia
3431 1337 3846 1415 concurrant.

544 1425 745 1500 Girca
799 1449 976 1522 quae
1048 1429 1429 1524 cupivisset
1494 1427 1787 1499 antelata
1845 1423 2134 1498 Gamera
2204 1449 2330 1523 per
2398 1449 2806 1524 expressum
2878 1428 3101 1501 adhuc
3152 1428 3515 1518 declarari,
3568 1427 3750 1523 quod
3798 1432 3846 1500 si

544 1534 751 1604 etiam
802 1552 928 1627 per
980 1531 1281 1626 speciale
1333 1529 1711 1622 Benignum
1737 1527 2130 1602 Mandatum
2182 1540 2490 1604 nostrum
2541 1531 2935 1604 Fidelitates
2970 1530 3261 1604 Vestras
3315 1530 3403 1604 ad
3453 1530 3847 1627 praestanda

545 1637 990 1756 praetensiva
1040 1634 1240 1728 primi
1292 1632 1551 1706 ordinis
1603 1631 2129 1704 Extraodinaria
2185 1655 2400 1707 onera
2455 1637 2876 1705 commoneri
2929 1637 3387 1729 contingeret,
3436 1635 3558 1706 tali
3597 1656 3846 1730 quoque

547 1741 621 1810 in
673 1760 841 1812 casu
894 1733 1156 1808 Eadem
1210 1759 1305 1807 ex
1356 1745 1550 1858 parte
1607 1734 1829 1807 dictae
1883 1733 2220 1807 Gamerae
2300 1735 2879 1832 praespeciticatis
2946 1736 3099 1810 300
3152 1737 3466 1809 Florenis
3519 1759 3846 1832 compen-

550 1850 811 1930 sentur,
865 1860 1090 1936 neque
1146 1839 1347 1910 ullum
1402 1821 1761 1958 praeterea
1818 1860 1993 1910 onus
2046 1849 2367 1934 respectu
2421 1839 2795 1912 eorundem
2824 1839 3163 1912 antelatae
3219 1837 3554 1912 Gamerae
3614 1862 3846 1911 accre-

548 1952 721 2018 scat.
829 1942 1258 2037 Conscriptio
1323 1963 1526 2028 vero,
1599 1945 1793 2033 cujus
1866 1940 2002 2013 hoc
2052 1940 2381 2014 Punctum
2453 1944 2780 2028 meminit,
2851 1941 2936 2014 ad
2982 1941 3506 2038 praecavendos
3582 1947 3844 2037 quosvis

548 2045 899 2118 Tumultus
952 2048 1022 2118 in
1074 2042 1655 2140 praespecificatis
1706 2044 1916 2116 Bonis
1988 2043 2482 2131 CameralibuS,
2536 2067 2675 2117 non
2728 2042 2816 2115 de
2866 2042 3055 2116 Loco
3127 2045 3214 2116 ad
3283 2044 3538 2117 Locum
3616 2045 3844 2122 eundo..

547 2171 791 2221 verum
847 2170 1016 2239 erga
1069 2146 1341 2220 fidelem
1392 2148 1782 2220 Juratorum
1837 2147 2224 2220 officialium
2281 2146 2901 2237 denunciationem,
2954 2150 3416 2242 inspectisque
3470 2147 3844 2221 Eorundem

548 2251 897 2328 Bonorum
950 2249 1285 2343 Urbarijs,
1337 2254 1741 2339 instituatur,
1797 2250 2186 2344 exindeque
2223 2251 2409 2341 justa
2455 2261 2524 2321 et
2569 2273 2789 2345 aequa
2838 2253 3188 2348 proportio
3242 2261 3537 2323 eruatur,
3647 2251 3722 2323 Ιιι
3770 2273 3843 2322 eo

551 2366 777 2428 autem
830 2352 1068 2425 haberi
1123 2353 1344 2425 adhuc
1397 2353 1948 2447 discrepantiam,
2005 2352 2183 2448 quod
2228 2357 2491 2426 interea
2545 2356 2900 2448 temporiS,
2950 2353 3175 2427 donec
3227 2353 3552 2426 videlicet
3607 2353 3842 2426 modo-

551 2458 692 2530 fata
749 2455 1175 2552 Gonscriptio
1230 2460 1298 2528 in
1353 2454 1671 2528 effectum
1726 2454 2122 2545 deducatur,
2201 2455 2569 2550 praelibata
2652 2454 2940 2529 Gamera
2995 2466 3315 2551 respectu
3365 2457 3842 2552 praedeclara-

550 2571 771 2633 torum
807 2560 1155 2633 Bonorum
1210 2562 1480 2631 nonnisi
1515 2581 1554 2629 a
1594 2557 1796 2629 fumis
1846 2557 1941 2629 15
1988 2562 2057 2630 in
2094 2563 2673 2653 supportationem
2720 2564 3061 2656 posterius
3116 2569 3519 2632 attactorum
3577 2582 3839 2633 onerum

554 2685 974 2736 concurrere
1026 2662 1234 2749 velit3
1314 2660 1705 2735 Fidelitates
1760 2670 1988 2734 autem
2057 2660 2357 2737 Vestrae
2409 2660 2858 2759 praetendant
2922 2662 3231 2736 Eandem
3305 2660 3670 2736 Gameram
3719 2662 3839 2734 hu-

543 2765 851 2860 jusmodi
905 2787 1119 2850 onera
1168 2768 1239 2836 in
1290 2764 1576 2837 Decima
1632 2765 1859 2859 quinta
1912 2764 2139 2857 Regni
2188 2764 2392 2838 Parte
2446 2765 2625 2838 haud
2678 2764 2878 2839 dubie
2933 2766 3251 2861 exemplo
3296 2768 3638 2862 primaevi
3663 2763 3839 2837 Gou-

551 2877 810 2943 tractus
865 2876 1264 2965 supportare
1317 2866 1595 2940 debere.
1701 2867 1777 2939 ln
1830 2876 2149 2962 quantum
2204 2867 2293 2941 ad

868 3024 938 3094 3.
1002 3024 1076 3095 In
1150 3032 1405 3096 sortem
1489 3045 1772 3096 onerum
1842 3022 2559 3095 Extraordinariorum
2633 3022 2718 3094 ab
2783 3022 2988 3095 Anno
3065 3022 3291 3107 1695,
3362 3032 3678 3118 tempore
3743 3025 3848 3092 vi-

560 3127 813 3198 delicet
865 3126 1009 3216 illo,
1064 3148 1198 3221 quo
1252 3127 1759 3221 praeallegatus
1813 3129 2206 3220 primaevus
2269 3123 2677 3198 Contractus
2732 3127 2933 3198 initus
2985 3124 3236 3214 fuerat,
3290 3147 3508 3219 usque
3568 3126 3657 3197 ad
3707 3125 3848 3196 An-

556 3252 721 3302 num
779 3228 983 3300 1718
1033 3232 1372 3301 inclusive
1425 3232 1819 3302 restantium
1876 3227 2236 3300 fidelitates
2314 3229 2605 3302 Vestras
2670 3238 2828 3300 octo
2882 3227 3068 3300 Mille
3139 3229 3441 3314 Floreni,
3515 3251 3607 3300 ac
3656 3249 3847 3324 prae—

558 3342 751 3404 terea
806 3331 1069 3405 fructus
1124 3336 1277 3405 sive
1330 3331 1740 3419 Proventns,
1823 3353 1918 3402 ex
1968 3331 2181 3404 Bonis
2235 3331 2737 3420 Ozaliensibus,
2793 3353 3009 3426 usque
3083 3330 3169 3404 ad
3238 3330 3680 3404 subsecutam
3733 3351 3846 3400 eo-

555 3435 842 3507 rundem
893 3439 1457 3507 reexecutionem
1510 3443 1874 3531 perceptos
1929 3438 1996 3507 dc
2051 3434 2381 3508 collectos
2434 3434 2935 3531 praetendisse,
3018 3455 3118 3505 ex
3171 3444 3363 3528 parte
3415 3457 3595 3507 vero
3667 3436 3844 3506 toties

555 3538 782 3610 dictae
838 3537 1199 3627 Gamerae,
1253 3539 1422 3611 ultra
1482 3539 1810 3610 dictorum
1884 3537 2231 3609 Bonorum
2302 3537 2590 3626 fructus,
2663 3537 2868 3610 modo
2939 3542 3226 3659 praevio
3301 3537 3669 3624 collectos,
3723 3536 3845 3608 Sex

556 3639 746 3715 Mille
798 3641 1134 3715 Florenos
1189 3641 1462 3730 offerri3
1518 3663 1729 3713 onera
1787 3650 2010 3712 autem
2068 3641 2609 3714 extraordinaria
2665 3640 2847 3712 Anni
2901 3644 3214 3733 proxime
3268 3643 3618 3742 praeteriti
3671 3637 3844 3712 1719

554 3766 654 3815 ex
703 3755 935 3817 mutuo
990 3745 1285 3817 Partium
1341 3766 1687 3816 consensu
1741 3744 2055 3815 Florenis
2129 3741 2278 3814 174
2352 3743 2838 3840 septemdecim
2896 3741 3268 3816 Cruciferis
3331 3765 3457 3839 per
3512 3742 3844 3816 Gameram

554 3869 828 3944 quoque
881 3848 1311 3943 praestandis
1366 3856 1810 3942 compensata
1864 3846 2122 3919 haberi.

554 4057 561 4064 .
871 4002 940 4074 4.
997 4008 1062 4076 dc
1115 4002 1188 4074 8.
1240 4002 1545 4090 PunctiS,
1599 4001 1824 4097 quoad
1875 4001 2452 4075 Jnrisdictionalia
2497 4000 2583 4073 ab
2619 4003 2929 4095 utrinque
2986 3999 3478 4095 applacidatum
3535 4003 3846 4076 extitisse,

554 4117 630 4178 ut
700 4110 912 4201 prima
982 4105 1334 4195 Instantia,
1402 4116 1541 4177 tam
1610 4105 2026 4194 officialium,
2099 4127 2226 4178 seu
2295 4104 2809 4178 Praefectorum
2881 4104 3165 4177 Arcium
3240 4107 3304 4176 dc
3372 4104 3845 4188 Dominum-um,

557 4232 761 4304 quam
818 4207 1241 4283 subditorum
1293 4213 1383 4284 sit
1433 4208 1777 4298 Vicarius,
1840 4230 1880 4278 a
1936 4230 2072 4303 quo
2124 4208 2516 4304 Appellatio
2572 4207 2779 4280 vadat
2832 4208 2917 4278 ad
2988 4207 3418 4279 Directorem
3475 4212 3543 4280 de
3590 4207 3844 4280 Revisio

406 4363 415 4372 -
556 4312 648 4384 ad
705 4310 1090 4402 Cameram,
1164 4335 1295 4407 qua
1350 4312 1841 4387 Possessorem
1917 4312 2182 4383 illorum
2252 4311 2626 4400 Bonorum,
2694 4313 2789 4382 ita
2860 4320 3112 4400 tamen,
3187 4320 3258 4381 ut
3327 4310 3667 4383 Judicium
3737 4308 3842 4380 hoc

555 4414 997 4489 Revisorium
1070 4437 1197 4511 per
1256 4415 1585 4507 Ejusdem
1664 4413 1999 4487 Gamerae
2070 4414 2477 4509 Delegatum
2563 4417 2737 4486 intra
2807 4412 3086 4487 Limites
3153 4412 3380 4507 Regni
3451 4416 3838 4492 instituatur3

561 4516 735 4591 Cum
789 4540 875 4591 ea
929 4541 1023 4590 ex
1074 4527 1267 4615 parte
1321 4518 1746 4592 Fidelitatnm
1817 4517 2219 4591 Vestrarum
2273 4516 2456 4590 facta
2512 4516 3007 4607 declaratione,
3087 4526 3421 4612 quatenus
3489 4512 3840 4609 hujusmodi

563 4617 837 4693 Gausae
905 4624 1102 4713 juxta
1193 4620 1418 4716 Regni
1504 4620 1734 4717 Leges
1807 4624 1873 4693 dc
1944 4642 2074 4693 usu
2144 4630 2462 4716 receptas
2545 4618 3082 4693 consvetudines
3162 4619 3717 4712 dijudicarentur,
3781 4616 3838 4686 ln

560 4721 811 4798 Gausis
863 4735 1088 4797 antem
1142 4734 1555 4823 protractae,
1612 4727 1764 4798 sive
1818 4724 2204 4817 denegatae
2265 4723 2606 4812 Justitiae,
2662 4726 2837 4796 sicut
2889 4726 2955 4795 dc
3005 4722 3120 4796 ubi
3188 4726 3335 4819 ipsa
3392 4722 3684 4796 Gamera
3742 4741 3837 4791 ra-

559 4829 751 4902 tione
807 4828 1140 4901 dictorum
1188 4827 1534 4902 Bonorum
1588 4828 1754 4900 Jure
1808 4826 2286 4900 convenienda
2343 4836 2562 4917 esset,
2626 4830 2946 4899 sortiatur
2997 4827 3250 4900 Forum
3303 4826 3590 4916 Banale,
3661 4823 3836 4896 Salvo

558 4929 748 5004 Parti
800 4941 1131 5025 gravatae
1185 4930 1272 5004 ad
1326 4930 1755 5023 Majestatem
1808 4929 2132 5003 Nostram
2193 4952 2503 5004 recursu.
2609 4929 3075 5002 Differentiam
3130 4951 3336 5026 porro
3407 4933 3477 5003 in
3544 4952 3631 5003 eo
3683 4947 3836 5006 esse,

561 5034 745 5131 quod
803 5033 1008 5108 modo
1058 5033 1237 5108 dicta
1291 5033 1582 5107 Gamera
1638 5035 1883 5108 nullius
1938 5034 2243 5122 alterins,
2324 5056 2528 5128 quam
2581 5034 2796 5106 solius
2866 5032 3036 5105 Bani
3091 5035 3158 5104 in
3227 5033 3534 5107 Persona
3605 5030 3836 5105 Judicio

558 5159 646 5212 se
700 5138 1096 5212 submittere
1149 5138 1343 5226 velit,
1394 5137 1789 5212 Fidelitates
1842 5159 1885 5209 e
1939 5147 2179 5210 contra
2230 5133 2530 5212 Vestrae
2583 5134 2968 5228 huJusmodi
3038 5135 3390 5212 Jndicatus
3444 5135 3841 5210 Provinoeiam

552 5238 852 5326 ,absente
907 5266 949 5314 a
1001 5240 1249 5337 Regno
1300 5242 1521 5333 Bane,
1574 5244 1777 5314 etiam
1831 5239 1920 5313 ad
1970 5240 2586 5314 Locumtenentenr
2630 5238 2985 5330 Banalem,
3037 5240 3158 5313 vel
3209 5239 3423 5328 illum,
3479 5243 3586 5313 cui
3633 5237 3836 5310 Baaus

554 5344 993 5437 generalem,
1048 5353 1164 5416 aut
1213 5345 1588 5441 specialem
1642 5344 2075 5439 delegaverit
2125 5341 2547 5435 facultatem,
2603 5343 2884 5418 extendi
2955 5345 3246 5441 cupiant.
3329 5342 3636 5440 Denique
3681 5339 3844 5438 circa
