3950 5917
3265 441 3423 523 203

145 670 304 766 apud
376 671 595 742 curias
674 668 1043 740 eorundem
1111 667 1521 751 residentes..
1603 665 1868 759 quibus.
1942 665 2065 735 sed
2123 673 2189 733 et
2244 663 2642 756 coniugibus
2700 673 2766 732 et
2820 661 3050 732 liberis
3121 664 3421 754 ipsorum

147 781 344 849 uictus
390 772 789 846 cottidianos
829 774 1013 863 (sic)
1067 794 1189 866 per
1243 770 1555 842 dominos
1604 791 1836 840 eorum
1895 772 2411 856 ministraretur,
2462 769 2573 861 qui
2611 766 2692 836 ad
2734 766 3136 836 solutionem
3176 762 3419 835 buius-

149 879 308 951 modi
345 878 631 949 collecte
687 876 1156 948 mardurinalis
1210 878 1483 945 minime
1541 883 1953 962 tenerentur„
2009 883 2209 967 provt
2247 875 2446 941 etiam
2488 892 2616 941 nec
2665 867 2748 939 ab
2785 872 3056 962 antiquo
3112 877 3421 961 tempore

152 983 326 1054 dicati
386 983 834 1065 exstitissent.
893 985 954 1049 in
1015 978 1301 1049 medium
1358 979 1642 1052 aliorum
1695 977 1780 1048 ad
1836 975 2236 1048 soluendum
2293 974 2511 1046 dictos
2567 983 2935 1068 prouentus
3000 978 3425 1041 arctarentur

153 1098 207 1155 et
276 1085 856 1179 compellerentur.
964 1082 1050 1153 Et
1127 1083 1298 1152 vltra
1373 1081 1503 1153 hec
1584 1091 1887 1174 tempore
1968 1081 2349 1149 exactionis
2432 1076 2810 1148 huiusmodi
2886 1069 3421 1147 mardurinarum

153 1188 392 1260 diuersa
448 1189 766 1258 victualia
824 1185 1202 1258 hominibus
1257 1197 1325 1256 et
1377 1187 1568 1279 equis
1620 1186 2046 1270 necessaria„
2127 1205 2249 1275 per
2301 1182 2499 1251 villas
2558 1185 2619 1251 in
2678 1179 2881 1250 rebus
2936 1203 3019 1250 ac
3073 1181 3140 1251 in
3196 1199 3419 1273 pecu-

153 1297 261 1363 niis
314 1291 483 1361 vltra
528 1289 816 1362 debitum
875 1293 1348 1382 exigerentur..
1405 1289 1765 1381 multisque
1821 1288 1967 1359 aliis
2024 1286 2313 1357 diuersis
2353 1282 2934 1356 adiuuentionibus
2988 1280 3211 1353 incole
3266 1280 3426 1352 dicti

153 1393 342 1487 Regni
394 1399 613 1466 nostri
677 1395 1042 1466 Sclauonie
1099 1403 1165 1464 et
1219 1391 1590 1464 Comitatus
1664 1391 2050 1485 specialiter
2114 1387 2595 1481 Zagrabiensis
2666 1387 2906 1481 prefati
2979 1394 3426 1480 grauarentur

61 1529 64 1568 l
157 1510 210 1570 et
253 1502 807 1594 opprimerentur.
916 1496 1112 1584 Quod
1166 1499 1232 1567 in
1286 1499 1648 1566 maximum
1721 1493 2162 1590 preludicium
2234 1497 2526 1587 ipsorum
2601 1490 2935 1561 Nobilium
3005 1500 3074 1561 et
3122 1510 3422 1585 posses-

61 1595 62 1682 }
149 1606 537 1674 sionatorum
593 1602 934 1672 hominum
989 1600 1292 1688 cederet,
1348 1601 2002 1698 oppressionemque
2056 1617 2425 1691 pauperum
2483 1604 2682 1689 atque
2745 1594 3125 1688 dampnum.
3230 1593 3425 1687 Sup'-

155 1705 500 1798 plicuerunt
568 1708 799 1799 itaque
871 1703 1111 1799 prefati
1166 1703 1406 1778 Nuncii
1464 1705 1604 1774 suis
1660 1713 1728 1774 et
1782 1702 2066 1774 aliorum
2140 1721 2421 1794 quorum
2495 1720 2696 1793 supra
2750 1695 3133 1772 nominibus
3187 1704 3424 1772 nostre

161 1808 458 1881 Maiestati
519 1807 770 1880 humilii
841 1831 1113 1903 precum
1187 1810 1527 1895 instantia„
1607 1815 1683 1875 vt
1735 1804 1995 1886 eisdem
2049 1807 2232 1874 circa
2285 1805 2616 1898 premissa
2687 1802 2904 1895 regali
2960 1799 3426 1872 subleuamine

158 1910 660 2005 prouideremus.
769 1911 965 1982 Vnde
1029 1934 1184 1992 nos„
1265 1913 1372 2004 qui
1433 1920 1822 1979 cunctorum
1905 1917 2291 1978 nostrorum
2373 1905 2786 1977 subditorum
2860 1905 3054 1976 nobis
3127 1903 3421 1975 fidelium

157 2038 228 2086 ex
273 2015 496 2087 officio
576 2020 786 2088 nostri
848 2017 1198 2108 regiminis
1270 2035 1475 2085 casus
1547 2017 1835 2084 nociuos
1916 2031 2041 2106 per
2096 2019 2421 2083 consueta
2492 2008 2795 2079 remedia
2868 2009 3273 2093 reformare„
3342 2029 3426 2078 ac

155 2122 361 2191 iniuste
415 2123 727 2212 grauatis
782 2129 852 2190 et
905 2122 1253 2213 oppressis
1304 2121 1496 2211 regia
1549 2114 1968 2212 prouidentia
2045 2115 2345 2185 solemus
2400 2113 2785 2185 subu‘enire.
2892 2111 3432 2207 supplicationi-

154 2221 255 2294 bus
301 2224 626 2319 predictis
698 2223 915 2316 regali
967 2225 1216 2320 pietate
1279 2219 1618 2294 exauditis
1674 2229 1741 2290 et
1795 2219 2168 2290 clementer
2221 2217 2561 2306 admissis„
2632 2217 2973 2305 volumus.³
3045 2224 3120 2287 vt
3175 2214 3423 2286 amo‘do

61 2393 64 2426 t
154 2326 436 2422 deinceps
503 2338 573 2397 et
625 2330 1036 2420 inposterum
1119 2323 1500 2396 huiusmodi
1576 2332 1944 2420 prouentus
2018 2321 2505 2392 mardurinales
2579 2325 2645 2390 in
2703 2315 2883 2392 dicto
2938 2340 3154 2412 regno
3211 2318 3422 2390 Scla-

61 2455 62 2466 ¹
152 2435 317 2501 uonie
371 2442 436 2502 et
504 2428 834 2512 Comitatu
893 2429 1333 2522 Zagrabiensi
1386 2432 1573 2500 iuxta
1628 2428 2141 2521 dispositionem
2197 2425 2533 2520 quondam
2604 2423 3040 2496 Serenissimi
3093 2425 3418 2519 principis

61 2567 64 2588 ν
155 2535 365 2607 domini
419 2532 841 2628 sigismundi
895 2533 1326 2628 Imperatoris
1384 2543 1450 2602 et
1505 2532 1716 2623 Regis
1772 2532 2141 2622 Hungarie.
2214 2528 2348 2600 Aui
2404 2529 2643 2613 nostri.
2700 2529 2943 2600 eodem
2999 2527 3231 2616 modo.
3288 2532 3427 2621 quo

155 2649 484 2731 prouentus
561 2639 730 2709 lucri
802 2635 1090 2709 Camere
1160 2647 1394 2708 nostre
1453 2641 1516 2707 in
1573 2635 1702 2706 boc
1773 2643 1990 2727 regno
2065 2643 2299 2705 nostro
2372 2632 2720 2727 Hungarie
2774 2632 3080 2704 dicantur
3131 2642 3201 2704 et
3253 2634 3425 2704 exi-

61 2739 62 2742 ’
158 2753 387 2832 guntur..
440 2752 517 2813 vt
573 2764 778 2836 porro
836 2742 920 2812 de
974 2741 1254 2835 singulis
1310 2761 1578 2833 quoque
1632 2742 1843 2834 portis
1897 2760 2075 2809 vnus
2131 2735 2430 2808 florenus
2486 2739 2629 2807 auri
2705 2746 2818 2807 aut
2867 2737 3066 2809 valor
3119 2735 3425 2808 eiusdem
3502 2727 3506 2732 ’

160 2848 278 2917 sine
325 2846 544 2942 aliqua
603 2848 917 2917 nouitatis
974 2845 1357 2916 inductione
1414 2853 1745 2916 consueto
1799 2852 2109 2936 tempore
2163 2845 2497 2935 exigatur.
2593 2838 2929 2925 Quocirca
2986 2840 3185 2912 vobis
3238 2837 3422 2910 fide-

61 2975 62 2984 2
158 2947 297 3020 libus
346 2953 600 3022 nostris
656 2948 1064 3020 dicatoribus
1119 2959 1188 3019 et
1241 2945 1675 3020 exactoribus
1731 2947 2183 3039 predictorum
2250 2953 2692 3040 prouentuum
2751 2943 3296 3029 mardurjnalium
3352 2948 3421 3015 in

157 3052 379 3145 prefato
430 3054 685 3145 Regno
723 3063 957 3125 nostro
1014 3052 1406 3140 Sclauonie,
1464 3073 1546 3122 ac
1600 3055 1664 3122 in
1722 3052 1900 3121 dicto
1960 3047 2291 3120 Comitatu
2346 3048 2787 3142 Zagra'biensi
2848 3071 3025 3119 nunc
3081 3052 3422 3119 constitu-

157 3158 232 3225 tis
277 3168 336 3227 et
373 3163 432 3230 in
473 3157 769 3229 futurum
828 3155 1336 3241 constituendis,
1396 3155 1626 3226 harum
1676 3156 1858 3227 serie
1896 3152 2175 3224 firmiter
2227 3155 2707 3247 precipientes,
2764 3152 3186 3241 mandamus,¹
3243 3176 3423 3248 qua-

159 3269 328 3331 tenus
366 3261 615 3334 amodo
651 3264 718 3332 in
757 3271 1098 3354 posterum
1139 3260 1447 3332 omnibus
1495 3259 1795 3329 affuturis
1851 3255 2265 3350 temporibus
2322 3259 2736 3351 prescriptos
2802 3266 3171 3349 prouentus
3228 3278 3421 3326 mar-

163 3362 456 3438 durinales
547 3363 919 3436 secundum
973 3364 1340 3458 predictam
1399 3362 1906 3456 dispositionem
1965 3383 2084 3430 seu
2145 3360 2633 3430 ordinationem
2706 3369 3012 3453 tempore
3087 3367 3421 3429 consueto

159 3489 191 3535 a
235 3471 475 3564 populis
554 3478 625 3539 et
685 3467 1174 3560 Jobagionibus
1246 3471 1375 3538 iam
1449 3467 1739 3537 fatorum
1813 3462 2146 3535 Nobilium
2221 3472 2289 3534 et
2339 3462 2681 3533 hominum
2756 3465 3424 3557 possessionatorum

155 3568 288 3641 dicti
333 3577 525 3666 regni
586 3577 797 3644 nostri
851 3572 1216 3644 Sclauonie
1271 3582 1337 3641 et
1393 3574 1741 3664 signanter
1795 3567 2164 3638 Comitatus
2202 3564 2683 3658 Zagrabiensis
2739 3571 3024 3658 exigere
3083 3576 3147 3636 et
3185 3566 3420 3636 leuare

155 3673 446 3765 debeatis,
524 3700 657 3747 nec
711 3676 1068 3769 quidquam
1145 3677 1427 3769 amplius
1507 3697 1629 3768 pro
1685 3675 1859 3758 dica.
1941 3673 2053 3742 uel
2110 3670 2330 3760 sigillo
2386 3679 2498 3740 aut
2552 3672 2941 3763 quittancia.,
3023 3672 3135 3740 uel
3214 3673 3416 3740 etiam

61 3757 62 3828 l
159 3784 419 3869 portario
475 3803 604 3852 seu
662 3779 984 3851 hostiario
1041 3788 1274 3851 vestro
1328 3788 1590 3872 petere,
1675 3800 1794 3850 seu
1854 3777 2026 3846 vltra
2084 3774 2375 3846 debitum
2451 3775 2669 3868 aliqua
2725 3773 3039 3845 victualia
3100 3777 3163 3843 in
3220 3772 3424 3844 rebus

153 3893 245 3950 aut
289 3887 350 3954 in
402 3887 714 3980 pecuniis
768 3908 805 3954 a
861 3884 1129 3954 villanis
1184 3894 1252 3954 et
1307 3883 1549 3954 villicis
1606 3880 1925 3975 predictis
1983 3882 2270 3971 exigere
2325 3901 2451 3950 seu
2506 3887 2922 3972 extorquere
2996 3877 3421 3972 aliquatenus

151 3992 544 4075 presumatis.
653 3987 980 4061 Volumus
1035 3991 1260 4072 etiam.
1336 3997 1408 4057 vt
1462 3986 1669 4057 villici
1728 3994 1796 4056 et
1847 3985 2149 4076 inquilini
2205 4006 2327 4055 seu
2385 3972 2758 4055 seruitores
2834 3981 3113 4076 predicti
3187 3991 3422 4052 contra

154 4093 454 4185 antiquam
512 4092 670 4161 dicti
725 4090 945 4184 Regni
1002 4094 1213 4161 nostri
1269 4088 1632 4160 Sclauonie
1715 4087 2272 4158 consuetudinem
2327 4089 2395 4157 in
2450 4085 2831 4157 huiusmodi
2890 4086 3227 4157 dicatione
3284 4107 3420 4156 non

61 4283 62 4304 Χ
153 4205 716 4280 connumerentur„
773 4195 895 4266 sed
950 4217 987 4264 a
1043 4197 1268 4265 talium
1323 4202 1784 4287 'prouentuum
1858 4192 2196 4263 solutione
2252 4193 2435 4260 iuxta
2494 4194 2786 4284 priorem
2863 4189 3421 4282 consuetudinem

154 4302 393 4370 omuino
447 4299 643 4370 liberi
695 4302 851 4387 sint,
908 4308 975 4369 et
1030 4301 1395 4393 supportati
1451 4296 1844 4385 habeantur.
1902 4317 2107 4366 secus
2160 4293 2396 4365 facere
2454 4316 2588 4364 non
2645 4299 2871 4364 ausuri
2928 4297 2993 4363 in
3049 4296 3420 4388 premissis

151 4391 490 4494 Presentes
553 4413 776 4474 autem
829 4412 986 4497 post
1038 4403 1361 4473 lecturam
1433 4423 1705 4495 semper
1775 4397 1965 4470 reddi
2030 4397 2336 4469 iubemus
2394 4401 2825 4491 presentanti.
2934 4398 3173 4468 Datum
3231 4397 3423 4468 Bude

151 4503 210 4571 in
255 4503 422 4579 festo
473 4508 669 4578 Beati
721 4505 972 4578 Mathie
1025 4506 1361 4601 Apostoli.
1453 4505 1656 4576 Anno
1712 4504 1983 4575 Domini
2036 4501 2399 4574 Millesimo
2473 4502 3139 4595 quadringentesimo
3214 4502 3420 4595 quin—

157 4616 521 4698 quagesimo
595 4615 899 4705 septimo.
1010 4609 1398 4702 Regnorum
1471 4618 1851 4680 nostrorum
1927 4607 2129 4678 Anno
2200 4605 2545 4696 Hungarie
2612 4615 2747 4676 etc.
2827 4604 3426 4700 decimoseptimo,

157 4702 454 4786 Bohemie
509 4736 684 4786 vero
738 4725 997 4809 quarto.

1218 4917 1448 4996 (Locus
1489 4916 1698 4995 Siqiua·
1755 4915 1935 4994 Reyii
1981 4917 2329 4993 impressi.)

165 5093 282 5169 orig.
311 5106 520 5160 membr.
553 5109 605 5158 in
639 5069 864 5162 Archivo
903 5107 1066 5176 Regni
1104 5107 1353 5159 croatiae.
1411 5104 1546 5159 Priv.
1582 5105 1642 5157 N.
1680 5107 1766 5157 22.

2862 5483 3009 5604 aa*
