3950 5917
490 397 654 488 m

498 602 713 677 divini
776 604 960 694 iuris
1031 608 1103 674 et
1170 598 1485 672 humane.
1535 597 1714 692 legis
1732 648 1757 687 ,
1830 594 2341 692 auctoritatibus
2413 598 2769 668 autenticis
2841 593 2931 667 de
2999 593 3362 688 Regimine
3430 594 3821 693 Principu-

502 703 953 791 eiacentibus,
1005 723 1143 776 nou
1200 702 1425 776 solum
1478 699 1566 773 de
1596 698 1860 773 ordine
1914 707 2130 773 status
2181 697 2442 790 Regni,
2495 720 2738 771 verum
2792 701 2995 770 etiam
3050 720 3147 770 ex
3197 697 3652 795 dispositione
3708 703 3820 772 ci·—

498 811 785 882 vitatum
840 824 1233 902 proponens
1289 806 1686 876 universnm
1716 804 1998 875 ‘exitum
2052 800 2424 897 reipublice
2477 799 2684 874 debet
2735 799 3130 895 disponere,
3194 810 3265 874 et
3308 805 3511 874 etiam
3565 807 3820 898 provi-

504 910 700 1002 dere,
752 908 936 983 bone
988 910 1093 981 rei
1145 906 1313 998 dare
1366 906 1792 995 consultum,
1863 902 2268 1001 publiceque
2348 905 2610 976 utilitati
2664 902 2831 976 dare
2885 901 3254 977 subsidium
3276 955 3301 991 ,
3355 926 3608 999 magne
3667 908 3830 978 vir-

498 1016 663 1088 tutis
710 1033 964 1085 nomen
1017 1013 1087 1083 in
1140 1020 1450 1085 eternum
1502 1018 1573 1083 et
1607 1011 1876 1098 sortiri3
1926 1029 2170 1084 verum
2225 1011 2286 1080 si
2336 1006 2814 1080 laudabile
2866 1009 2988 1106 9ἰρ
3038 1010 3466 1103 antiquas
3519 1006 3818 1082 bonas

507 1113 1251 1192 consuetudines
1306 1111 2059 1214 etmunicipales
2119 1110 2386 1203 leges
2440 1131 3047 1201 conservare,
3101 1132 3275 1205 equa
3330 1109 3535 1184 laude
3584 1115 3820 1207 priora

500 1222 746 1294 usitata
799 1240 985 1292 nova
1040 1214 1291 1289 debent
1333 1216 1809 1312 jurisdictione
1859 1205 2201 1302 roborari,
2256 1224 2326 1285 ut
2377 1209 2756 1287 fruentibus
2807 1212 3007 1287 bonis
3060 1210 3357 1307 legibus,
3428 1225 3824 1288 consvetu—

504 1320 908 1416 dinibusque
962 1317 1350 1416 approbatis
1405 1321 1721 1392 civitates
1775 1327 1845 1400 et
1911 1316 2156 1409 Regna
2208 1315 2490 1412 valeant
2537 1314 2832 1388 feliciter
2883 1321 3142 1408 augeri.
3246 1314 3360 1388 Ad
3430 1320 3818 1412 universo·

502 1445 657 1500 rum
706 1422 997 1519 preinde
1041 1425 1345 1496 notitiam
1397 1421 1637 1496 harum
1689 1424 1875 1496 serie
1923 1422 2245 1510 volumus
2295 1423 2686 1515 pervenire.
2763 1418 2960 1505 Quod
3011 1422 3145 1491 virt
3196 1418 3465 1493 nobiles
3517 1431 3589 1492 et
3640 1443 3825 1516 prn-

505 1522 770 1602 dentes'
801 1526 1135 1599 Dominus
1190 1525 1499 1620 Duymus
1550 1522 2042 1619 Furatyoh,
2099 1533 2171 1596 et
2218 1522 2551 1600 Dominus
2602 1522 2912 1596 Joannes
2963 1520 3507 1617 Naplavich,
3560 1523 3816 1596 amba-

504 1632 815 1703 xiatores
870 1640 940 1700 et
993 1627 1261 1723 syndici
1315 1630 1813 1700 communitatis
1868 1629 2161 1699 civitatis
2217 1625 2547 1718 Sibenici,
2601 1627 2685 1699 ad
2740 1635 3045 1700 nostram
3079 1623 3513 1717 Majestatem
3575 1637 3819 1701 mns-

503 1736 723 1822 missi,
778 1735 1096 1804 attentius
1151 1754 1284 1804 nos
1336 1731 1664 1825 rogantes
1692 1783 1716 1818 ,
1797 1740 1869 1801 ut
1938 1734 2163 1802 omnia
2220 1731 2623 1825 privilegia,
2700 1729 3049 1801 libertates
3123 1738 3194 1800 et
3262 1733 3521 1821 gratias
3573 1752 3818 1803 eorum

503 1836 664 1908 ofin
717 1834 805 1907 ab
858 1834 1269 1907 illustrissim
1325 1887 1677 1908 ........
1733 1832 2047 1921 collatas,
2100 1835 2459 1928 presertim
2513 1832 2737 1903 felicis
2791 1831 3288 1912 recordationis
3339 1832 3614 1905 Domini
3668 1834 3820 1906 Lu-

506 1937 762 2027 dovici,
814 1937 1033 2030 Regis
1083 1935 1329 2032 prefati
1404 1935 1628 2030 Regni
1700 1934 1905 2028 flung
1944 1991 1962 2008 .
2015 1990 2371 2009 ........
2425 1957 2550 2032 pro
2624 1935 2883 2010 eisdem
2907 1987 2930 2026 ,
3003 1943 3380 2030 eorumque
3447 1935 3826 2009 heredibus

503 2043 742 2114 nostro
795 2040 1159 2136 privilegio
1230 2040 1668 2134 dignaremur
1734 2037 2188 2124 confirmare,
2267 2060 2534 2134 eosque
2606 2041 3002 2135 permittere
3056 2093 3411 2111 ........
3467 2042 3820 2135 ipsornm;

509 2146 689 2216 sicut
754 2154 1065 2239 tempore
1143 2143 1391 2238 prefati
1440 2142 1714 2216 Domini
1768 2141 2098 2215 Ludovici
2150 2141 2368 2236 Regis
2417 2145 2531 2215 vsi
2582 2142 2855 2214 fuerunt
2909 2195 3261 2214 ........
3318 2141 3700 2236 profectum
3751 2153 3821 2215 et

505 2255 749 2319 statum
801 2245 1051 2320 honum
1104 2251 1311 2318 totius
1362 2244 1705 2338 Regimni.
1778 2267 1872 2316 ex
1925 2245 2109 2317 bono
2164 2245 2481 2338 Regime,
2552 2267 2677 2341 pro
2731 2266 2866 2339 quo
2920 2243 3007 2315 de
3063 2300 3079 2317 .
3112 2299 3128 2315 .
3161 2300 3177 2317 .
3209 2300 3226 2316 .
3265 2307 3272 2314 .
3307 2301 3323 2317 .
3357 2302 3371 2318 .
3405 2300 3421 2317 .
3478 2246 3820 2318 dictorum

505 2352 758 2424 civium
809 2359 1202 2423 nostrorum
1255 2347 1799 2422 Sibenicensium
1854 2351 2378 2438 recensitorum,
2433 2358 2505 2421 ut
2539 2352 2668 2445 ipsi
2721 2348 2808 2418 de
2859 2352 3037 2422 virtu
3095 2403 3447 2421 ........
3502 2353 3816 2442 vigeant,

506 2460 581 2523 et
629 2452 1080 2547 tranquilitate
1134 2457 1531 2546 quiescant,
1596 2475 1681 2524 ac
1734 2456 1799 2523 in
1858 2450 2285 2525 facultatibus
2339 2452 2651 2524 habunde
2707 2453 3126 2544 gratulenter
3179 2506 3535 2525 ........
3591 2452 3817 2525 liber—

501 2562 641 2626 tate
721 2607 1072 2628 ........
1072 2551 1075 2554 ’
1144 2552 1562 2651 temporibus
1630 2559 1696 2626 in
1770 2554 2125 2628 favoribus
2195 2565 2266 2627 et
2344 2558 2800 2650 prerogativis
2870 2555 3081 2650 ipsius
3155 2558 3448 2628 civitatis
3538 2554 3821 2629 fuerunt

503 2654 761 2733 obseru
813 2711 1166 2732 ........
1221 2658 1803 2755 protectionisque
1853 2657 2071 2729 libere
2125 2655 2624 2749 observentur,
2675 2669 2746 2730 ut
2801 2662 2947 2754 ipsa
3002 2661 3247 2732 civitas
3299 2668 3536 2732 nostra
3590 2681 3819 2754 rega-

498 2759 678 2835 libus
729 2759 1207 2835 munitionibus
1261 2783 1356 2833 ex
1408 2814 1764 2833 ........
1819 2772 1890 2834 et
1940 2765 2179 2856 gratiis
2234 2762 2695 2850 confirmetur,
2733 2764 3100 2858 propositis
3136 2760 3572 2857 petitionibus
3610 2767 3818 2859 ipso—

498 2881 651 2935 rum
705 2864 1168 2961 syndicorum,
1225 2874 1294 2937 et
1337 2863 1903 2955 ambaziatorum,
1948 2886 2034 2936 ac
2071 2868 2322 2938 civium
2358 2857 2815 2961 predictorum
2869 2887 2963 2938 ex
2999 2876 3189 2960 parte
3249 2869 3455 2939 totius
3513 2921 3815 2939 ........

504 2965 662 3038 talis
700 2968 847 3056 jam
901 2966 1079 3040 dicte
1134 2969 1455 3058 civitatis,
1513 2977 1886 3058 statuta,
1939 2967 2496 3061 reformationes,
2552 2980 2621 3041 et
2657 2968 3193 3044 consvetudines
3241 2971 3454 3066 ipsius
3515 2973 3826 3043 civitatis

502 3064 786 3141 Sihinici
848 3074 1273 3165 propriorum
1325 3069 1594 3164 Regum
1668 3071 1828 3144 olim
1877 3069 2227 3166 Hungarie
2283 3071 2503 3161 datas,
2574 3075 2932 3168 presertim
2986 3094 3110 3169 per
3159 3075 3483 3168 inclytum
3536 3072 3818 3146 Princi-

504 3192 709 3266 pem,
786 3170 1147 3246 Dominum
1220 3197 1462 3268 regem
1525 3172 1993 3266 Ludovicum,
2061 3174 2444 3248 fratrem
2514 3187 2924 3250 nostrum
3013 3175 3377 3266 dilectum,
3466 3176 3820 3250 mediante

490 3274 881 3365 ,iuramento
935 3280 1334 3350 manutactis
1386 3279 1835 3373 corporaliter
1888 3300 2091 3352 sacro
2148 3284 2403 3353 sanctis
2456 3278 2886 3372 Evangeliis,
2959 3290 3435 3374 acceptamus,
3491 3280 3811 3352 ratifica-

499 3397 695 3465 mus,
769 3389 838 3449 et
907 3379 1359 3474 aprobamus3
1453 3380 1542 3452 de
1606 3381 2052 3454 Beronum
2132 3392 2661 3457 nostrorum
2732 3384 3143 3455 consilio
3225 3394 3816 3480 promoturo,

497 3476 722 3574 Regia
778 3485 1208 3573 auctoritate,
1261 3504 1386 3579 pro
1441 3483 1702 3557 eisdem
1757 3483 2070 3557 fidelibus
2127 3489 2381 3560 nostris
2453 3487 2766 3576 civibus,
2839 3488 3133 3560 civitatis
3187 3485 3535 3576 Sibenici,
3616 3491 3816 3583 ipsis,

495 3602 869 3679 eorumque
938 3583 1331 3674 heredibus,
1412 3586 1962 3678 successoribus,
2016 3598 2087 3659 et
2136 3583 2645 3683 posteritatibus
2700 3593 3092 3678 universis„
3159 3600 3489 3686 perpetue
3544 3590 3814 3663 confir—

496 3706 766 3776 manus,
819 3687 1236 3762 ratificamus
1317 3699 1388 3760 et
1456 3690 1958 3785 approbamus,
2024 3689 2592 3787 inviolabiterque
2662 3696 3158 3789 promittimus3
3222 3716 3564 3765 cameram
3637 3717 3820 3767 vero

496 3788 690 3876 salis,
746 3798 816 3860 et
868 3793 1219 3883 trigesime
1273 3814 1397 3889 pro
1451 3801 1685 3866 nostra
1740 3791 2104 3885 Maiestate
2174 3806 2669 3883 reservantes;
2739 3796 2989 3868 nullum
3058 3796 3238 3869 aliud
3308 3795 3574 3869 dacium
3644 3800 3822 3894 ipsis

492 3888 915 3981 inferentes3
969 3902 1039 3965 et
1091 3894 1272 3989 quod
1327 3894 1432 3969 sal
1482 3905 1720 3969 nostre
1778 3894 2068 3970 Camere
2122 3900 2191 3969 in
2245 3901 2524 3971 civitate
2552 3897 2881 3989 Sthenici,
2920 3898 3168 3972 debeat
3200 3899 3414 3973 vendi
3441 3922 3527 3972 eo
3565 3905 3818 3994 pretio,

503 4014 638 4089 quo
692 3993 1013 4069 venditur
1065 4000 1129 4069 in
1188 3996 1339 4088 alijs
1393 4002 1648 4071 nostris
1704 4003 1998 4074 camaris
2069 3999 2448 4090 Dalmatie;
2521 4002 2839 4077 volentes
2912 4005 3113 4076 etiam
3186 4025 3460 4075 omnem
3523 4008 3818 4098 gratiam

493 4117 623 4191 per
647 4094 1080 4189 Majestatem
1133 4110 1435 4173 nostram
1491 4103 1657 4195 ipsis
1714 4102 2056 4188 collatam,
2109 4104 2294 4176 nullo
2348 4103 2554 4176 modo
2607 4104 3009 4199 infringere,
3063 4109 3128 4178 ei
3182 4116 3513 4201 perpetuo
3551 4104 3822 4180 firmam

496 4208 567 4272 et
611 4210 828 4272 ratam
882 4199 1167 4294 habere,
1224 4212 1295 4275 et
1346 4212 1627 4294 tenere,
1681 4211 2151 4299 promittentes
2226 4206 2486 4281 eisdem
2543 4204 2856 4281 fidelibus
2926 4212 3182 4284 nostris
3236 4208 3811 4302 Sibinicensibus,

488 4311 731 4375 nostro
784 4303 1128 4377 mediante
1172 4306 1610 4398 juramento,
1664 4318 1904 4380 tenere
1959 4330 2087 4382 eos
2141 4311 2209 4381 in
2261 4332 2435 4405 pace
2489 4308 2667 4384 bona
2725 4322 2794 4385 et
2847 4314 3121 4406 quieta,
3175 4315 3366 4409 ipsos
3422 4322 3495 4384 et
3546 4318 3820 4387 civita-

488 4413 629 4476 tem
685 4405 988 4479 Sibenici
1044 4418 1251 4480 tutam
1309 4419 1380 4481 et
1432 4420 1613 4483 tutos
1666 4410 1932 4503 facere,
1988 4410 2392 4503 defendere,
2449 4419 2757 4509 tuerique
2809 4416 3121 4505 viriliter,
3178 4426 3249 4487 et
3273 4426 3593 4511 potenter
3607 4421 3811 4510 juxta

492 4517 795 4581 nostram
852 4511 1366 4606 possibilitatem
1425 4524 1662 4587 contra
1720 4537 1960 4589 omnes
2015 4515 2356 4606 homines,
2410 4518 2729 4592 volentes
2782 4522 2972 4615 ipsos
3043 4524 3475 4618 opprimere3
3547 4532 3620 4595 et
3680 4522 3820 4596 hoc

487 4607 677 4701 ideo,
733 4617 889 4707 quia
944 4613 1228 4712 Syndici
1282 4619 1442 4687 vice
1498 4627 1566 4688 et
1618 4621 1895 4690 nomine
1949 4622 2448 4692 communitatis
2519 4619 2865 4710 Sihenici,
2926 4631 3000 4693 ut
3069 4623 3155 4695 de
3228 4627 3380 4715 ejus
3453 4625 3821 4720 syndicatu

491 4724 789 4801 constat,
840 4715 1178 4810 Magistri,
1233 4716 1349 4791 filii
1404 4720 1745 4815 quondam
1802 4720 2240 4795 Gvilelmi
2325 4722 2431 4795 de
2515 4721 2902 4798 Albanis
2974 4725 3079 4798 de
3132 4725 3469 4820 Regio,
3537 4727 3816 4823 publica

490 4819 825 4914 imperiali
878 4825 1281 4894 auctoritate
1334 4834 1587 4920 notai-y
1615 4876 1638 4914 ,
1716 4847 1899 4898 nunc
1950 4847 2126 4899 vero
2171 4828 2405 4924 Juraty
2461 4825 2871 4923 cancellary
2925 4831 3425 4903 communitatis
3481 4829 3820 4930 Sibenyci

484 4923 895 5014 juraverunt
948 4926 1434 5021 corporaliter,
1517 4928 1985 5001 deosculando
2057 4930 2308 5023 lignum
2363 4929 2724 5004 Dominice
2794 4931 3072 5006 vivifice
3143 4937 3413 5024 crucia,
3487 4935 3692 5010 nobis
3751 4947 3819 5011 et

487 5028 748 5100 nostris
800 5024 1170 5103 heredibus
1226 5039 1299 5102 et
1349 5031 1900 5122 successoribus,
1955 5032 2044 5106 de
2094 5044 2333 5107 nostro
2389 5055 2684 5130 corpore
2733 5035 3037 5130 legitime
3092 5041 3516 5133 procreatis,
3575 5061 3818 5113 oma-

486 5131 727 5222 gium
804 5128 1338 5207 fidelitatis
1410 5131 1974 5227 observare,
2066 5147 2660 5230 recognoscentes
2730 5161 2860 5213 nos
2931 5161 3057 5235 pro
3129 5143 3431 5236 ipsorum
3513 5141 3818 5239 Domino

489 5232 828 5325 natarali3
879 5235 1411 5332 nullumque
1466 5237 1732 5310 alium
1788 5237 2254 5312 Dominum
2336 5244 2695 5338 recipere,
2747 5263 2880 5316 nec
2930 5241 3189 5317 habere
3241 5267 3367 5342 pro
3424 5249 3572 5324 suis
3621 5256 3814 5322 tem-

483 5333 773 5427 poribus
816 5346 1050 5432 preter
1097 5359 1251 5415 nos·
1282 5349 1354 5414 et
1403 5347 1683 5417 nostros
1734 5339 2062 5436 heredes,
2117 5351 2188 5417 et
2238 5365 2720 5439 successores,
2772 5353 2845 5419 ut
2895 5345 3281 5442 prefertur3
3333 5347 3814 5426 submittentes
