3950 5917
528 387 699 465 438

526 601 653 671 sos
704 595 1173 672 Provinciales
1227 597 1451 693 Regni
1499 599 1804 674 Accolus
1877 601 2097 673 enatis
2152 595 2671 674 Gravaminibus
2747 599 3087 697 deputata,
3156 597 3302 674 Nos
3368 596 3574 696 Ipsae
3622 601 3812 672 etiam

528 700 619 773 ad
670 697 1236 776 Effectuationem
1289 706 1593 777 sancitae
1646 714 1929 778 eatenus
1982 702 2347 779 Novelaris
2399 701 2631 798 Legis,
2685 703 2972 778 Articuli
3023 705 3266 801 quippe
3308 701 3811 797 Quadragesimi

528 807 696 877 noni
744 805 931 880 Anni
979 804 1320 881 Millesimi
1373 805 1970 903 Septingentesimi
2048 805 2548 903 quadragesimi
2599 809 2795 904 primi
2864 806 3450 895 contenderimus3
3514 805 3809 880 investi-

530 912 711 1002 gatis
760 909 1048 1006 proinde
1118 911 1715 1006 (quemadmodum
1768 912 2108 1008 posterius
2161 909 2458 1006 henigne
2510 910 3002 1008 disposuimus)
3063 908 3579 1000 recentioribus,
3649 931 3815 1006 quae

530 1036 572 1083 a
622 1022 932 1110 tempore
982 1012 1206 1088 felicis
1261 1012 1582 1110 Gubernij
1638 1019 1852 1089 nostri
1923 1016 2483 1104 intercesserunt,
2541 1013 3085 1104 Gravaminibus,
3147 1013 3641 1111 Relationeque
3691 1034 3814 1086 su-

530 1137 656 1211 per
691 1115 821 1189 bac
874 1117 1097 1191 dictae
1152 1116 1669 1193 commissionis
1709 1118 2124 1215 Operatione
2177 1116 2397 1192 isthuc
2449 1116 2812 1212 submissa,
2862 1117 3221 1215 benignam
3258 1141 3396 1192 non
3431 1117 3634 1191 modo
3687 1114 3812 1190 fine

526 1221 1016 1318 impertiendae
1086 1221 1296 1296 laesis
1360 1221 1669 1297 Partibus
1738 1223 1945 1296 realis
2017 1224 2295 1295 omnino
2347 1243 2474 1317 per
2538 1225 2754 1319 ipsam
2825 1221 3200 1321 praefatam
3255 1220 3809 1297 Commissionem

527 1324 1016 1399 satisfactionis
1067 1325 1581 1400 Resolutionem
1656 1334 1956 1401 nostram
2010 1323 2300 1420 Regiam
2351 1346 2518 1399 mox
2569 1325 3003 1420 elargiemur,
3056 1348 3294 1401 verum
3348 1334 3418 1398 et
3470 1325 3558 1400 de
3610 1346 3811 1398 assu-

525 1428 817 1517 mendis,
873 1429 1322 1527 disquirendis
1376 1440 1448 1502 et
1482 1428 1969 1527 componendis
2011 1428 2279 1502 demum
2315 1427 2828 1526 Antiquioribus
2872 1434 3074 1504 etiam
3127 1429 3598 1522 hujuscemodi
3634 1427 3808 1502 Gra-

524 1532 909 1607 vaminibus
978 1532 1221 1608 fideles
1292 1533 1624 1606 dictorum
1676 1534 2071 1627 Regnorum
2122 1531 2527 1609 Nostrorum
2582 1533 2812 1608 Status
2883 1544 2955 1608 et
3005 1531 3295 1612 Ordines
3348 1556 3389 1606 a
3456 1531 3806 1625 benignis-

528 1641 700 1711 sima
753 1637 1200 1712 Resolutione
1252 1647 1486 1710 nostra
1537 1636 2145 1733 praestolabuntur.
2250 1636 2549 1710 Tandem
2603 1640 2672 1710 in
2726 1659 2816 1712 eo
2867 1641 3070 1714 etiam
3119 1636 3530 1735 praelibatos
3580 1635 3812 1709 fideles

526 1739 1026 1837 suprafatorum
1078 1739 1474 1836 Regnorum
1544 1752 1930 1816 nostrorum
1985 1740 2216 1814 Status
2286 1751 2357 1815 et
2408 1739 2700 1816 Ordines
2753 1741 3125 1816 clementer
3197 1741 3389 1815 hisce
3441 1761 3808 1815 assecura-

526 1866 717 1918 mus:
773 1845 955 1939 quod
1005 1849 1077 1919 in
1132 1843 1511 1920 Collatione
1565 1843 1959 1918 Officiorum
2015 1843 2329 1941 Supremi
2383 1841 2664 1919 Comitis
2718 1842 3164 1920 comitatuum
3216 1845 3697 1939 Zagrabiensis
3746 1852 3810 1915 et

527 1946 893 2024 Grisiensis
964 1952 1174 2046 ipsius
1227 1946 1617 2023 Nobilitaris
1670 1950 1928 2041 Status,
1999 1948 2313 2043 adeoque
2366 1952 2566 2022 etiam
2619 1947 3014 2028 Vice-Bani
3089 1971 3212 2046 pro
3275 1958 3585 2046 tempore
3637 1969 3806 2019 con-

525 2051 866 2143 stituendi,
921 2052 1484 2149 quemadmodum
1535 2053 1892 2141 hactenus,
1946 2056 2038 2126 ita
2085 2051 2409 2150 deinceps
2462 2074 2730 2149 quoque
2783 2052 2869 2126 ad
2915 2062 3226 2128 tenorem
3278 2056 3479 2125 etiam
3533 2049 3806 2124 Articuli

525 2153 896 2230 Centesimi
949 2158 1265 2252 vigesimi
1335 2158 1510 2250 tertij
1565 2158 1751 2230 Anni
1799 2153 2141 2230 Millesimi
2194 2159 2777 2254 septingentesimi
2829 2155 3076 2232 decimi
3123 2159 3355 2252 quinti,
3410 2153 3803 2250 condignam

525 2270 727 2356 atque
797 2260 1210 2356 peculiarem
1282 2258 1629 2335 habiturae
1683 2283 1915 2334 sumus
1968 2260 2469 2335 Reflexionem.
2576 2259 2768 2348 Quae
2822 2263 3047 2336 omnia
3101 2260 3187 2334 ad
3239 2270 3629 2357 perpetuam
3678 2258 3805 2330 Ju-

515 2367 688 2437 rium
758 2386 843 2436 ac
910 2363 1553 2459 Praerogativarum
1625 2374 2152 2438 memoratorum
2204 2364 2611 2453 Dalmatiae,
2684 2363 3001 2438 Oroatiae
3070 2374 3140 2442 et
3192 2363 3608 2437 Sclaveniae
3657 2359 3799 2434 Re-

518 2489 805 2563 gnorum
854 2479 1268 2553 nostrorum,
1320 2468 1729 2563 Banalisque
1788 2468 2234 2542 Authoritatis
2284 2467 2796 2542 Indemnitatem
2848 2491 2931 2541 ac
2967 2467 3441 2558 Securitatem,
3485 2474 3804 2564 perpetuo

518 2573 834 2663 valitura,
888 2583 1148 2646 maturo
1201 2571 1711 2668 deliberatoque
1747 2570 2078 2663 Consili0,
2125 2593 2219 2645 ex
2269 2572 2679 2669 plenitudiue
2717 2569 3379 2667 Caesareo-Regiae
3411 2571 3804 2645 Postestatis

518 2686 824 2761 nostrae,
903 2687 1104 2771 atque
1172 2679 1242 2747 in
1295 2680 1560 2768 signum
1640 2676 2002 2769 peculiaris
2079 2675 2418 2766 Affectus,
2490 2698 2623 2772 quo
2678 2675 2916 2751 fideles
2995 2675 3441 2750 antelatorum
3522 2674 3802 2768 Regno·

522 2803 669 2852 rum
724 2790 1112 2852 nostrorum
1166 2777 1396 2853 Status
1468 2789 1538 2851 et
1589 2777 1880 2852 Ordines
1950 2789 2346 2852 constanter
2415 2779 2948 2875 complectimur,
3017 2778 3263 2854 lisdem
3325 2778 3805 2871 benignissime

518 2884 708 2957 bisce
761 2887 1195 2979 impertimur.
1297 2881 1386 2954 Et
1436 2882 1999 2979 quemadmodum
2054 2884 2142 2957 de
2194 2887 2376 2956 avita
2442 2905 2661 2980 eaque
2731 2887 3126 2958 intemerata
3179 2882 3608 2957 Fidelitatum
3657 2880 3804 2953 Ve-

518 2997 803 3058 strarum
841 2986 1035 3077 Fide,
1088 2985 1453 3080 homagiali
1490 2986 1908 3078 Devotione,
1959 3008 2047 3059 ac
2082 2990 2343 3060 aeterni
2395 2985 2720 3084 Obsequii
2756 2986 3074 3078 Vinculo,
3128 3010 3261 3084 quo
3304 2985 3614 3059 Eaedem
3657 2982 3802 3057 No-

516 3087 624 3165 bis
677 3089 1169 3185 Augustaeque
1220 3090 1470 3164 Domui
1538 3101 1819 3164 nostrae
1890 3086 2204 3166 subditali
2272 3089 2463 3186 Lege
2516 3090 2883 3165 obstrictae
2937 3101 3115 3177 sunt,
3185 3089 3432 3163 amodo
3488 3088 3803 3183 deinceps

517 3214 787 3289 quoque
840 3198 1022 3266 omni
1075 3193 1415 3291 Tempore
1468 3204 1539 3266 et
1575 3199 1952 3269 occasione
2001 3195 2358 3291 praeclare
2413 3194 2859 3269 contestando
2913 3197 3185 3268 minime
3240 3193 3661 3269 dubitamus:
3710 3191 3801 3264 lta

518 3298 892 3370 clementer
953 3300 1149 3372 simul
1221 3319 1306 3370 ac
1357 3297 1777 3373 Firmissime
1828 3298 2258 3389 confidimus,
2328 3299 2610 3373 eosdem
2681 3297 2923 3372 fideles
2975 3298 3207 3373 Status
3260 3307 3330 3370 et
3380 3295 3674 3371 Ordines
3723 3292 3802 3367 ad

517 3411 910 3496 perpetuam
963 3403 1315 3497 regulatae
1366 3401 1566 3494 hujus
1619 3401 1897 3476 Militiae
1948 3402 2226 3477 Banalis
2277 3401 2502 3497 Regni
2543 3401 2995 3477 Confiniariae
3031 3399 3589 3494 Consistentiam,
3641 3419 3804 3497 quae

515 3503 600 3576 ab
655 3515 901 3577 exacta
973 3504 1261 3578 fixorum
1335 3505 1556 3578 eidem
1627 3505 1905 3578 Militiae
1981 3505 2488 3580 obvenientium
2535 3497 3056 3603 'stipendiorum
3128 3504 3606 3580 Persolutiene
3653 3504 3804 3600 plu-

514 3611 751 3682 rimum
792 3608 1153 3705 dependet,
1190 3619 1395 3704 atque
1447 3609 1606 3683 hinc
1657 3609 2127 3683 stabiliendum
2182 3619 2467 3684 eatenus
2521 3607 2969 3685 sufficientem
3021 3607 3354 3700 Fundam,
3425 3611 3539 3706 qui
3591 3611 3803 3704 utique

515 3724 942 3908 22322‘21333.
956 3736 1358 3912 Ρΐοῖξὲἒὲἐί
1412 3711 2961 3915 &imizaBilssffssli‘ss‘ssu‘lssffiffiss‘ss
3004 3711 3803 3914 fizzzzzzfflffissssg

514 3917 867 4011 Studiose,
921 3941 1056 4014 quo
1109 3920 1325 3995 Iidem
1375 3931 1778 4016 coeperunt,
1854 3919 2144 4010 Conatu,
2216 3922 2696 3996 collocaturus.
2798 3920 2876 3995 Ῑιι
2930 3941 3201 4019 qrorum
3253 3919 3491 3995 Fidem
3546 3931 3619 3995 et
3664 3918 3802 3991 Te-

513 4026 898 4098 stimonium
949 4022 1212 4099 Literas
1265 4023 1390 4097 has
1441 4022 1647 4097 Manu
1700 4030 1971 4123 propria
2029 4024 2576 4123 subscripsimus,
2631 4035 2702 4098 et
2752 4024 2970 4120 sigilli
3020 4028 3238 4099 nostri
3287 4022 3492 4119 Regii
3544 4043 3801 4121 appen-

514 4130 710 4203 sione
786 4131 1030 4202 munIri
1103 4127 1419 4201 fecimus.
1522 4127 1768 4202 Datum
1848 4151 1973 4225 per
2053 4151 2288 4203 manus
2342 4128 2594 4203 Fidelis
2674 4132 2890 4203 nostri
2938 4126 3153 4203 Nobis
3233 4131 3507 4204 sincere
3589 4126 3801 4201 dilecti

512 4229 920 4327 Spectabilis
989 4255 1074 4305 ac
1124 4229 1470 4326 Magnifici
1537 4229 1820 4308 Comitis
1871 4231 2199 4329 Leopoldi
2254 4233 2341 4307 de
2392 4230 2696 4323 Nadasd,
2764 4231 3084 4331 Perpetui
3149 4229 3407 4309 Terrae
3475 4231 3800 4327 Fogaras,

510 4341 726 4410 nostri
777 4336 1090 4411 Actualis
1140 4335 1361 4410 Intimi
1432 4332 1845 4430 ConsiliariJ',
1912 4346 1988 4423 et
2054 4359 2181 4434 per
2248 4337 2613 4411 antelatum
2680 4334 2996 4432 Regnum
3064 4346 3369 4411 nostmm
3422 4331 3798 4430 flungariae

506 4437 734 4514 Aulae
786 4439 1082 4514 Nostrae
1137 4437 1573 4534 Cancellarij,
1625 4461 1761 4513 nec
1809 4463 1948 4515 non
1995 4441 2401 4535 Agazonum
2454 4439 2811 4535 Regalium
2864 4437 3200 4535 Magistri,
3251 4444 3321 4515 in
3372 4436 3798 4514 Archiducali

511 4541 802 4619 adme
872 4552 1106 4618 nostra
1157 4542 1425 4619 Vienna
1478 4543 1829 4635 Austriae,
1902 4544 2014 4619 die
2068 4544 2334 4617 decima
2397 4555 2596 4620 sexta
2649 4543 2910 4619 Mensis
2960 4545 3341 4639 Jannuarij,
3394 4543 3602 4617 Anno
3652 4539 3794 4613 Do-

506 4652 668 4721 mini
734 4647 1097 4723 Millesimo
1151 4648 1771 4744 Septingentesimu
1826 4648 2435 4745 Quinquagesimo,
2504 4647 2899 4742 Regnorum
2967 4659 3360 4724 nostrerum
3419 4647 3796 4744 flung-ariae

507 4749 879 4827 Bohemiae
935 4761 1004 4825 et
1054 4751 1466 4849 reliquorum
1521 4751 1725 4825 Anno
1777 4749 2090 4826 Decimo.

816 4871 1032 4948 Maria
1083 4871 1414 4948 Therasia
1467 4891 1556 4946 m.
1610 4896 1676 4971 p.
2163 4871 2416 4950 Comes
2467 4871 2856 4972 Leopoldus
2910 4871 2998 4949 de
3047 4871 3325 4952 Nadasd
3378 4897 3468 4948 m.
3521 4897 3585 4972 p.

2391 5002 2804 5082 Franciscus
2851 5002 3089 5084 Keller
3139 5027 3227 5080 m.
3279 5028 3344 5103 p.

1334 5130 1656 5213 asiam·-
1698 5143 2002 5213 monn
2051 5133 2124 5197 ἀι
2180 5148 2385 5196 num
2427 5149 2600 5198 um
2651 5132 2992 5216 μυιάων.)

481 5279 649 5367 orig.
684 5311 831 5366 μη.
866 5297 921 5349 ιιι
955 5296 1116 5351 mh.
1150 5295 1282 5367 neg.
1318 5294 1492 5355 cto-2.
1527 5299 1579 5349 ιιι
1603 5291 2145 5366 ώιιὴιιιιοαοη-
2179 5293 2364 5368 αις-ι.
