3950 5917
487 622 645 719 Ego
711 623 1025 699 Ioannes
1076 623 1331 716 Oracb,
1400 623 1754 700 Paroobus
1806 623 2173 703 Ecclesiae
2224 624 2463 703 Sancti
2509 625 2761 703 Jacobi
2808 628 3135 727 Apostoli
3184 627 3510 705 fundatae

174 730 250 801 in
303 726 553 825 oppido
604 726 881 818 Perlak‚
968 728 1337 804 Dioecesis
1390 727 1904 824 Zagrabiensis,
1982 732 2056 805 in
2105 730 2430 806 Districtu
2501 731 2774 806 Insulae
2850 734 3028 807 intra
3077 732 3385 807 Dravum
3437 742 3511 806 et

174 828 442 904 Iuram
497 833 887 920 existentis,
940 841 1197 906 testort
1250 854 1361 906 me
1406 834 1477 906 in
1510 832 1847 907 Parochia
1884 855 2042 907 mea
2092 834 2347 908 nullum
2399 832 2660 909 babere
2711 838 3176 932 poenitentem
3210 836 3511 932 Hunga-

174 955 355 1022 mm,
409 934 700 1029 solaque
750 934 982 1030 lingna
1037 934 1357 1009 Oroatica
1410 934 1858 1011 Sacramenta
1913 936 2387 1012 Poenitentiae
2439 947 2512 1012 et
2560 936 2973 1013 Matrimonii
3025 943 3155 1014 oec.
3209 939 3512 1015 admini-

176 1045 432 1126 strare,
486 1046 558 1110 et
609 1035 911 1111 Verbum
961 1037 1096 1111 Dei
1146 1038 1408 1135 Populo
1461 1061 1622 1113 meo
1675 1038 2106 1136 praedicare,
2159 1062 2408 1139 meque
2477 1043 2702 1138 ipsam
2753 1062 2921 1116 esse
2973 1040 3318 1116 Oroatam.
3422 1041 3515 1115 Et

176 1141 250 1212 in
300 1138 507 1214 fidem
561 1137 937 1239 subscripsi
997 1164 1085 1214 ac
1135 1140 1379 1237 Sigillo
1433 1164 1591 1216 meo
1646 1145 2083 1216 communivi.
2188 1144 2265 1218 In
2315 1141 2518 1218 Curia
2574 1166 2729 1219 mea
2783 1143 3166 1220 Parocbiali
3218 1145 3333 1220 die
3387 1146 3511 1221 15.

24 1323 25 1330 Ν
172 1241 586 1317 Decembris
640 1242 866 1317 1701.

489 1345 800 1422 Ioannes
854 1347 1110 1438 orech,
1161 1347 1344 1422 idem
1399 1351 1516 1444 qui
1569 1370 1772 1446 supra
1825 1371 1914 1422 m.
1967 1372 2037 1446 p.

1695 1476 1809 1570 (L.
1883 1477 2002 1571 s.)

492 1630 649 1726 Ego
701 1632 743 1705 J
747 1653 1011 1706 oannes
1061 1630 1411 1730 Josepbus
1451 1632 1757 1722 Jarnicb‚
1809 1632 2232 1707 Parochialis
2265 1631 2632 1706 Ecclesiae
2684 1629 2785 1707 St.
2820 1632 2987 1724 Viti,
3038 1630 3337 1708 Modesti
3390 1643 3510 1708 at-

176 1754 318 1830 que
372 1731 819 1810 crescentiae
866 1735 959 1809 Μ.
1003 1734 1095 1808 Μ.
1169 1734 1493 1810 fundatae
1563 1738 1633 1808 in
1702 1733 2014 1809 inferiori
2064 1735 2426 1811 vidovecz
2478 1735 2763 1827 Rector‚
2813 1735 3180 1812 Dioecesis
3233 1737 3512 1832 Zegre-

176 1835 469 1929 biensis,
520 1842 591 1912 in
642 1839 969 1912 Districtu
1018 1838 1293 1913 Insulae
1349 1842 1523 1913 intra
1575 1839 1881 1913 Dravum
1928 1848 2000 1915 et
2029 1838 2292 1912 Moram
2349 1840 2735 1929 existentia,
2789 1849 3045 1914 testor:
3102 1862 3213 1914 me
3259 1844 3328 1914 in
3363 1840 3513 1913 Pa-

180 1939 421 2014 rochia
474 1963 630 2014 mea
702 1941 956 2015 nullum
1024 1939 1283 2015 habere
1336 1942 1806 2017 Poenitentem
1859 1941 2284 2038 Hungarum‚
2354 1942 2640 2038 solaque
2708 1942 2939 2038 lingna
2993 1941 3310 2017 Oroatica
3364 1942 3513 2017 Sa-

172 2054 531 2117 cramenta
584 2044 1057 2118 Poenitentiae
1110 2055 1183 2119 et
1231 2044 1642 2119 Matrimonii
1696 2050 1823 2119 dcc.
1878 2046 2355 2120 administrare
2401 2055 2474 2119 et
2506 2043 2808 2120 Verbum
2860 2046 2992 2121 Dei
3039 2045 3300 2144 Populo
3343 2069 3505 2122 meo

172 2146 612 2243 praedicare,
683 2170 932 2245 meque
986 2148 1208 2223 solum
1261 2171 1426 2224 esse
1477 2171 1721 2224 verum
1776 2147 2099 2223 Ornatam
2153 2160 2225 2224 et
2287 2171 2427 2222 non
2478 2148 2897 2242 Hungarum.
3002 2147 3094 2222 Et
3161 2153 3230 2224 in
3305 2149 3510 2225 fidem

172 2248 560 2347 subscripsi
628 2274 716 2323 ac
767 2251 1009 2348 Sigillo
1079 2273 1240 2325 meo
1291 2255 1727 2327 communivi.
1835 2252 1911 2325 ln
1966 2251 2171 2326 Curia
2241 2274 2396 2324 mea
2460 2250 2842 2326 Parochiali
2894 2252 3007 2326 die
3063 2252 3184 2326 15.
3239 2252 3504 2328 Mensis
3653 2252 3660 2258 ’

174 2352 586 2427 Decembris
641 2355 847 2429 Anno
897 2356 1171 2428 Domini
1246 2354 1471 2428 1701.

489 2481 799 2559 Joannes
849 2484 1196 2580 ,Iosephus
1246 2482 1553 2573 samieh,
1604 2485 1968 2560 Ecclesiae
2023 2483 2445 2558 parochialis
2498 2485 2570 2557 S.
2618 2483 2692 2557 S.
2736 2484 2901 2574 Viti,
2956 2483 3254 2561 Modesti
3306 2495 3513 2581 atque

170 2584 627 2661 Crescentiae
678 2585 769 2660 M.
823 2586 915 2660 M.
972 2587 1294 2663 fundatae
1350 2586 1609 2662 Rector
1661 2611 1748 2661 m.
1801 2610 1865 2684 p.
2071 2626 2081 2636 ·

1694 2718 1800 2806 (L.
1877 2714 1993 2810 S.)

496 2871 651 2967 Ego
714 2871 1101 2968 Stephanus
1153 2870 1513 2960 Prekreth‚
1576 2872 1997 2946 Parochialis
2049 2871 2413 2945 Ecclesiae
2485 2871 2977 2945 Sanctissimae
3029 2871 3372 2946 Trinitatis
3444 2875 3515 2946 iu

16 2975 17 3008 ³
176 2973 538 3049 Praesidio
610 2976 879 3068 Legrad
946 2975 1268 3049 fundatae
1340 2975 1624 3065 Rector‚
1697 2976 2064 3050 Dioecesis
2116 2973 2631 3070 Zagrabiensis‚
2700 2978 2770 3048 in
2823 2972 2959 3048 fine
2983 2971 3286 3049 'Insulae
3337 2980 3511 3049 intra

179 3077 489 3151 Dravum
545 3090 616 3152 et
666 3078 928 3152 Muram
984 3081 1371 3168 existentis,
1442 3088 1697 3154 testor:
1771 3101 1883 3151 me
1955 3081 2024 3151 in
2087 3076 2422 3150 Parochia
2475 3099 2631 3149 mea
2685 3079 2965 3178 alternis
3019 3077 3262 3154 diebus
3315 3078 3514 3153 festis

16 3187 17 3208 ³
180 3190 259 3254 et
323 3181 706 3255 Dominicis
778 3185 953 3275 (tam
1027 3181 1311 3256 verbum
1365 3183 1525 3272 Dei,
1604 3204 1805 3279 quam
1874 3181 2345 3254 Poenitentiae
2417 3191 2489 3254 et
2550 3179 2964 3254 Matrimonii
3035 3181 3512 3268 Sacramenta,

178 3288 390 3360 toties
459 3289 746 3383 quocies
815 3289 1203 3361 necessitas
1258 3287 1561 3377 occurit)
1632 3284 2135 3374 administrare,
2198 3306 2446 3380 meque
2514 3286 2735 3380 ipsum
2790 3306 2955 3358 esse
3007 3282 3303 3357 Natione
3355 3282 3515 3356 Un—

174 3411 449 3484 garnm.
521 3388 610 3462 Et
660 3392 729 3462 in
784 3387 988 3462 fidem
1041 3387 1418 3485 subscripsi
1488 3411 1575 3461 ac
1627 3386 1870 3483 Sigillo
1924 3409 2084 3460 meo
2138 3389 2575 3461 communivi.
2680 3387 2927 3460 Datum
2979 3389 3049 3458 in
3100 3383 3303 3459 Curia
3356 3408 3516 3460 mea

179 3491 568 3566 Perochiali
622 3492 734 3567 die
791 3493 911 3565 15.
964 3491 1228 3567 Mensis
1267 3489 1670 3565 Decembris
1707 3491 1912 3565 Anno
1969 3488 2193 3563 1701.

180 3724 245 3798 R
292 3734 405 3799 oto
496 3622 684 3696 Idem
766 3626 881 3719 qui
961 3643 1162 3718 supra
1254 3620 1618 3697 Ecclesiae
1698 3620 2196 3698 Sanctissimae
2272 3617 2617 3692 Trinitatis
2694 3619 2765 3690 in
2840 3617 3112 3713 Legrad
3190 3616 3518 3692 fundatae

246 3747 291 3798 e
405 3747 445 3799 r
495 3748 583 3798 m.
636 3748 701 3822 p.

1694 3829 1807 3920 (L.
1882 3828 1994 3914 S.)

495 4009 652 4104 Ego
722 4010 1063 4085 Henricns
1113 4009 1348 4107 Eques
1422 4010 1511 4083 de
1568 4007 2064 4104 Gvaltenberg‚
2135 4008 2364 4102 Regni
2415 4006 2789 4081 Bohemiae
2824 4005 3305 4099 Provincialis‚
3353 4005 3519 4080 Ex-

178 4117 342 4189 cell.
395 4117 481 4189 D.
534 4115 620 4188 D.
658 4114 891 4188 Sacko
941 4112 1063 4187 Im.
1118 4112 1405 4188 Comitis
1459 4112 1548 4186 de
1582 4112 2015 4209 Konigseeg,
2070 4109 2547 4203 Consiliarius‚
2598 4134 2734 4185 nec
2784 4133 2925 4184 non
2974 4110 3243 4184 Excell.
3298 4120 3371 4183 et
3417 4108 3520 4183 Ill.

179 4220 269 4291 D.
313 4218 451 4292 Dni
485 4217 910 4293 Marcbionis
963 4217 1052 4292 de
1104 4217 1289 4306 Prie,
1345 4219 1550 4292 totius
1601 4216 1874 4291 Insulae
1925 4214 2259 4290 Marakoz
2311 4214 2650 4289 bonorum
2703 4211 2790 4287 ab
2842 4215 3033 4288 Arce
3078 4212 3522 4311 Chaktornya

187 4321 713 4420 dependentium
801 4319 1609 4419 Conplenipotentiarius‚
1673 4320 1926 4394 Testor
1995 4320 2513 4418 Suprascriptos
2563 4316 2900 4391 Dominos
2952 4318 3294 4404 Rectores
3344 4338 3522 4392 vere
3605 4357 3620 4368 -

178 4429 256 4500 in
322 4427 842 4523 praenominata
912 4424 1138 4497 Insula
1210 4419 1540 4500 Murakbz
1610 4427 1787 4499 intra
1857 4424 2163 4497 Dravum
2236 4433 2308 4497 et
2357 4421 2620 4495 Muram
2694 4423 2972 4495 omnino
3033 4425 3103 4495 in
3170 4422 3519 4496 territorio

182 4538 260 4603 et
309 4532 734 4625 pertinentiis
789 4528 876 4602 ad
913 4528 1172 4601 Arcem
1209 4526 1604 4626 Chatornya
1656 4527 2150 4626 pertinentibus
2204 4528 2615 4601 commorari
2649 4525 3144 4621 vulgaremque
3179 4549 3266 4599 ac
3310 4545 3519 4597 com-

184 4655 460 4707 munem
530 4634 830 4729 lingnam
886 4654 1050 4707 esse
1103 4629 1490 4705 Croaticam
1545 4655 1670 4706 seu
1727 4631 2235 4707 Sclavonicam.
2339 4630 2418 4704 ln
2489 4631 2687 4724 cujus
2755 4633 2861 4703 rei
2912 4629 3243 4722 majorem
3310 4625 3519 4703 fidem

182 4758 303 4810 me
354 4739 628 4834 propria
682 4759 885 4810 mann
939 4735 1277 4833 subscipsi
1330 4745 1401 4809 et
1445 4735 1688 4831 Sigillo
1725 4759 1886 4812 meo
1939 4736 2378 4813 communivi.
2485 4730 2973 4832 Cbaktornyae
3026 4730 3151 4807 20.
3202 4730 3524 4806 Decem-

184 4837 329 4914 bris
394 4839 621 4914 1701.

497 4943 839 5019 Henricus
891 4944 981 5018 de
1035 4940 1504 5040 Gvaltenborg
1554 4965 1643 5016 m.
1677 4967 1742 5044 p.

1695 5098 1807 5191 (L.
1878 5096 1998 5192 S.)

182 5251 913 5323 ΙιΑοὼΑιςιιιιΙιιιοιιι-
948 5247 2534 5320 Flumenta-‚inArcblchessniCreetiaem
