3950 5917
3327 405 3478 486 453
3502 398 3506 403 ’

1656 707 1707 768 Α
1756 717 1933 788 ter-90
1959 735 1981 768 .-

1329 947 1487 1022 ffion
1540 944 1734 1025 §mim
1791 959 1915 1021 uus
1969 950 2076 1022 het
2127 945 2390 1045 assnigt.
2461 947 2656 1046 hung.
2710 949 3143 1048 ᾥοῐιᾰαιιὸῐεί

469 1177 837 1274 Spectabili
891 1202 975 1251 ac
1025 1145 1394 1273 magnifico
1469 1177 1715 1251 Comiti
1771 1179 2145 1252 Francisco
2210 1179 2297 1252 de
2351 1178 2656 1272 Nadasd,
2722 1151 3118 1275 Regnorum
3173 1183 3480 1257 Nostro-

148 1304 304 1355 rum
359 1281 770 1370 Dalmatiae,
872 1280 1190 1355 Oroatiae
1247 1285 1312 1353 dc
1364 1281 1782 1355 Sclavoniae
1834 1282 2054 1371 Bano,
2129 1280 2662 1378 Eorundemque
2732 1287 2826 1356 uti
2899 1289 2964 1357 dc
3017 1282 3480 1360 confiniorum
3622 1313 3634 1327 ’

150 1383 683 1481 Colapianorum
737 1389 806 1458 d:
848 1384 1336 1457 Vunnanorum
1393 1385 1730 1480 Supremo
1787 1381 2188 1480 capitaneo„
2248 1382 2653 1459 Consiliario
2714 1387 2973 1462 Nostro
3026 1387 3302 1462 Actuali
3352 1389 3479 1463 In-

148 1491 349 1576 timo.‚
405 1487 728 1561 Generali
767 1486 999 1583 Campi
1053 1487 1537 1576 mareschallo,
1592 1492 1790 1561 unius
1844 1486 2168 1583 Legionis
2223 1487 2518 1563 Nostrae
2562 1489 2919 1584 Equestris
2953 1487 3234 1564 Militiae
3273 1491 3480 1566 Hun-

149 1593 465 1684 garicae.,
543 1588 828 1663 duorum
902 1601 1259 1686 praeterea
1330 1590 1756 1664 Pedestrium
1829 1594 1893 1662 dc
1945 1594 2143 1664 unius
2197 1590 2554 1687 Equestris
2621 1591 3053 1687 Regiminum
3124 1593 3480 1668 Banalium

153 1691 547 1782 Colonono,
603 1693 877 1767 Ordinis
927 1692 1161 1767 Nostri
1215 1692 1522 1765 Militaris
1574 1691 1871 1786 Magnae
1928 1691 2168 1768 Crucis
2220 1694 2472 1790 Equiti,
2511 1692 2959 1769 comitatuum
3014 1700 3175 1769 item
3213 1695 3480 1771 Coma-

150 1798 524 1870 romiensis
579 1796 945 1892 Perpetuo,
1019 1795 1343 1869 Albensis
1394 1818 1568 1869 vero
1623 1796 1959 1891 Supremo
2018 1794 2289 1885 Comiti‚
2358 1820 2492 1870 nec
2542 1820 2681 1870 non
2733 1797 3036 1872 Tabulae
3089 1799 3362 1872 Banalis
3417 1804 3483 1872 ά.

151 1895 441 1992 Consilij
498 1898 729 1973 Nostri
781 1898 982 1993 Regij
1034 1903 1099 1972 in
1141 1902 1573 1995 praeattact-is
1627 1899 1889 1992 Regnis
1944 1899 2278 1988 Praesidi,
2333 1900 2552 1973 Fideli
2603 1899 2817 1974 Nobis
2873 1905 3146 1977 sincere
3185 1903 3479 1976 Dilecto.

575 2127 937 2200 Varasdini
992 2127 1104 2199 Ex
1157 2127 1331 2198 Offo.

1562 2382 1675 2475 (L.
1749 2383 1864 2474 S.)

150 2660 302 2733 Orig-
335 2662 391 2713 iu
428 2659 659 2713 Archivo
696 2660 864 2728 Regni
900 2659 1161 2713 Croniae.
1198 2658 1327 2711 Acta
1367 2658 1574 2711 Banalia
1612 2677 1665 2712 a.
1696 2662 1849 2716 17⁷3.
1879 2660 1966 2713 Nr.
2002 2661 2090 2713 80.

1552 3308 2075 3392 ccmvn.

1029 3626 1235 3695 Anno
1304 3621 1533 3691 1776.
1602 3622 1718 3693 die
1768 3621 1846 3691 9.
1894 3622 2215 3718 Anqusle‘.
2289 3620 2612 3693 Viennae.

154 3885 697 3970 Resolutio
760 3884 1127 3964 Mariae
1190 3882 1740 3962 Theresiae
1805 3880 1917 3960 de
1981 3879 2425 3961 Flumine
2509 3882 3069 3961 immediate
3133 3877 3482 3986 Regno

155 4021 634 4104 Oroatiae
716 4021 1509 4126 incorporando,
1595 4021 1711 4099 de
1797 4012 2244 4097 Comiatu
2337 4020 3004 4100 Severinensi
3101 4022 3482 4099 consti-

154 4160 533 4239 tuendo
597 4161 912 4263 deque
975 4158 1588 4239 Fluminensi
1652 4167 1943 4262 portu
2018 4155 2590 4263 Tergestini
2685 4161 3003 4236 instar
3092 4157 3483 4261 specia-

316 4296 568 4375 libus
634 4295 1154 4376 favoribus
1220 4296 1877 4400 providendo,
1941 4295 2532 4374 dicasteriis
2602 4298 3328 4374 communicata.

1326 4590 1619 4664 MARIA
1679 4591 2131 4665 THERESIA
2190 4597 2317 4662 ὡς.

483 4797 943 4870 serenissime
986 4796 1142 4867 Dux
1193 4801 1318 4866 ὣς.
1374 4796 1712 4891 Tempore
1769 4798 2040 4872 codemq
2097 4820 2230 4891 quo
2293 4797 2667 4868 clementer
2721 4794 2932 4868 Nobis
2985 4798 3208 4867 visum
3261 4793 3486 4868 fuerat

168 4902 639 4988 constituere„
723 4909 793 4971 ut
870 4899 1116 4971 dehinc
1195 4897 1480 4991 ObJ'ecta
1565 4900 2080 4972 Commcrcialia
2165 4899 2509 4990 (Consilio
2581 4897 3162 4971 Commerciorum
3238 4898 3487 4971 Aulico

163 5004 532 5093 cessante)
588 5006 653 5074 in
709 5001 1197 5075 Haereditariis
1252 5001 1522 5075 Nostris
1578 5002 1960 5074 Provinciis
2036 5026 2158 5097 per
2230 5006 2618 5097 respectiva
2690 5001 2971 5073 Politica
3029 5001 3486 5074 Provincialia

166 5114 245 5180 et
292 5105 541 5179 Aulica
613 5105 994 5179 Dicasteria
1074 5113 1599 5201 pertractentur,
1703 5104 1836 5178 Pro
1888 5103 2199 5179 Materna
2271 5115 2504 5179 nostra
2558 5108 2625 5179 in
2679 5103 2956 5178 Publica
3005 5104 3228 5199 Regni
3283 5104 3486 5177 Hun-

164 5211 410 5305 gariae
465 5218 537 5282 et
586 5208 883 5282 Partium
952 5207 1195 5282 Eidem
1262 5207 1688 5281 adnexarum
1758 5207 2136 5282 Commoda
2191 5220 2258 5282 et
2306 5207 2806 5281 lucrementum
2877 5208 3209 5283 hacteuus
3278 5210 3487 5282 ctiam

164 5310 547 5411 praehabiti
600 5315 669 5386 iu
722 5314 807 5386 iis
861 5308 1274 5386 Commercii
1346 5311 1824 5400 sollicitudine„
1898 5334 1982 5383 ac
2034 5311 2370 5385 Peculiari
2424 5311 2623 5404 hujus
2673 5311 3108 5385 Documento
3162 5334 3254 5387 ex
3309 5308 3486 5385 Gle-
