3950 5917
342 828 515 879 veniae
551 844 710 879 causa
746 830 1159 882 commissionem
1196 830 1364 893 mittit,
1400 830 1485 881 esni
1521 828 1814 896 regnicolas
1849 845 2032 897 parere
2062 829 2216 897 jubet
2261 867 2277 883 .
2348 871 2364 886 .
2434 864 2450 880 .
2523 868 2539 883 .
2574 901 2577 906 ¹
2612 870 3233 886 ........
3339 835 3449 888 305

177 920 283 975 200.
342 901 693 978 Αιιιιιι1626.
749 923 834 973 die
870 923 957 975 24.
994 921 1130 989 Maji.
1184 905 1431 976 Viennse'.
1502 921 1857 977 {ferdinandus
1891 924 1952 977 11.
2006 915 2133 977 Rex'
2169 923 2241 977 SS
2295 935 2350 979 et
2384 924 2492 979 00.
2548 925 2613 979 de
2667 928 3030 982 commissione
3076 915 3249 997 prae-⁸
3416 957 3423 960 -

338 1015 444 1065 sidii
477 1015 788 1068 Petrinensis
824 1031 980 1069 causa
1016 1019 1234 1070 exmissa
1271 1017 1462 1069 edocet
1510 1033 1720 1087 unaque
1754 1018 1971 1071 eosdem
2009 1019 2075 1071 ad
2111 1021 2501 1088 cooperandum
2551 1029 2802 1087 provocat
2872 1058 3232 1076 .....
3329 1012 3453 1077 ’306

175 1108 279 1164 201.
339 1108 480 1160 Anno
521 1109 696 1167 1627.
752 1111 836 1161 die
874 1112 959 1163 20.
995 1111 1130 1177 maji.
1187 1111 1451 1166 Viennae..
1524 1112 1882 1166 Ferdinandus
1916 1112 1978 1166 11.
2031 1113 2142 1167 Rex
2194 1114 2284 1166 SS.
2323 1123 2377 1166 et
2411 1113 2518 1168 00.
2571 1123 2749 1180 notum
2797 1116 2987 1181 reddit,
3036 1132 3097 1169 se·
3126 1107 3236 1169 Ba-
3418 1143 3421 1146 ι

340 1218 451 1254 ιιιιιιι
489 1206 782 1256 nominasse
819 1213 872 1268 et
906 1206 1323 1259 commissionem
1359 1208 1412 1259 iu
1448 1209 1666 1276 negotio
1702 1206 2046 1260 Valacborum
2096 1210 2420 1262 constituisse
2527 1247 3153 1264 ........
3168 1197 3173 1202 ’
3223 1251 3236 1264 .
3342 1212 3452 1265 307

171 1295 278 1350 205.
338 1297 478 1350 Anno
520 1298 675 1354 1680
753 1299 837 1352 die
891 1301 942 1353 5.
979 1298 1234 1352 Octobris.
1287 1301 1616 1355 Ratisbonae.
1688 1300 1814 1354 Jura
1867 1310 1922 1355 et
1971 1302 2247 1371 Privilegia
2307 1304 2559 1369 Valacbis‚
2612 1306 2665 1355 in
2718 1305 2904 1374 Regno
2956 1304 3234 1358 Slavoniae

75 1373 76 1388 ¹
336 1394 462 1444 inter
495 1393 685 1444 Savum
723 1403 776 1445 et
810 1392 1036 1446 Dravnm
1074 1395 1401 1464 degentibus.
1439 1413 1469 1448 a
1506 1397 1652 1466 Rege
1688 1396 2016 1450 Fordinaudo
2052 1397 2112 1452 11.
2150 1413 2396 1450 concessa
2433 1434 3232 1453 ..........
3338 1399 3451 1452 300

173 1484 281 1540 206
341 1487 482 1539 Auno
523 1469 1323 1558 1646 Posqnii.1>rzvssegia
1360 1489 1616 1543 Nobilium
1655 1494 1786 1543 arcis
1823 1492 2006 1545 Kalnik
2078 1524 3233 1549 ..............
3337 1493 3448 1547 318

75 1583 76 1620 3
165 1577 274 1633 2⁰¹1.
331 1580 474 1632 Anno
512 1580 687 1637 1647.
727 1582 810 1635 die
850 1584 930 1638 17.
965 1582 1102 1635 Junii
1139 1584 1361 1638 Posoini.
1431 1585 1786 1639 Ferdinandus
1820 1586 1903 1640 111.
1939 1587 2051 1641 Rex
2077 1587 2262 1656 Regno
2282 1585 2521 1642 croatiae
2554 1595 2606 1639 et
2628 1584 2905 1641 Slavoniae
2942 1589 3009 1641 de
3042 1589 3227 1641 iisdem

269 1725 276 1734 ,
337 1677 384 1726 in
419 1675 938 1730 Romano-catholica
975 1679 1227 1747 religione
1265 1681 1633 1734 conservandis
1666 1680 1902 1736 solemne
1938 1682 2166 1751 diploma
2202 1682 2289 1735 dat
2345 1719 3230 1736 ...........
3338 1684 3449 1736 337

75 1841 76 1852 ¹
167 1764 276 1822 208.
333 1768 479 1823 Anno
517 1771 695 1827 1670.
733 1772 818 1825 die
854 1774 904 1826 6.
939 1774 1178 1843 Augusti.
1230 1774 1478 1829 Viennae.
1559 1775 1852 1852 Leopoldus
1904 1777 2017 1829 Rex
2062 1792 2120 1829 se
2164 1775 2364 1834 Banum
2410 1775 2558 1830 brevi
2601 1778 2980 1829 nominatarum
3017 1777 3236 1846 aliisque
3284 1771 3297 1790 ⁸

334 1865 597 1931 postulatis
632 1865 726 1918 SS.
764 1851 817 1919 et
854 1866 960 1922 00.
996 1869 1282 1923 remedium
1320 1870 1542 1923 laturum
1578 1871 1827 1938 promittit
1913 1906 3232 1925 ................
3338 1873 3453 1938 338

75 1959 76 1994 ³
165 1951 274 2008 209
335 1958 479 2010 Anno
517 1959 700 2015 1671.
734 1961 820 2014 die
858 1964 908 2014 7.
943 1960 1224 2020 Jannuarii.
1261 1964 1510 2016 Viennae.
1582 1964 1877 2032 Leopoldus
1912 1965 2023 2017 Rex
2058 1963 2309 2034 quosdam
2348 1963 2573 2028 Nobies,
2623 1964 2789 2016 Zrinii.
2816 1974 2870 2015 et
2902 1964 3234 2034 Frangepani

333 2055 570 2117 asseclas,
607 2056 660 2106 in
700 2059 913 2125 gratiam
951 2059 1153 2126 recipit,
1187 2059 1348 2129 idque
1385 2058 1476 2113 SS.
1513 2067 1568 2111 et
1603 2058 1710 2114 00.
1746 2068 1924 2113 ιιοιιιιιι
1959 2060 2134 2112 reddit
2180 2100 2195 2115 .
2256 2059 2265 2066 ’
2267 2096 3227 2114 ............
3336 2059 3445 2112 339

75 2157 78 2212 ε
161 2140 272 2196 210.
331 2146 477 2201 Anno
517 2149 692 2205 1673.
731 2151 816 2203 die
854 2154 942 2204 29.
976 2152 1218 2206 Ianuarii.
1256 2153 1507 2206 Viennae.
1577 2152 1910 2225 Prisilegium
1945 2171 1978 2208 a
2011 2153 2279 2222 Leopoldo
2316 2154 2353 2210 1.
2389 2155 2535 2224 Rege
2571 2153 2766 2223 oppido
2804 2152 3085 2219 Cirkveuo‚
3120 2162 3230 2206 tar-

335 2240 443 2306 dius
480 2242 720 2296 Confinio
758 2245 959 2299 militari
995 2248 1076 2300 via
1115 2248 1234 2300 faeti
1268 2250 1620 2317 incorporato,
1658 2264 1963 2302 concessum
1998 2282 3228 2304 ...............
3334 2250 3437 2306 341

159 2328 268 2386 211.
328 2335 474 2388 Anno
514 2339 696 2394 1673.
734 2340 817 2391 die
852 2341 939 2397 30.
973 2339 1112 2393 Julii.
1148 2342 1396 2396 Viennae.
1467 2342 1760 2410 Leopoldus
1814 2344 1925 2397 Rex
1969 2345 2225 2413 stipendia
2275 2359 2371 2413 pro
2406 2343 2708 2397 confiniaria
2745 2343 2919 2395 militia
2956 2344 3232 2411 promittit·

330 2429 784 2487 Locnmtenentem
820 2435 948 2489 Bani
984 2436 1117 2489 ultro
1154 2452 1366 2506 quoque
1402 2453 1497 2528 suo
1533 2437 1709 2490 officio
1745 2437 1891 2508 fungi
1926 2438 2067 2501 vult;
2115 2447 2332 2492 renovat
2352 2454 2507 2491 onem
2560 2437 2849 2506 diplomatis
2883 2439 2950 2490 de
2987 2437 3232 2491 fidelitate

331 2524 634 2580 croatorum
671 2529 894 2597 spondet
951 2549 970 2584 ⁶.
1044 2568 3226 2586 ..........................
3335 2532 3444 2586 344

75 2629 78 2668 ι
159 2611 267 2670 212.
328 2620 474 2675 Anno
512 2623 694 2679 1677
731 2625 814 2678 die
851 2627 900 2679 9.
936 2624 1172 2695 Augusti.
1210 2626 1458 2680 Viennae.
1530 2625 1839 2695 Leopoldus
1858 2628 1968 2680 Rex
2005 2624 2099 2679 SS.
2135 2635 2190 2680 et
2223 2625 2330 2680 00.
2366 2626 2651 2696 significat,
2705 2642 2762 2679 se
2811 2626 3033 2679 necdum
3080 2641 3232 2694 posse

328 2719 458 2769 votis
493 2719 786 2772 eorundem
822 2722 1174 2773 nominatione
1211 2721 1368 2774 realis
1400 2721 1527 2773 Bani
1563 2721 1864 2774 satisfacere
1912 2757 3229 2775 ................
3336 2720 3446 2775 345

157 2801 270 2859 213.
328 2809 475 2863 Anno
513 2812 692 2869 1680.
732 2815 815 2866 die
850 2816 938 2871 27.
971 2814 1177 2884 Aprilis.
1212 2815 1463 2868 Viennae.
1532 2814 1828 2885 Leopoldus
1862 2816 1973 2868 Rex
2009 2815 2106 2872 SS.
2146 2824 2201 2869 et
2234 2814 2341 2869 00.
2379 2815 2627 2880 licuntur,
2663 2824 2720 2867 ut
2755 2831 2859 2884 quo
2897 2815 3090 2882 majore
3124 2831 3230 2868 uu-

330 2921 469 2959 mero
507 2917 692 2960 contra
726 2908 916 2970 Turcas
951 2911 1219 2979 insurgant
1250 2925 1474 2980 seseque
1511 2913 1673 2980 copiis
1709 2910 1982 2965 belliducis
2016 2910 2180 2964 Leslie
2226 2911 2514 2980 adjungant
2603 2943 3228 2966 ........
3334 2909 3445 2962 347

159 2989 269 3049 210.
328 2999 474 3054 Anno
513 3001 692 3059 1681.
731 3003 817 3056 die
855 3006 902 3057 1.
939 3003 1257 3058 Novembris.
1296 3004 1554 3074 Sopronii.
1623 3006 1917 3074 Leopoldus
1951 3006 1991 3062 1.
2040 3007 2154 3062 Rex
2198 3005 2425 3059 Nuncios
2468 3005 2634 3072 Regni
2675 3002 2914 3058 Croatiae
2957 3013 3013 3056 et
3045 3005 3235 3057 Slavo-

328 3098 440 3149 niae
476 3100 530 3150 in
570 3097 752 3152 Diaela
789 3099 953 3169 Regni
988 3100 1286 3169 nungariao
1321 3110 1501 3154 contra
1539 3101 1929 3158 conclusionem
1965 3101 2205 3168 ejusdem
2236 3101 2425 3152 intuitu
2458 3087 2797 3168 Augustanus
2832 3107 2887 3152 et
2933 3099 3236 3153 Helveticae

331 3191 673 3245 confessionis
707 3193 1005 3257 solemniter
1039 3204 1347 3264 protestatos
1383 3196 1541 3249 fuisse
1577 3204 1793 3252 testatur
1821 3228 3230 3250 .................
3336 3192 3449 3250 348

157 3275 269 3334 215.
331 3284 479 3339 Anno
519 3287 821 3344 lesam.
855 3287 994 3344 Julii.
1029 3290 1315 3344 Passaviae.
1385 3290 1682 3360 Leopoldus
1733 3291 1845 3344 Rex
1897 3290 2092 3343 Bauum
2147 3288 2391 3358 requirit,
2446 3296 2505 3339 ut
2555 3303 2661 3359 quo
2709 3288 2929 3355 majores
2973 3289 3150 3355 copias
3181 3289 3236 3338 iu

326 3378 510 3449 Regno
547 3373 798 3452 colligats
819 3399 954 3451 quae
991 3401 1020 3435 a
1056 3384 1233 3438 Turcis
1273 3385 1518 3439 obsessae
1554 3386 1788 3439 Viennae
1823 3387 1876 3438 in
1909 3385 2160 3439 auxilium
2193 3386 2323 3437 mitti
2357 3392 2569 3451 possent
2607 3418 3232 3436 ........
3337 3381 3449 3436 360

154 3464 265 3524 216.
325 3476 475 3529 Auno
513 3476 695 3533 1683.
730 3480 814 3532 26.
849 3477 988 3531 Julii.
1023 3479 1264 3535 Passavii.
1333 3481 1627 3550 Leopoldus
1663 3482 1773 3535 Rex
1807 3481 2085 3535 occasione
2120 3496 2153 3534 a
2185 3478 2363 3532 Turcis
2400 3476 2645 3530 obsessae
2681 3476 3024 3530 vindobonae
3068 3477 3235 3530 maxi·

329 3584 435 3622 mas
469 3587 597 3641 spes
631 3573 685 3624 in
721 3589 1022 3626 succursum
1058 3573 1363 3628 Groatorum
1408 3576 1550 3628 locat
1654 3605 3236 3630 ...................
3342 3571 3445 3626 35¹

152 3655 264 3712 217.
327 3663 481 3718 Anno
519 3661 698 3722 1683.
734 3668 821 3720 26.
858 3666 978 3720 Julii
1033 3667 1276 3723 Passavii.
1345 3669 1639 3740 Leopoldus
1672 3669 1784 3723 Rex
1815 3672 2169 3724 intemeratam
2207 3667 2511 3721 croatorum
2555 3664 2852 3718 fidelitatem
2895 3666 3108 3718 summis
3141 3680 3238 3719 ex-

325 3758 457 3813 tollit
491 3760 754 3827 laudibus,
791 3763 1110 3834 eosdemque
1147 3774 1417 3833 provocat,
1451 3774 1508 3818 ut
1541 3766 1596 3817 iu
1632 3766 1827 3819 unione
1863 3782 1983 3819 cum
2017 3764 2130 3818 aliis
2166 3764 2422 3818 caesareis
2470 3761 2634 3831 copiis
2654 3760 2969 3840 ‘defensioni
3002 3759 3239 3814 Austris-

326 3869 501 3908 carnm
540 3864 597 3909 et
633 3856 798 3926 Regni
836 3855 1073 3912 croatiae
1112 3867 1360 3912 terrarum
1396 3860 1637 3912 studeant
1732 3891 3239 3920 ..................
3343 3854 3457 3909 353

75 3909 78 3978 f
153 3936 267 4000 218.
324 3947 481 4003 Anno
521 3950 700 4007 1688.
738 3950 822 4003 die
858 3952 948 4008 28.
980 3950 1116 4006 Julii.
1154 3952 1397 4007 Passavii.
1466 3954 1761 4022 Leopoldus
1790 3954 1902 4008 Rex
1935 3952 2238 4006 fidelitatem
2281 3950 2584 4006 croatorum
2638 3952 2847 4005 summis
2889 3949 3088 4005 extollit
3122 3950 3239 4003 lan-

75 4087 78 4110 .
327 4041 476 4096 dibus
514 4060 718 4113 eosque
753 4045 819 4098 ad
857 4047 1057 4099 fortiter
1090 4047 1224 4100 bosti
1259 4050 1602 4101 resistendum
1649 4058 1827 4102 monet
1912 4081 3235 4102 ................
3344 4044 3455 4099 35⁴

75 4115 76 4162 ἶ
151 4125 261 4187 219.
322 4137 474 4192 Anno
516 4140 694 4197 1688.
732 4141 784 4194 7.
817 4141 1055 4211 Augusti.
1090 4140 1337 4196 Passavii.
1403 4143 1701 4214 Leopoldus
1736 4143 1847 4197 Rex
1878 4142 2079 4196 Banum
2118 4141 2184 4194 de
2221 4139 2379 4194 modo
2413 4139 2540 4193 belli
2592 4147 2775 4194 contra
2826 4139 3017 4193 Turcas
3062 4147 3118 4191 et
3149 4154 3240 4192 re-

75 4215 76 4220 *
327 4232 496 4303 belles
531 4235 811 4304 ilungaros
845 4229 1072 4304 gerendi
1100 4236 1291 4289 edocet
1395 4270 3241 4292 ......................
3347 4235 3459 4292 356

147 4317 261 4378 m·
319 4329 477 4384 Auno
516 4330 695 4388 1699.
731 4331 816 4384 die
850 4332 902 4386 2.
937 4321 1258 4385 Novembris.
1297 4331 1542 4386 Viennae.
1610 4332 1905 4401 Leopoldus
1939 4332 2057 4386 Rex
2087 4329 2353 4399 probibet,
2409 4344 2479 4382 ne
2514 4328 2738 4393 domini,
2767 4328 2887 4396 jure
2924 4327 3085 4399 gladii
3119 4329 3242 4398 pol-

326 4423 517 4490 lentes,
554 4426 975 4479 malefactoribus
1010 4427 1366 4479 condemnatis
1401 4429 1559 4480 vitam
1594 4427 1790 4480 donare
1827 4434 2161 4497 praesumant
2266 4458 3245 4478 ............
3349 4425 3463 4478 357

148 4507 263 4570 221.
325 4518 478 4574 Anno
519 4520 698 4577 1700.
735 4521 820 4572 die
853 4521 942 4575 22.
976 4519 1225 4577 Januarii.
1261 4521 1515 4576 Viennae.
1583 4521 1875 4591 Leopoldus
1912 4521 2024 4575 Rex
2065 4536 2158 4574 eos
2210 4519 2379 4589 Regni
2431 4518 2708 4572 Slavoniae
2761 4518 2987 4582 incolas,
3042 4521 3134 4588 qui
3185 4519 3239 4572 in

325 4617 491 4674 terris
530 4632 562 4668 a
601 4615 879 4669 'furcarum
915 4616 1145 4669 dominio
1182 4615 1429 4682 liberatis,
1460 4616 1547 4684 jus
1583 4616 1794 4687 aliquod
1829 4617 2170 4686 possessionis
2204 4613 2584 4685 praetendunt,
2638 4628 2812 4668 coram
2848 4612 3243 4683 Neoacquistica
3470 4625 3497 4644 ⁴

327 4711 693 4764 commissione
728 4725 1032 4779 comparere
1059 4711 1217 4780 jubet
1291 4742 2973 4767 ....................
2986 4721 3025 4730 ·“·
3046 4746 3059 4759 .
3133 4746 3150 4761 .
3214 4739 3237 4760 .
3342 4708 3456 4762 35·

75 4809 78 4888 ἦ
151 4793 268 4852 222.
328 4804 482 4859 Anno
520 4804 700 4861 1700.
753 4806 838 4858 die
891 4805 979 4859 30.
1031 4805 1371 4878 Septembris.
1421 4805 1731 4878 Zagrablse.
1801 4804 1989 4860 Comes
2039 4805 2271 4858 Adamas
2324 4803 2391 4858 de
2445 4802 2730 4871 Battbyan‚
2783 4801 3058 4866 Croniae,
3110 4801 3241 4855 Dal-

75 4897 76 4900 ’
325 4901 511 4952 matiae
567 4908 624 4952 et
673 4897 955 4953 Slavouiae
1007 4900 1217 4966 Banna,
1287 4915 1383 4954 suo
1436 4910 1493 4954 et
1543 4917 1753 4954 suorum
1809 4915 2167 4954 successorum
2222 4899 2431 4951 nomine
2479 4913 2595 4951 cum
2650 4897 2742 4949 SS.
2799 4905 2855 4949 et
2906 4896 3012 4951 00.
3068 4896 3238 4967 Regni

328 4991 571 5049 croatiae
606 5004 660 5048 et
693 4995 967 5049 Slavouiae
1019 4997 1207 5050 iutuitu
1251 4996 1466 5064 J'urium‚
1518 4996 1703 5049 iisdem
1753 4995 1843 5049 SS.
1895 5004 1951 5049 et
2003 4992 2110 5048 00.
2172 4996 2227 5047 iu
2280 4991 2518 5047 Conflnio
2564 4992 2766 5046 blilitari
2818 4993 3240 5062 competentium,
3335 5039 3347 5049 .

324 5088 581 5144 solemnia
618 5101 767 5160 pacta
801 5094 896 5145 init
966 5125 3241 5148 ...........................
3345 5086 3461 5142 3⁵0

155 5168 269 5233 ²²3·
326 5183 480 5239 Anno
521 5185 701 5244 1701.
735 5187 821 5242 die
863 5189 945 5242 11.
978 5187 1132 5243 lunii.
1166 5189 1414 5242 Viennae.
1484 5185 1783 5256 Leopoldus
1817 5185 1930 5240 Rex
1963 5200 2129 5239 novas
2161 5183 2345 5237 salium
2381 5182 2616 5237 officinas
2651 5183 2704 5236 ia
2741 5181 2982 5236 croatiae
3030 5190 3085 5234 et
3116 5183 3243 5236 Sla-
3470 5239 3483 5248 ,

328 5283 518 5336 reniae
557 5280 738 5352 Rskuo
777 5285 983 5354 errigit3
1034 5283 1158 5338 salis
1191 5283 1376 5338 marini
1409 5290 1671 5352 questum,
1707 5281 1806 5336 sub
1842 5281 2105 5352 aliquibus
2139 5288 2313 5335 tamen
2348 5276 2753 5347 conditionibus,
2797 5277 3020 5334 liberum
3054 5277 3179 5332 dicit
3228 5315 3241 5330 .
3347 5276 3467 5334 ³⁸2

2951 5457 3034 5523 b}

3227 645 3315 697 Pa
3359 648 3372 661 ²

75 765 76 770 κ
178 733 287 789 202.
345 705 481 785 Anno
519 733 699 790 1626.
751 733 837 788 die
872 735 924 786 6.
958 733 1166 803 Aprilis.
1222 734 1470 787 Viennae.
1542 693 1898 788 Ferdinandus
1933 735 1993 790 11.
2048 734 2158 790 Rex
2208 736 2499 804 aliquorum
2536 738 2863 806 negotiorum
2914 738 3085 807 Regni
3118 739 3273 791 Sia-¹
3320 649 3465 716 Μ
3580 720 3585 724 ’
