3950 5917
458 693 613 750 22⁴.

473 1052 479 1059 .

3606 583 3673 636 Pa

685 659 839 745 Anno
882 690 1054 748 1701.
1090 688 1266 743 nense
1301 687 1598 742 Decembri.
1649 686 1708 740 ln
1743 686 1985 739 Distu-ictu
2019 646 2377 758 ledjurnurje.
2446 679 2665 734 Paroebi
2713 681 2969 733 districtus
3004 678 3345 746 Medjumurje
3387 686 3587 732 testan-
3676 583 3797 652 εἰ..

687 794 789 850 tur,
825 786 878 838 ia
916 786 1103 838 eodem
1142 785 1370 837 districtu
1405 783 1572 836 solam
1605 781 1837 852 linguam
1882 780 2161 833 croatieam
2214 778 2399 847 vigere
2455 784 2509 828 et
2558 777 2613 828 in
2667 775 3105 829 administratione
3155 779 3593 826 sacramentorum

685 879 943 950 verbique
979 879 1140 933 divini
1175 879 1568 932 annuntiatione
1604 874 1841 929 adbiberi
1915 903 3590 928 ....................
3693 866 3803 922 363

691 974 846 1028 Anno
885 973 1061 1030 1708.
1098 974 1184 1027 die
1226 974 1309 1025 15.
1341 972 1499 1027 Junii.
1534 970 1783 1024 Viennae.
1852 968 2147 1039 Leopoldus
2192 967 2303 1020 Rex
2336 965 2609 1028 Valaebos,
2662 961 2797 1018 in'ter
2831 964 3012 1029 Unam,
3049 962 3280 1031 Colapim
3316 971 3372 1015 et
3404 961 3592 1014 Savum

687 1067 876 1123 fluvios
911 1070 1182 1136 degentes,
1217 1068 1385 1136 Regni
1421 1064 1657 1119 Croatiae
1681 1063 1917 1133 Banique
1945 1063 2285 1131 jurisdictioni
2319 1059 2529 1129 subjicit
2551 1077 2614 1113 ae
2640 1059 3030 1128 Capitaneatum
3052 1057 3398 1110 Petrinensem
3417 1055 3592 1109 abolet
3692 1055 3803 1109 360

470 1162 616 1219 228.
686 1165 838 1216 Anno
875 1162 1050 1219 1704.
1087 1163 1171 1216 die
1213 1162 1292 1215 18.
1328 1161 1573 1215 Januarii.
1608 1159 1665 1213 ln
1701 1160 1897 1228 oppido
1932 1156 2165 1210 Miskolz.
2234 1155 2275 1209 1.
2329 1153 2493 1224 Copia
2545 1155 2826 1209 litterarum
2884 1153 3134 1222 Principis
3180 1152 3441 1204 Francisci
3485 1151 3592 1204 Ra-

687 1258 877 1326 koczy,
915 1259 1104 1327 quibus
1139 1256 1235 1310 88.
1270 1264 1325 1309 et
1361 1254 1468 1311 00.
1505 1254 1676 1324 Regni
1711 1253 1950 1306 Croatiae
1987 1255 2040 1304 in
2075 1268 2196 1304 suas
2231 1259 2403 1320 partes
2437 1250 2688 1326 inducere
2723 1250 2897 1301 nititur
2968 1285 3588 1304 ........
3693 1246 3805 1316 369

505 1381 576 1393 -
682 1352 835 1406 Anno
873 1352 1048 1409 1704.
1086 1351 1172 1404 die
1208 1352 1294 1406 25.
1328 1348 1571 1403 ianuarii.
1609 1348 1667 1402 ln
1708 1346 1897 1401 Castris
1932 1345 2294 1399 Ormosdinum
2329 1346 2465 1400 inter
2500 1353 2553 1406 et
2587 1343 2943 1397 Varasdinnm.
3012 1343 3074 1397 11.
3110 1343 3484 1411 Responsoriae
3503 1340 3591 1439 88.

690 1456 744 1499 et
779 1445 889 1501 00.
925 1447 1182 1511 Croatiae,
1220 1446 1370 1498 datae
1407 1445 1629 1513 Principi
1665 1442 1942 1496 Franciseo
1979 1439 2227 1516 Rakoczy
2265 1474 3590 1491 ................
3698 1437 3798 1491 371

471 1539 616 1597 227.
688 1543 840 1594 Anno
879 1542 1054 1597 1704.
1091 1541 1175 1593 die
1212 1541 1262 1593 8.
1299 1539 1586 1592 Februarii.
1624 1538 1874 1592 Viennae.
1944 1534 2239 1605 Leopoldu's
2293 1531 2402 1586 Rex
2458 1532 2549 1586 88.
2588 1541 2639 1585 et
2675 1531 2784 1585 00.
2837 1533 3005 1602 Regni
3054 1530 3291 1637 Croatlae
3339 1531 3403 1583 ad
3441 1529 3595 1581 fidem

690 1637 994 1688 servandam
1032 1644 1086 1687 et
1120 1634 1187 1686 ad
1223 1650 1363 1686 arma
1400 1641 1578 1685 contra
1612 1630 1837 1685 rebelles
1871 1631 1925 1682 in
1961 1630 2226 1698 Hungaria
2272 1628 2574 1681 summenda
2620 1627 2791 1680 hortat
2886 1662 3595 1680 .........
3700 1625 3807 1678 372

476 1729 619 1786 228.
686 1731 842 1783 Anno
879 1729 1056 1785 1704.
1092 1729 1143 1781 5.
1178 1728 1316 1780 Julii.
1351 1726 1601 1779 Viennae.
1657 1725 1951 1793 Leopoldus
1987 1724 2098 1776 Rex
2132 1722 2432 1777 fidelitatem
2469 1722 2555 1775 88.
2592 1719 2649 1775 'et
2685 1720 2794 1778 00.
2828 1723 2997 1792 Regni
3035 1720 3273 1774 Croatiae
3319 1729 3372 1773 et
3407 1719 3596 1773 Slavo·

695 1825 814 1876 niae
850 1823 1026 1876 laudat
1061 1831 1116 1874 et
1148 1822 1596 1874 conservationem
1632 1819 1922 1872 libertatum
1960 1826 2015 1871 et
2041 1818 2234 1885 jurium
2270 1817 2557 1870 eorundem
2594 1816 2682 1869 88.
2720 1827 2773 1869 et
2808 1815 2917 1871 00.
2953 1816 3178 1886 spondet
3231 1853 3586 1869 .....
3700 1815 3808 1867 374

477 1915 648 1986 229„
693 1918 845 1969 Anno
883 1916 1054 1971 17⁰5.
1094 1915 1179 1968 die
1218 1916 1303 1969 14.
1339 1914 1475 1981 maji.
1513 1914 1760 1975 Viennae.
1830 1911 2089 1980 Iosephus
2139 1912 2177 1965 1.
2227 1911 2337 1963 Rex
2383 1927 2440 1963 se
2476 1920 2593 1980 post
2628 1920 2846 1964 mortem
2881 1912 3040 1980 patris
3074 1913 3153 1962 sui
3186 1910 3425 1962 thronum
3464 1926 3595 1961 con·

476 2195 621 2253 280.

477 2289 621 2348 281.

479 3991 621 4048 289.

481 4180 621 4237 240.

478 4369 619 4458 an.

691 2012 955 2074 seendisse
991 2010 1080 2062 88.
1118 2018 1171 2062 et
1203 2008 1310 2063 00.
1347 2009 1513 2079 Regni
1551 2007 1788 2062 Croatiae
1825 2009 2063 2071 nunciat3
2118 2006 2438 2076 eosdemque
2492 2005 2580 2060 88.
2637 2016 2689 2059 et
2726 2005 2833 2060 00.
2890 2008 2957 2060 ad
3004 2005 3302 2058 fidelitatem
3345 2005 3591 2068 hortatur,

691 2121 785 2157 sna
822 2120 887 2157 ex
923 2114 1068 2173 parte
1106 2105 1552 2157 conservationem
1582 2104 1775 2168 jurium
1814 2111 1869 2155 et
1901 2101 2193 2155 libertatum
2227 2102 2577 2171 promittendo
2616 2136 3595 2157 ............
3700 2098 3813 2151 375

690 2198 843 2251 Anno
881 2198 1054 2254 1706.
1091 2199 1176 2251 die
1211 2200 1299 2253 25.
1334 2197 1473 2266 maji.
1507 2198 1759 2251 Viennae.
1826 2196 2085 2266 Josepbns
2122 2197 2230 2250 Rex
2254 2196 2445 2258 ,fidelia
2481 2195 2787 2249 croatorum
2823 2197 3028 2262 servitia
3072 2195 3247 2247 laudat
3321 2236 3332 2247 .
3405 2233 3419 2247 .
3493 2232 3507 2245 .
3578 2232 3593 2246 .
3699 2192 3811 2245 377

680 2293 847 2363 ‚Anno
884 2292 1056 2350 1706.
1096 2293 1179 2346 die
1216 2293 1266 2346 3.
1303 2291 1625 2345 Novembris.
1660 2292 1908 2352 Viennae.
1981 2291 2240 2360 Josephus
2287 2290 2328 2345 1.
2374 2291 2484 2343 Rex
2536 2289 2765 2356 Croatas,
2820 2294 2909 2361 qui
2961 2289 3207 2342 Rakoczii
3258 2290 3598 2342 incitamentis

694 2389 1007 2450 restiterunt,
1044 2387 1113 2440 ob
1151 2403 1330 2440 eorum
1369 2386 1669 2440 fidelitatem
1706 2387 1882 2439 laudat
1917 2422 3592 2440 ....................
3692 2382 3813 2434 378

692 2480 846 2533 Anno
882 2480 1041 2537 1708
1095 2482 1181 2534 die
1215 2482 1304 2535 21.
1340 2481 1665 2534 Novembris.
1702 2481 1953 2536 Viennae.
2023 2480 2281 2551 josephus
2315 2480 2354 2535 l.
2392 2481 2502 2534 Rex
2537 2481 2701 2546 Bano,
2736 2482 2789 2532 in
2826 2479 3090 2550 Hungaria
3129 2478 3329 2531 bellicis
3375 2479 3596 2546 negotiis

694 2585 972 2646 occupato,
1008 2577 1444 2629 locumtenentern
1496 2576 1585 2628 dat
1656 2610 3590 2630 .......................
3700 2573 3811 2624 379

694 2670 849 2724 Anno
887 2668 1062 2726 1708.
1100 2671 1184 2722 die
1219 2670 1307 2724 26.
1341 2668 1666 2722 Novembris.
1701 2669 1950 2723 Viennae.
2019 2667 2278 2738 Iosephus
2313 2668 2352 2721 1.
2386 2669 2499 2723 Rex
2533 2684 2565 2722 a
2599 2668 2745 2722 Bano
2779 2672 3105 2723 sonstitutum
3142 2668 3595 2722 Locumtenentem

692 2763 939 2816 Banalem
973 2766 1026 2816 in
1064 2764 1162 2816 hae
1199 2763 1448 2833 dignitate
1484 2764 1754 2817 confirmat
1824 2801 3586 2819 .....................
3702 2763 3825 2819 381-

692 2857 848 2911 Anno
884 2858 1060 2914 1712.
1099 2860 1183 2912 10.
1219 2858 1356 2927 Haji.
1389 2858 1640 2912 Viennae.
1712 2857 1928 2912 Carolus
1960 2856 2051 2911 m.
2084 2858 2195 2911 Rex
2224 2857 2291 2911 de
2322 2859 2569 2912 fidelitate
2587 2857 2892 2913 croatorum
2909 2860 3115 2911 noviter
3131 2857 3366 2922 edoctus,
3385 2858 3595 2910 eosdem

695 2952 762 3004 de
799 2953 1167 3006 conservandis
1202 2968 1383 3006 eorum
1413 2953 1621 3021 juribus
1656 2962 1710 3006 et
1745 2952 2069 3006 libertatibus
2103 2956 2356 3007 certiores
2390 2953 2563 3007 reddit
2622 2990 3597 3008 ............
3703 2952 3827 3005 383

698 3047 853 3100 Anno
892 3047 1066 3103 1714.
1102 3047 1186 3099 die
1218 3049 1308 3103 22.
1340 3046 1498 3103 Junii.
1532 3048 1782 3103 Viennae.
1853 3046 2069 3102 Carolus
2121 3047 2205 3102 m.
2258 3048 2369 3101 Rex
2421 3049 2544 3102 salis
2593 3051 2776 3101 turciei
2834 3064 2984 3102 usum
3037 3051 3088 3100 in
3142 3047 3323 3117 Regno
3363 3047 3597 3100 Croatiae

696 3141 955 3210 probibet,
993 3144 1228 3195 maritimi
1263 3158 1390 3195 vero
1428 3143 1673 3195 coneedit
1742 3181 2108 3197 .....
2150 3131 2157 3140 “
2182 3179 3592 3199 .................
3704 3143 3815 3198 384

692 3235 847 3288 Anno
886 3236 1059 3292 1720.
1098 3236 1182 3290 die
1217 3237 1306 3291 28.
1340 3237 1577 3307 Augusti.
1613 3237 1861 3295 Viennae.
1933 3236 2151 3292 Carolus
2185 3219 2415 3294 nunu
2450 3247 2773 3292 contractum
2793 3275 2812 3305 ,
2858 3241 2992 3291 inter
3040 3237 3305 3291 Cameram
3341 3237 3599 3290 luterioris

691 3330 930 3384 Austriae
965 3339 1020 3385 et
1054 3330 1292 3386 Croatiae
1326 3331 1498 3386 Status
1531 3334 1734 3386 ratione
1768 3316 2029 3387 bonorum
2063 3333 2836 3402 Zriujiano-Frangepaniorum
2871 3335 3105 3398 inuitum,
3156 3334 3424 3387 confirmat
3495 3372 3508 3385 .
3582 3371 3597 3384 .
3662 3352 3684 3364 ·
3706 3333 3827 3386 386

613 3467 624 3479 .
695 3425 850 3478 Anno
887 3425 1063 3482 1721.
1118 3427 1203 3479 die
1239 3428 1327 3484 20.
1362 3427 1499 3494 maji.
1551 3427 1608 3479 ln
1645 3436 1814 3480 castro
1867 3427 2194 3497 Laxenburg.
2266 3427 2482 3513 Carolus
2517 3427 2600 3480 111.
2653 3428 2764 3483 Rex
2809 3430 3052 3493 mandat,
3106 3435 3163 3479 ut
3214 3427 3384 3506 §tatus
3434 3426 3599 3479 Cros-

695 3521 800 3572 tiae
837 3537 992 3573 unam
1047 3521 1328 3574 alteramve
1385 3521 1647 3590 legionem
1700 3522 1916 3576 militum
1962 3526 2170 3576 aestivis
2218 3522 2482 3575 mensibus
2516 3531 2821 3590 sustentent,
2858 3524 2944 3576 vel
2982 3525 3175 3578 50.000
3214 3523 3326 3577 flor.
3362 3524 3462 3574 hoe
3498 3539 3599 3575 no-

691 3617 831 3667 mine
884 3615 1088 3668 solvant
1157 3656 3246 3676 .........................
3271 3656 3278 3663 -
3320 3660 3335 3673 .
3408 3659 3419 3672 .
3493 3659 3506 3672 .
3578 3655 3593 3669 .
3705 3618 3818 3674 391

689 3709 846 3763 Anno
883 3709 1058 3766 1721.
1096 3710 1179 3762 die
1219 3715 1304 3766 17.
1340 3710 1477 3777 Haji.
1513 3711 1761 3767 Viennae.
1836 3710 2051 3764 Carolus
2084 3708 2170 3763 111.
2204 3710 2314 3763 Rex
2348 3673 2598 3781 angustiis
2634 3713 2819 3766 aerarii
2854 3729 3081 3781 pressus,
3108 3713 3329 3778 ordinat,
3359 3720 3414 3765 ut
3432 3711 3597 3765 Croa-

688 3805 793 3857 tiae
829 3804 1000 3856 Status
1034 3821 1192 3857 unam
1228 3805 1510 3864 alteramve
1546 3805 1810 3876 legionem
1845 3807 2060 3859 aestivis
2094 3806 2358 3860 mensibus
2392 3814 2712 3872 sustentent,
2748 3816 2839 3861 aut
2874 3809 3069 3862 50.000
3104 3808 3218 3860 lior.
3254 3807 3355 3859 hoc
3389 3810 3600 3860 nomine

692 3898 915 3965 solvant,
949 3907 1228 3968 speratque
1264 3901 1435 3953 Status
1472 3899 1711 3955 Croatiae
1747 3901 1884 3955 bane
1918 3901 2154 3969 ejusdem
2190 3902 2570 3955 ordimtionem
2604 3918 2700 3956 auo
2735 3918 2948 3956 assensu
2983 3903 3292 3973 probaturos
3326 3917 3442 3954 esse
3499 3940 3513 3953 .
3584 3940 3599 3954 .
3709 3903 3835 3957 393

690 3993 844 4046 Anno
882 3994 1055 4050 1724.
1093 3993 1178 4046 die
1217 3998 1301 4052 11.
1335 3994 1542 4064 Aprilis.
1578 3995 1827 4052 Viennae.
1899 3994 2119 4050 Carolus
2152 3995 2235 4049 m.
2273 3995 2384 4049 Rex
2417 3996 2627 4050 modum
2662 3997 2899 4050 solvendi
2931 4014 2963 4050 a
3000 3996 3090 4051 88.
3126 4005 3179 4068 et
3213 3993 3320 4051 00.
3357 3998 3602 4063 assumpti

693 4088 909 4143 subsidii
945 4090 1173 4142 militaris
1209 4089 1519 4143 determinat
1565 4128 3599 4149 ........................
3710 4093 3829 4146 394

691 4184 845 4237 Anno
882 4183 1057 4241 1724.
1094 4184 1179 4237 die
1218 4187 1303 4240 19.
1337 4185 1545 4253 Aprilis.
1584 4185 1832 4240 Viennae.
1904 4184 2121 4239 Carolus
2173 4184 2255 4241 111.
2307 4184 2418 4239 Rex
2470 4202 2500 4240 a
2537 4185 2629 4240 88.
2664 4194 2718 4239 et
2752 4184 2859 4241 00.
2896 4187 3062 4256 Regni
3101 4186 3357 4246 croatiae,
3394 4196 3448 4240 et
3481 4186 3602 4240 Sia-

689 4280 880 4331 voniae
916 4279 1133 4332 militare
1168 4278 1452 4333 subsidium
1491 4281 1686 4335 24.0oo
1719 4280 1835 4334 flor.
1872 4283 2003 4350 petit
2078 4317 3597 4337 ...................
3712 4284 3837 4339 398

687 4370 843 4425 Anno
881 4372 1056 4429 1725.
1093 4373 1177 4427 die
1214 4375 1264 4425 7.
1299 4373 1459 4426 Junii.
1493 4374 1551 4426 ln
1589 4385 1759 4429 castro
1795 4373 2123 4444 Laxenburg.
2194 4373 2409 4428 Carolus
2444 4373 2529 4431 111.
2562 4375 2675 4430 Rex
2707 4376 2952 4429 Tabulam
2986 4376 3315 4430 Iudiciariam
3363 4393 3457 4446 pro
3492 4376 3599 4430 Re·

691 4482 798 4538 gno
836 4467 1072 4522 Croatiae
1109 4477 1163 4521 et
1199 4469 1477 4523 Slavoniae
1512 4470 1719 4539 regulat
1832 4508 3598 4527 .....................
3711 4474 3824 4527 397

486 4560 626 4617 242.
697 4562 853 4616 Αιιιιο
890 4563 1064 4620 1786.
1103 4563 1187 4618 die
1222 4564 1310 4618 29.
1344 4563 1669 4618 Novembris.
1703 4565 1952 4619 Viennae.
2024 4563 2240 4619 Carolus
2274 4564 2358 4621 ΙΙΙ.
2411 4566 2521 4619 Rex
2574 4567 2663 4621 88.
2713 4575 2767 4619 et
2813 4565 2920 4619 00.
2959 4566 3197 4621 Croatiae
3234 4575 3289 4620 et
3324 4566 3598 4620 Slavoniae

479 4739 621 4807 2⁴3.

483 5037 624 5095 244.

477 5117 490 5150 f

526 5257 588 5268 —-

698 4660 1148 4731 conservationem
1177 4658 1372 4726 jurium
1409 4668 1463 4713 et
1496 4645 1788 4714 libertatum
1825 4659 2103 4729 pollicetur
2191 4698 3603 4718 .................
3714 4663 3839 4715 399

690 4754 847 4806 Anno
883 4749 1058 4810 1738.
1097 4754 1181 4807 die
1216 4756 1303 4810 24.
1340 4755 1520 4810 Har-tii.
1556 4755 1805 4809 Viennae.
1877 4753 2097 4808 Carolus
2147 4753 2233 4808 m.
2287 4754 2399 4809 Rex
2447 4755 2875 4811 communitatem
2911 4756 3405 4829 Siehelburgensem
3440 4773 3470 4810 a
3506 4759 3603 4810 tri·-

698 4849 921 4902 eesimae
956 4852 1323 4918 praestatione,
1360 4851 1535 4919 quoad
1570 4850 1667 4902 sibi
1702 4851 1995 4904 necessaria
2012 4887 2029 4914 ,
2063 4852 2116 4903 vi
2152 4850 2349 4904 obtenti
2401 4850 2468 4905 ab
2523 4852 2707 4906 eadem
2760 4850 3137 4906 Communitate
3189 4852 3478 4923 privilegii,
3535 4853 3604 4904 li-

696 4941 876 4997 beram
925 4945 1050 4997 dicit
1138 4983 2545 5004 .................
2600 5005 2607 5014 ,
2619 4985 3593 5003 ............
3710 4951 3825 5020 401

693 5040 848 5093 Anno
888 5039 1060 5096 1745.
1110 5040 1194 5093 die
1245 5042 1294 5093 1.
1341 5040 1545 5109 Aprilis.
1594 5040 1843 5096 Viennae.
1911 5039 2186 5094 instructio
2233 5032 2609 5098 Commissuriis'
2654 5057 2750 5112 pro
2802 5045 3281 5113 reincorporatione
3338 5043 3602 5098 Inferioris

696 5131 979 5188 Slavoniae
1016 5138 1323 5202 constitutis,
1360 5153 1390 5188 a
1426 5137 1629 5207 Regina
1665 5137 1825 5190 Maria
1858 5135 2100 5190 Tberesia
2142 5136 2260 5189 data
2367 5176 3598 5198 ...............
3713 5143 3835 5199 402

700 5229 854 5282 Anno
890 5228 1065 5285 1745.
1098 5232 1187 5285 27.
1223 5231 1427 5300 Aprilis.
1465 5232 1713 5285 Viennae.
1783 5231 1941 5285 Maria
1993 5222 2235 5285 Theresia
2288 5231 2375 5286 88.
2434 5242 2488 5286 et
2533 5229 2640 5287 00.
2676 5233 2974 5303 Regnorum
3012 5234 3326 5302 Dalmatiae,
3364 5233 3600 5290 Croatiae

685 5333 755 5377 ·et
789 5324 1063 5378 Siavoniae
1101 5323 1439 5380 Comissatios
1479 5342 1571 5394 pro
1607 5328 2085 5396 reincorporatione
2120 5327 2397 5381 Slavoniae
2430 5327 2691 5384 Inferioris
2723 5330 2994 5390 nominare
3021 5329 3177 5399 jubet
3236 5369 3599 5388 .....
3712 5336 3827 5390 411

3720 5495 3735 5528 t
