3950 5917
3288 395 3446 481 231

112 601 439 679 msa
472 605 573 678 in-
599 604 706 680 eis
756 624 886 702 per
914 602 1250 679 emrimla
1299 614 1683 704 temporum
1735 613 2237 702 augmentetur,
2291 625 2420 683 eos
2473 602 2914 702 amplioribus
2963 602 3454 680 munificencia

118 710 323 804 regie
376 706 681 785 brachiis
728 709 1132 806 amplexari,
1211 720 1293 784 vt
1336 714 1409 783 in
1460 710 1613 786 aliis
1667 714 1874 787 etiam
1925 711 2250 806 exemplo
2319 709 2481 784 inde
2533 719 2804 806 sumpto
2856 707 3197 782 fidelitatis
3249 711 3454 804 igni-

118 812 321 885 culus
403 813 842 887 accendatur.
945 812 1245 887 Proinde
1297 813 1384 888 ad
1435 817 1919 895 vniuersorum
1987 818 2295 895 notitiam
2368 813 2610 888 harum
2661 816 2847 888 serie
2890 813 3210 891 volumus
3262 833 3445 908 per·-

124 919 402 1009 uenire,
469 915 690 1012 quod⁸
725 915 1143 993 accedentes
1195 916 1281 990 ad
1335 927 1573 993 nostre
1622 916 2002 993 Maiestatis
2071 921 2505 1015 presenciam
2576 916 2952 1012 Gregorius
3029 915 3319 1013 Dragoy
3371 926 3450 991 et

120 1018 316 1095 Elias
371 1019 713 1117 quondam
764 1020 1095 1112 Padoani,
1170 1020 1707 1096 Ambaxiatores
1761 1032 1835 1094 et
1872 1024 2102 1095 nuncii
2153 1021 2452 1096 fidelium
2505 1032 2900 1096 nostrorum
2940 1019 3316 1093 Rectorum
3370 1028 3450 1094 et

125 1126 510 1198 communis
563 1127 854 1198 ciuitatis
909 1124 1432 1221 Sybiniciensis,
1484 1129 1762 1199 nomine
1817 1136 1888 1199 et
1936 1129 2098 1199 vice
2150 1127 2575 1219 eorumdem,
2630 1124 2968 1222 quoddam
3009 1125 3446 1220 priuilegium

120 1225 475 1323 magnifici
522 1231 657 1302 viri
704 1227 1037 1304 Iohannis
1089 1230 1251 1302 dicti
1305 1227 1521 1321 Ghuz,
1597 1229 1770 1303 Rani
1819 1232 2026 1304 totius
2065 1227 2356 1304 Groacie
2400 1239 2470 1303 et
2503 1228 2884 1321 Dalmacie,
2938 1250 3147 1324 super
3198 1249 3445 1301 eorum

120 1329 580 1422 libertatibus,
631 1330 916 1423 iuribus,
987 1336 1270 1427 graciis,
1323 1331 1818 1407 donacionibus
1872 1343 1943 1407 et
1996 1332 2598 1409 consuetudinibus
2663 1331 3055 1407 confectum
3109 1342 3178 1405 et
3233 1353 3445 1404 ema-—

122 1445 351 1509 natum
433 1435 635 1511 nobis
705 1445 1028 1510 curarunt
1105 1435 1478 1528 exhibere3
1553 1445 1869 1534 petentes
1938 1458 2071 1512 nos
2136 1460 2231 1511 ex
2277 1448 2474 1535 parte
2544 1436 2877 1511 dictorum
2941 1436 3315 1509 Rectorum
3367 1444 3448 1508 et

127 1541 509 1614 eommunis
567 1538 909 1613 humiliter
960 1550 1032 1613 et
1082 1539 1360 1633 deuote,
1427 1550 1507 1616 vt
1556 1545 1777 1638 ipsum
1841 1542 2268 1637 priuilegium
2320 1551 2391 1615 et
2439 1538 2817 1629 libertates,
2884 1542 3061 1631 iura,
3132 1542 3434 1634 graciaS,

127 1641 579 1735 donaciones,
658 1643 1189 1718 consuetudines
1266 1649 1336 1719 in
1390 1667 1478 1720 eo
1533 1666 1939 1741 expressas,-
2013 1654 2403 1741 acceptare,
2481 1642 2891 1742 approbare,
2968 1641 3313 1717 ratificare
3366 1651 3443 1716 et

120 1755 363 1821 nestro
417 1745 856 1842 dignaremur
897 1749 1257 1844 priuilegio
1313 1747 1743 1822 confirmare.
1848 1744 2060 1824 Guius
2097 1747 2382 1847 ⁸quidem
2432 1749 2772 1845 priuilegii
2821 1757 3024 1821 tenor
3075 1757 3184 1821 est
3235 1747 3394 1821 talis
3412 1770 3435 1816 ε

122 1847 263 1926 Nes
315 1849 633 1925 Joannes
687 1850 892 1944 (vide
942 1849 1028 1926 N.
1080 1851 1334 1945 XGV).
1438 1853 1586 1927 Nos
1636 1855 1868 1950 itaque
1918 1850 2372 1949 peticionibus
2424 1852 2884 1949 predictorum
2936 1850 3235 1924 fidelium
3291 1871 3441 1924 no-

124 1963 419 2029 num-um
450 1953 822 2028 Rectorum
862 1965 934 2029 et
969 1953 1387 2047 Communis,
1440 1956 1640 2030 nobis
1690 1978 1819 2053 per
1871 1950 2092 2030 dictos
2146 1977 2384 2029 eorum
2438 1954 2972 2031 ambassiatores
3023 1964 3093 2026 et
3142 1956 3442 2026 nuncios

122 2057 464 2131 humiliter
536 2062 901 2154 porrectis,
980 2058 1352 2133 liberaliter
1402 2062 1727 2151 inclinati,
1798 2071 2174 2156 protactum
2225 2060 2652 2157 priuilegium
2703 2081 2844 2134 non
2897 2058 3240 2150 abrasum,
3291 2078 3438 2133 non

124 2162 601 2253 cancellatum,
671 2186 805 2236 nec
857 2166 926 2235 in
981 2164 1203 2259 aliqua
1269 2167 1371 2238 sui
1442 2174 1635 2261 parte
1688 2167 2037 2253 viciatum,
2106 2161 2538 2261 presentibus
2592 2163 2681 2237 de
2730 2160 2950 2239 verbo
3004 2160 3090 2234 ad
3142 2158 3438 2237 verbum

116 2268 477 2355 insertum,
547 2267 747 2340 simul
798 2289 950 2339 cum
1007 2266 1205 2342 dictis
1259 2289 1496 2341 eorum
1566 2266 2015 2358 libertatibus,
2081 2267 2366 2361 iuribus,
2436 2271 2715 2364 graciis,
2788 2265 3307 2357 donacionibuS,
3361 2276 3434 2339 et

117 2367 727 2445 consuetudinibus
777 2375 849 2444 in
904 2370 1151 2445 eodem
1206 2374 1589 2468 expressis,
1661 2381 2098 2467 acceptamus
2160 2380 2232 2444 et
2282 2370 2371 2444 de
2424 2372 2836 2468 plenitudine
2907 2380 3146 2444 nostre
3195 2368 3434 2443 Maie-

114 2477 311 2547 statis
392 2493 522 2569 pro
574 2473 836 2547 eisdem
898 2473 1309 2549 Rectoribus
1363 2486 1435 2549 et
1487 2472 1843 2548 Communi
1920 2481 2260 2571 presentis
2336 2477 2674 2572 priuilegii
2754 2479 2969 2548 nostri
3045 2477 3432 2570 patrocinio

115 2577 625 2652 confirmamus.
732 2578 808 2650 In
882 2583 1072 2653 cuius
1142 2582 1245 2652 rei
1316 2584 1714 2653 memoriam
1787 2588 2320 2676 perpetuamque
2372 2579 2753 2653 firmitatem
2823 2589 3184 2675 presentes
3238 2598 3432 2651 con-

104 2783 337 2859 fidelis
388 2787 635 2875 nostrl,
700 2784 953 2875 dilecti,
1005 2785 1425 2860 venerabilis
1476 2786 1697 2861 Patris
1746 2785 2023 2860 Domini
2072 2785 2365 2880 Nicolai,
2417 2786 2940 2884 Archiepisoopi
2991 2781 3430 2877 colocensis,

106 2888 273 2961 aule
323 2898 561 2964 nostre
616 2886 1046 2982 Gancellarii,
1099 2889 1315 2964 XVII.
1366 2888 1515 2963 Kal.
1569 2890 1894 2965 Januarii.
1947 2890 2155 2965 Anno
2190 2891 2467 2965 Domini
2514 2890 2804 2966 M.GGG.
2859 2893 3434 2988 quinquagesimo

16 3070 17 3073 ,
106 3002 389 3066 octauo.
458 2988 686 3086 Regni
757 3003 981 3066 autem
1051 2998 1269 3068 nostri
1322 3016 1503 3068 anno
1556 2993 1740 3068 XVI.
1844 2992 2372 3069 Venerabilibus
2426 2999 2493 3068 in
2550 2994 2820 3070 Christo
2874 2993 3212 3085 Patribus,
3261 2993 3435 3067 Do-

16 3174 19 3189 ]
106 3100 309 3169 uinis
352 3095 648 3169 Nicolao
682 3096 1165 3192 strigoniensi,
1219 3098 1489 3194 locique
1543 3098 1854 3173 eiusdem
1907 3098 2174 3172 Gemite
2225 3111 2581 3195 perpetuo,
2635 3110 2706 3172 et
2730 3099 3121 3193 Huggolino
3161 3097 3424 3194 Spala-

16 3204 19 3205 ’
106 3203 285 3273 tensi
338 3200 930 3297 Archiepiscopis,
1001 3201 1290 3274 Nicolao
1344 3203 1697 3297 Agriensi,
1767 3202 2121 3275 Demetrio
2175 3200 2641 3292 Waradiensi,
2711 3201 3001 3276 Nicolao
3057 3201 3430 3297 Quinque-

104 3301 568 3395 Eeclesiensi,
635 3305 997 3379 Dominico
1068 3305 1572 3404 Transyluano,
1646 3303 2026 3379 Golomano
2099 3305 2468 3397 Jauriensi,
2536 3305 2855 3381 Ladislao
2911 3307 3138 3380 electo
3188 3300 3430 3379 Wes-

100 3412 487 3505 primiensi,
523 3408 785 3489 Thema
821 3408 1303 3501 Ghanadiensi,
1337 3408 1703 3509 Mychaele
1738 3409 2124 3502 Waciensi,
2167 3409 2375 3485 Petro
2411 3409 2782 3500 Boznensi,
2819 3409 3163 3500 fratribus,
3216 3408 3426 3482 Tho-

101 3535 208 3585 ιιι
265 3512 687 3609 syrmiensi,
758 3513 1106 3609 Stephano
1161 3513 1486 3589 Nitriensi
1555 3524 1628 3586 et
1684 3513 1919 3589 Blasio
1971 3513 2418 3604 Tinniniensi,
2487 3513 2958 3587 Ecclesiamm
3025 3512 3424 3610 Episcopis,

99 3614 466 3691 Ecclesias
535 3616 667 3690 Dei
738 3616 1033 3691 feliciter
1108 3616 1662 3712 gubernantibus
1768 3616 2155 3712 Magnificis
2224 3621 2396 3693 viris
2463 3616 2753 3692 Nicolao
2807 3617 3032 3691 Konth
3079 3617 3428 3709 Palatino„

100 3721 389 3795 Andrea
440 3720 816 3819 Wayuoda
875 3721 1378 3819 Transyluano,
1443 3720 1639 3819 Gyko
1692 3726 2024 3817 magistro
2072 3722 2607 3796 Tauernicorum
2660 3733 3076 3813 nostrorum,
3150 3718 3422 3795 Gemite

100 3822 393 3899 Rieolno
453 3824 543 3898 de
592 3825 852 3918 Zeech,
928 3825 1175 3900 Iudice
1225 3823 1473 3900 Curiae
1524 3835 1788 3919 nostre,
1857 3824 2151 3900 Nicolao
2201 3825 2289 3899 de
2338 3826 2664 3901 Machow
2713 3827 2933 3915 Bano,
3004 3825 3422 3899 Leustachio

100 3926 293 4003 Bono
372 3932 601 4003 tocius
664 3929 1034 4003 Solanonie
1085 3929 1417 4003 Banatum
1466 3939 1772 4021 tenente,
1829 3928 2095 4003 Gemite
2130 3928 2576 4026 symigiensi,
2628 3931 2957 4004 Tolnensi
2989 3940 3062 4001 et
3093 3929 3422 4020 Albensi,

102 4030 377 4107 Lenkns
448 4033 927 4130 Dapiferorum
1010 4043 1080 4107 et
1155 4033 1668 4124 Pincernarum,
1735 4033 2076 4130 Dyonisio
2146 4031 2582 4127 Agazonum,
2654 4043 2724 4106 et
2792 4033 3051 4106 Thema
3129 4031 3414 4104 Janito-

102 4157 245 4210 rum
296 4147 695 4212 nostrorum
747 4142 1118 4233 magistris,
1174 4160 1260 4210 ac
1311 4138 1646 4235 Symone,
1714 4137 1854 4210 filio
1906 4135 2229 4228 Mauritii,
2297 4133 2564 4210 Gomite
2611 4136 3048 4227 PosoniensI,
3119 4137 3420 4231 aliisque

104 4239 403 4335 phiribns
480 4246 681 4337 regni
749 4245 966 4319 nostri
1043 4245 1403 4317 comitatus
1477 4251 1796 4316 tenentes
1850 4251 1921 4315 et
1962 4242 2289 4316 honores.
2395 4238 2714 4314 Ceterum
2792 4242 3097 4335 graciam
3172 4242 3417 4333 gracia

104 4345 452 4419 annulare
494 4348 841 4438 volenteS,
897 4349 1238 4420 communi
1292 4355 1364 4420 et
1393 4348 1821 4421 Vniuersitati
1876 4344 2264 4442 supradicte
2308 4347 2600 4420 ciuitatis
2636 4341 3133 4442 Sybenicensis
3186 4364 3419 4439 quas-

96 4448 255 4521 dam
304 4454 800 4547 possessiones
852 4460 1152 4541 nostras,
1204 4449 1490 4523 Dazlma
1545 4458 1617 4522 et
1671 4447 1997 4522 Grobona
2046 4459 2364 4541 vocatas,
2436 4452 2619 4522 circa
2672 4447 2950 4523 fluuium
2999 4445 3257 4537 Kerka,
3311 4468 3414 4525 ex

92 4562 294 4650 parte
348 4553 759 4629 occidentali
792 4557 1004 4643 sitas,
1078 4564 1150 4628 et
1202 4557 1406 4628 etiam
1459 4556 1949 4650 possessiones
1996 4552 2285 4647 Neuest,
2356 4550 2623 4650 Gopno,
2688 4550 3075 4626 Peromethi
3130 4562 3202 4624 et
3248 4551 3416 4625 Zit-

90 4655 323 4730 nncha
372 4663 786 4752 nominatas,
857 4682 952 4731 ex
1003 4659 1134 4731 alia
1187 4666 1382 4753 parte
1434 4656 1743 4731 eiusdem
1794 4656 1983 4730 fluuii
2032 4660 2102 4731 in
2152 4656 2503 4749 Dobraue,
2571 4661 2760 4730 iuxta
2814 4653 3107 4729 confinia
3163 4655 3411 4731 distri-

92 4771 245 4835 etus
300 4761 612 4837 eiusdem
666 4766 954 4838 ciuitatis
1010 4765 1417 4856 existentes,
1496 4781 1667 4861 quas
1736 4761 1909 4837 alias
1961 4762 2394 4859 supradictus
2463 4760 2818 4835 lohannes
2885 4758 3118 4833 Banus
3189 4765 3406 4836 certis

95 4864 363 4939 ciuibus
442 4865 624 4940 dicte
677 4870 969 4942 ciuitatis
1018 4888 1147 4963 per
1197 4890 1360 4943 suas
1434 4868 1698 4943 litteras
1751 4865 1841 4941 ob
1896 4889 2133 4942 eorum
2208 4865 2550 4941 fidelitatis
2612 4873 2684 4936 et
2730 4863 3085 4961 probitatis
3162 4869 3410 4937 merita

96 4970 475 5044 wntnlisse
557 4970 954 5064 dinoscitur,
1034 4982 1367 5070 perpetue
1444 4971 1927 5069 possidendas,
2008 4994 2162 5045 cum
2214 4969 2526 5045 omnibus
2598 4988 2832 5042 earum
2884 4967 3279 5044 vtilitatibus
3332 4976 3417 5038 et

94 5078 521 5168 pertinentiis
598 5080 970 5169 vniuersis,
1045 5080 1250 5150 terris
1329 5078 1594 5151 scilicet
1645 5076 1842 5151 cultis
1896 5086 1968 5149 et
2018 5076 2313 5166 incultis,
2392 5062 2633 5171 syluiS,
2706 5073 3127 5162 nemoribus,
3207 5072 3414 5164 aquis

96 5200 561 5277 aquarumque
614 5179 1039 5273 decursibus,
1112 5183 1348 5278 pratis,
1417 5178 1763 5272 fenilibus,
1814 5183 2089 5276 pascuis
2143 5190 2214 5253 et
2266 5179 2416 5253 aliis
2485 5180 2749 5252 cunctis
2802 5176 2888 5249 ad
2939 5179 3126 5298 ipsas
3176 5174 3411 5297 perti-

96 5283 432 5377 uentihus,
514 5287 696 5357 inter
741 5307 953 5358 veras
1006 5294 1223 5359 metas
1278 5294 1348 5358 et
1398 5289 1728 5359 terminos
1784 5283 2173 5356 earumdem
2247 5280 2724 5373 existentibus,
2794 5280 3036 5377 queuis
3103 5280 3412 5351 nominis

92 5388 431 5463 vocabulo
505 5390 854 5482 vocitatis,
923 5410 1016 5464 eo
1062 5393 1239 5479 iure,
1293 5410 1428 5485 quo
1482 5388 1568 5462 ad
1594 5398 1908 5464 nostram
1961 5386 2412 5463 collacionem
2465 5389 2810 5484 pertinere
2836 5374 3263 5560 '1d7ilvloe0fflm'
3308 5380 3412 5459 de
