3950 5917
504 445 661 530 816

1642 949 2200 1025 Articulus
2276 948 2695 1025 Primus.

818 1161 949 1249 Qui
1001 1181 1096 1236 ex
1147 1159 1475 1234 Valachis
1528 1158 1863 1257 stipendia
1915 1168 2208 1246 merent,
2276 1155 2426 1232 Juri
2476 1157 2772 1248 militari,
2822 1166 2897 1232 ut
2945 1156 3190 1253 reliqui
3257 1157 3479 1230 nostri
3555 1157 3828 1251 stipen-

503 1265 701 1342 diarii
752 1270 823 1340 in
875 1263 1189 1340 omnibus
1243 1261 1534 1355 subsint,
1588 1274 1658 1337 et
1708 1286 1835 1338 sua
1886 1266 2116 1338 munia
2186 1260 2478 1336 fideliter
2528 1259 2808 1352 obeant,
2878 1259 3060 1358 quod
3112 1269 3186 1333 et
3232 1258 3322 1333 de
3372 1259 3658 1355 reliquis
3708 1261 3824 1338 iu-

501 1370 977 1468 telligendum,
1029 1370 1144 1466 qui
1194 1368 1358 1443 licet
1408 1367 1745 1465 stipendia
1796 1390 1937 1442 non
1990 1367 2312 1458 habeant,
2382 1365 2816 1441 nihilominus
2891 1365 3204 1440 militaria
3274 1363 3501 1438 munia
3570 1360 3828 1437 obeunt

504 1484 580 1552 et
629 1497 869 1551 eorum
921 1482 1243 1571 respectu
1292 1474 1710 1547 immunitate
1762 1472 1997 1547 donati
2049 1480 2224 1546 suut.

1576 1705 2133 1778 Articulus
2201 1702 2762 1778 Secundus.

826 1910 1213 2010 Vayvodae
1294 1916 1430 1987 sint
1497 1913 1826 1986 militares
1877 1915 2009 1985 viri
2061 1910 2463 1985 illibatorum
2516 1932 2782 1983 morum
2834 1919 2906 1982 et
2944 1913 3128 1983 vitae
3178 1910 3569 2002 integritate
3611 1929 3829 2004 prae-

509 2017 658 2107 diti,
725 2039 810 2090 ac
865 2019 1114 2114 quovis
1183 2020 1578 2113 suspitionis
1655 2019 1827 2091 vitio
1897 2025 2259 2105 carentes3
2331 2017 2391 2090 si
2442 2025 2671 2090 tamen
2722 2035 2892 2087 casu
2943 2034 3348 2110 quocunque
3416 2014 3487 2085 iu
3539 2011 3832 2104 alicujus

508 2122 814 2198 criminis
891 2143 1155 2216 genere
1233 2124 1538 2217 suspecti
1605 2120 2044 2210 haberentur
2121 2120 2241 2193 vel
2312 2122 2519 2193 etiam
2588 2117 2676 2192 de
2746 2116 3126 2191 malefactis
3191 2118 3500 2190 accusati
3574 2113 3834 2202 forent,

510 2247 771 2302 causae
822 2226 998 2302 tales
1068 2246 1302 2298 coram
1355 2223 1734 2321 capitaneo
1786 2224 1905 2297 vel
1953 2225 2116 2297 vice
2169 2220 2542 2320 Capitaneo
2594 2243 2681 2294 ac
2738 2225 2882 2296 suis
2934 2218 3353 2295 officialibus
3404 2216 3832 2306 militaribus,

514 2332 696 2403 inter
749 2351 922 2425 quos
977 2350 1252 2426 semper
1299 2329 1555 2425 aliquot
1606 2338 1678 2402 et
1729 2328 2160 2402 adminimum
2212 2336 2358 2402 tres
2410 2327 2529 2401 vel
2579 2336 2868 2423 quatuor
2897 2324 3287 2422 Vayvodae
3340 2326 3498 2413 sint,
3551 2326 3834 2396 exami-

513 2443 797 2524 nentur,
876 2440 950 2506 et
999 2441 1201 2530 prout
1250 2435 1476 2507 visum
1528 2430 1757 2522 fuerit,
1829 2435 1932 2505 rei
1983 2433 2102 2505 vel
2153 2453 2376 2527 poena
2430 2432 2669 2505 merita
2723 2451 2847 2527 per
2900 2429 3184 2503 eosdem
3239 2426 3643 2518 afficiantur,
3712 2426 3833 2499 vel

512 2537 795 2613 ulterius
847 2535 937 2611 ad
988 2536 1326 2631 Regimen
1377 2534 1693 2610 bellicum
1749 2536 2140 2631 dirigantur.

1524 2770 2286 2843 Articulus
2382 2767 2825 2842 Tertius.

824 2973 1087 3047 Eadem
1141 2978 1407 3048 ratione
1461 2977 1523 3047 si
1572 2973 1962 3071 Vayvodae
2016 2977 2397 3072 quempiam
2476 2997 2571 3048 ex
2622 2979 2766 3049 suis
2819 2975 3156 3048 Haramiis
3236 2975 3524 3048 alicuius
3603 2973 3838 3048 delicti

509 3100 707 3153 reum
758 3077 879 3151 vel
930 3088 1327 3152 accusatum
1397 3076 1779 3166 habuerint,
1858 3076 1927 3150 id
1978 3080 2201 3174 ipsum
2269 3080 2474 3152 etiam
2546 3075 2955 3175 Capitaneus
3024 3080 3144 3153 vel
3193 3075 3840 3173 vice-Capitaneus

510 3201 671 3255 cum
724 3179 1143 3256 officialibus
1195 3180 1591 3255 militaribus
1643 3191 1716 3255 et
1749 3181 2111 3280 Vayvodis
2162 3180 2586 3256 Judicialiter
2634 3185 3055 3274 examinent,
3108 3191 3178 3258 et
3229 3186 3290 3255 si
3343 3182 3670 3256 delictum
3719 3181 3836 3256 le-

508 3289 671 3359 vius
722 3283 950 3374 fuerit,
1000 3289 1068 3358 in
1118 3307 1284 3360 reos
1335 3306 1461 3382 pro
1515 3287 1840 3381 qualitate
1893 3286 2461 3377 animadvertant,
2512 3289 2582 3360 in
2635 3285 3068 3382 gravioribus
3121 3296 3346 3360 autem
3401 3285 3696 3361 eosdem
3753 3285 3840 3358 ad

510 3387 856 3486 Regimen
907 3393 1377 3464 transmittant.

1620 3598 2176 3672 Articulus
2247 3597 2723 3687 Quartus.

826 3804 926 3878 Ita
981 3808 1189 3879 etiam
1240 3813 1564 3880 caeterae
1618 3803 1954 3879 eiusmodi
2019 3804 2176 3880 lites
2229 3827 2476 3882 omnes
2528 3816 2602 3881 et
2652 3802 3190 3882 controversiae
3257 3807 3509 3882 fundos
3562 3830 3656 3882 ac
3705 3808 3842 3881 alin

511 3876 699 3984 bona
749 3906 1119 3983 immobilia
1170 3930 1310 3983 non
1364 3918 1893 3999 concernentes,
1947 3931 2127 4005 quae
2176 3913 2354 3985 inter
2404 3912 2524 3985 vel
2575 3920 2813 3985 contra
2865 3910 3248 4009 Vayvodas
3301 3921 3372 3986 et
3405 3911 3844 3986 Haramiales

513 4013 831 4109 aliosque
885 4033 1126 4086 omnes
1180 4013 1580 4088 salarisatos
1632 4013 1882 4088 milites
1934 4024 2163 4087 motae
2215 4014 2493 4105 fuerint,
2553 4018 2976 4112 praescripta
3047 4018 3314 4090 ratione
3386 4037 3842 4110 cognoscan-

515 4124 628 4189 tur
677 4126 749 4190 et
783 4115 1195 4190 dirimantur.
1286 4115 1479 4205 Quae
1533 4126 1758 4191 autem
1813 4119 2000 4190 circa
2051 4117 2301 4193 fundos
2356 4119 2663 4216 aliasque
2715 4141 2833 4195 res
2887 4119 3268 4194 immobiles
3321 4123 3656 4210 orientur,
3711 4142 3840 4195 eae

516 4220 688 4294 solis
740 4219 1092 4295 Judicibus
1143 4229 1216 4294 et
1266 4220 1767 4297 Assessoribus
1822 4221 2088 4296 subsint
2140 4222 2586 4298 decidendae.

1636 4453 2194 4529 Articulus
2263 4455 2728 4542 Quintus.

827 4660 907 4735 In
959 4660 1435 4757 vayvodarum
1488 4663 1585 4735 uti
1637 4663 1841 4736 etiam
1890 4660 2428 4736 Vexiliferorum
2502 4665 2920 4763 aliorumque
2973 4661 3371 4738 officialium
3427 4655 3836 4740 demortuo-

514 4783 694 4855 rum,
745 4765 868 4839 vel
900 4769 1104 4839 etiam
1155 4765 1577 4839 Judicialiter
1628 4765 1713 4839 ab
1751 4764 1996 4839 officiis
2051 4766 2541 4863 depositorum,
2594 4768 2779 4858 loca,
2832 4767 2947 4841 alii
2999 4767 3402 4843 benemeriti
3453 4792 3583 4866 per
3621 4769 3830 4844 Com-

516 4872 911 4944 munitatem
966 4870 1274 4964 generali
1328 4869 1998 4944 commendabuntur.

1659 5104 2215 5179 Articulus
2282 5104 2694 5179 Sextus.

832 5309 1099 5382 Salaria
1178 5318 1249 5382 et
1316 5308 1649 5405 stipendia
1703 5333 1745 5382 a
1798 5307 2159 5406 Vayvodis
2221 5269 2726 5384 'Haramialibns
2796 5266 3115 5387 militibus
3185 5248 3674 5389 solrenttir⁰et
3722 5313 3834 5385 di-

521 5410 1006 5504 stribeuentur,
1058 5415 1250 5485 iuxta
1302 5413 1576 5486 modum
1628 5421 1700 5487 et
1747 5413 2317 5488 consvetudinem
2369 5416 2730 5512 antiquam.
