3950 5917
1987 874 2132 957 x
2275 987 2282 996 .

1794 1109 2004 1182 Am
2062 1107 2295 1180 1076.

390 1349 879 1430 Primatus
958 1351 1265 1427 totius
1328 1346 1874 1426 Dalmatiae
1935 1357 2032 1425 et
2092 1343 2554 1425 Croatiae
2633 1353 3127 1452 regnante
3196 1343 3722 1426 Demetrio

742 1486 1275 1566 Svinimiro
1352 1483 2160 1589 Archiepiscopo
2219 1481 2803 1587 spalatensi
2879 1484 3360 1586 competit.

710 1705 789 1782 ln
839 1707 1114 1782 nomine
1164 1704 1389 1782 Patris
1440 1713 1512 1778 et
1554 1699 1705 1778 Filii
1756 1714 1828 1778 et
1879 1703 2170 1800 Spiritus
2216 1706 2440 1776 sancti
2485 1704 2685 1778 unius
2736 1701 3080 1780 Tn‘nitatis
3132 1711 3203 1776 et
3251 1704 3474 1776 trinae
3519 1698 3722 1778 Uni-

392 1813 557 1886 tatis
611 1808 1022 1890 individuae.
1126 1806 1383 1884 Notum
1430 1811 1519 1883 sit
1564 1805 1879 1884 omnihus
1928 1817 2066 1882 tam
2117 1805 2618 1903 praesentibus,
2672 1829 2874 1903 qnam
2924 1805 3193 1894 futuris,
3246 1805 3431 1902 quod
3480 1804 3728 1879 Prae-

394 1916 684 1990 stantius
752 1912 1239 2008 Belgradensis
1286 1911 1699 2009 Episcopus,
1771 1914 1992 2006 gratia
2061 1909 2337 1985 divinae
2397 1920 2472 1984 ct
2519 1910 2856 1985 humanae
2925 1914 3251 2002 caritatis,
3319 1909 3734 1985 Ecclesiam

395 2017 530 2092 88.
587 2014 881 2091 Gosmae
936 2026 1009 2090 et
1056 2016 1395 2108 Damam,
1467 2037 1645 2112 quae
1696 2019 1831 2092 sita
1879 2024 1989 2092 est
2038 2018 2110 2090 in
2160 2025 2361 2090 acuto
2411 2018 2679 2090 veru‘ce
2742 2014 3092 2090 cuiusdam
3145 2014 3518 2105 monticuli,
3567 2033 3770 2088 non-

397 2120 612 2215 longe
666 2142 708 2194 a
760 2120 1146 2217 supradicta
1195 2119 1365 2194 urhe
1418 2120 1755 2212 &tantia
1825 2121 2243 2196 monasterio
2298 2117 2372 2192 S.
2422 2119 2710 2196 Joannis
2776 2118 3264 2214 Euangelistae
3331 2128 3727 2214 perpetua—

396 2223 557 2298 liter
605 2223 867 2298 habere
917 2228 1284 2300 concessit.
1362 2223 1473 2298 Ne
1509 2234 1735 2298 antem
1780 2224 2020 2319 aliquis
2073 2221 2611 2313 succedentium,
2662 2223 2989 2297 violentia
3039 2225 3440 2319 principum,
3492 2221 3730 2316 Regis

396 2326 749 2418 videlicet,
801 2328 1126 2424 Episcopi
1168 2339 1284 2402 aut
1313 2327 1573 2403 Prioris
1624 2327 1934 2421 ejusdem
1988 2330 2304 2416 ciuitatis,
2356 2330 2719 2401 temeraria
2771 2336 3026 2416 mente,
3080 2326 3301 2402 feroci
3351 2325 3732 2424 tyrannide

396 2430 576 2506 haec
612 2440 859 2507 statuta
894 2433 1159 2506 violare
1198 2430 1446 2506 audeat
1480 2440 1552 2505 et
1586 2453 1708 2506 sua
1746 2431 2134 2505 audacitate
2173 2441 2595 2527 corrumpat3
2648 2430 2847 2523 hujus
2888 2434 3401 2506 concessioniss
3445 2433 3730 2506 sanctio

397 2545 562 2609 ante
593 2555 931 2633 personas
982 2540 1287 2610 virorum
1338 2535 1998 2626 bonosussimorum,
2063 2545 2134 2607 et
2169 2544 2451 2608 sanctae
2505 2536 2859 2630 relig-ionis
2913 2535 3162 2608 cultum
3207 2537 3473 2629 jugiter
3523 2556 3734 2607 exe-

399 2643 774 2735 (luentium,
845 2638 1106 2735 absque
1176 2640 1314 2713 nlla
1384 2639 1924 2714 contradictione
1994 2637 2422 2712 laudabiliter
2489 2638 2934 2714 corroborata
3005 2649 3140 2716 est.
3201 2642 3276 2714 in
3325 2641 3734 2733 praescnh'a

400 2765 462 2817 s.
500 2743 945 2819 Dominarum
993 2743 1337 2818 Laurentii
1386 2747 1593 2818 totius
1629 2743 2010 2817 Dalmatiae
2045 2752 2118 2816 et
2151 2741 2515 2817 Obroatiae
2566 2743 3126 2818 reuerendissimi
3166 2742 3736 2838 Archiepiscopi,

397 2854 476 2920 et
524 2847 774 2921 Domni
829 2845 1199 2922 Gebizonis
1247 2844 1375 2921 SS.
1428 2846 1765 2922 Bonifacii
1818 2857 1888 2920 et
1937 2847 2176 2920 Alexii
2224 2846 2727 2941 religiosissimi
2775 2845 3091 2935 Almana,
3152 2869 3287 2920 una
3334 2869 3485 2919 cum
3536 2846 3735 2918 Ful-—

398 2953 610 3025 coino
681 2951 845 3024 Fori
913 2950 1323 3047 Simphronii
1390 2950 1734 3026 Venerab.
1804 2951 2178 3048 Episcopo,
2249 2950 2381 3047 Ap.
2436 2948 2644 3027 Sedis
2691 2951 3314 3048 Apocrisariomm,
3382 2955 3449 3023 in
3504 2954 3734 3024 vinea

388 3057 701 3146 justitiae
757 3054 890 3128 Dei
957 3057 1119 3130 totis
1187 3053 1447 3130 viribus
1531 3055 2069 3130 misericorditer
2133 3053 2581 3130 laborantium
2600 3107 2625 3144 .,
2695 3053 3069 3130 astantibus
3140 3058 3343 3130 etiam
3412 3053 3738 3148 Belgra—

404 3156 644 3234 densis
708 3156 1074 3232 Ecclesiae
1151 3158 1773 3256 Archipreshytero
1849 3159 2085 3254 Drago
2104 3211 2130 3248 ,
2213 3168 2283 3232 et
2350 3159 2661 3233 omnibus
2741 3156 3027 3232 clericis
3103 3162 3453 3254 utriusque
3529 3160 3740 3231 cini-—

402 3264 566 3335 tatis
635 3271 704 3335 et
770 3262 1043 3336 Domno
1110 3260 1308 3338 Justo
1377 3263 1642 3354 Priore,
1715 3264 2054 3357 Gregorio
2120 3261 2390 3353 Judioe,
2476 3263 2740 3358 Draga,
2824 3264 3279 3352 PraestantiQ
3348 3259 3740 3356 michaele,

399 3362 656 3440 Drusia
716 3375 788 3439 et
837 3365 990 3440 fere
1041 3370 1248 3441 totius
1302 3367 1733 3463 supradictae
1787 3369 2082 3441 civitatis
2137 3367 2325 3442 clero
2380 3366 2661 3443 favente
2715 3389 2800 3440 ac
2848 3366 3122 3464 populo.
3199 3366 3408 3442 Anno
3457 3365 3743 3439 millie-

403 3471 584 3543 simo
639 3468 725 3543 ab
777 3470 1254 3545 Incamatione
1303 3470 1388 3544 D.
1440 3471 1526 3545 N.
1577 3472 1747 3546 Jesu
1799 3469 2049 3547 Christi
2100 3470 2426 3546 videlicet
2477 3474 2985 3567 septuagesimo
3040 3479 3272 3560 sexto„
3337 3469 3745 3546 Indictiono

404 3593 584 3647 vero
661 3574 1186 3669 quintadecima,
1253 3585 1565 3671 tempore
1633 3574 1945 3668 eiusdem
2018 3572 2340 3669 Gregorii
2403 3578 2673 3672 septim
2737 3575 2967 3671 Papae
3036 3585 3108 3649 et
3155 3574 3486 3650 Demetrii
3536 3573 3746 3647 Dal-

405 3677 658 3750 matiae
711 3686 782 3749 et
834 3676 1153 3752 Groatiae
1219 3678 1436 3772 Regis
1490 3689 1562 3753 et
1605 3679 1855 3753 Domni
1921 3677 2108 3754 Petri
2185 3678 2497 3771 eJusdem
2564 3683 2962 3754 monasterii
3028 3676 3317 3752 Abbatis
3386 3678 3748 3771 religiosi.

408 3777 831 3877 Quicumque
885 3792 1112 3857 auten
1165 3785 1614 3879 corrumperit
1663 3783 1844 3879 qnod
1911 3782 2156 3857 horum
2233 3787 2532 3856 omnium
2607 3782 2811 3858 laude
2881 3782 3349 3858 confirmatum
3401 3792 3538 3875 est,
3587 3782 3754 3858 Dei

406 3893 485 3958 et
531 3906 769 3958 eorum
822 3886 1371 3962 maledictionem
1420 3896 1753 3985 perpemo
1805 3890 2127 3962 incurrat.
2229 3886 2479 3962 Amen.

404 4058 598 4115 farlati
631 4061 889 4131 Illyricum
926 4063 1155 4118 Sacrum.
1189 4063 1244 4116 Τ.
1280 4063 1363 4117 lv.
1400 4082 1451 4134 p.
1488 4066 1539 4118 5.

1966 4571 2174 4655 xl.

1606 4806 1808 4877 Anno
1871 4805 2104 4879 1076.
2167 4806 2536 4904 Belqradi.

567 5058 1162 5139 Svinimirus
1225 5057 1425 5140 Rex
1489 5058 2060 5140 Creatorum
2148 5065 2703 5142 nominatur
2763 5061 2968 5144 Rex
3028 5062 3568 5144 Slavorum.

727 5319 978 5397 Notum
1049 5327 1135 5398 sit
1206 5322 1517 5399 omnibus
1588 5322 1899 5398 fidelibus
1968 5334 2107 5398 tam
2174 5327 2471 5422 posteris
2541 5349 2740 5423 quam
2792 5326 3298 5423 praesentibus²
3371 5330 3524 5428 quia
3598 5353 3772 5410 nos

410 5423 925 5521 Belgradenses
972 5429 1222 5505 divites
1278 5437 1349 5504 et
1396 5432 1674 5526 inopw,
1744 5429 1929 5503 nullo
2003 5439 2324 5526 cogente,
2394 5430 2578 5505 nullo
2648 5441 2999 5526 monente,
3067 5436 3276 5506 immo
3349 5441 3780 5528 spontanea
