3950 5917
530 382 704 479 §³9

854 586 964 662 Ne
1012 585 1323 684 proinde·
1353 582 1445 660 ob
1496 584 1672 660 baec
1724 583 2077 660 obstacula
2147 585 2386 662 Partes
2441 584 2818 660 causantes
2872 585 3094 660 debita
3162 584 3474 657 Justitiae
3516 582 3813 658 Admini-

540 694 882 769 nti-atione
934 690 1403 781 destituantur,
1454 688 1522 762 id
1573 711 1699 786 pro
1751 711 1931 762 nunc
1983 710 2109 788 pro
2162 688 2630 764 sublevamine
2683 690 3020 783 ejusmodi
3072 685 3532 777 Causantium,
3584 696 3652 759 et
3698 709 3810 760 ce-

530 794 764 871 brius
814 793 1259 891 adipiscenda
1323 794 1634 868 Justitiae
1685 792 2321 883 Administratioue,
2368 794 2858 883 inter-imaliter,
2925 802 2998 866 et
3045 814 3265 888 usque
3309 790 3402 865 ad
3451 790 3813 866 ulteriorem

532 897 929 995 &aignan
996 898 1533 994 Dispositionem
1599 907 1902 973 nostram
1974 898 2232 991 (salvis
2297 900 2738 994 caeteroquin
2810 896 3253 972 antelaturum
3322 894 3678 968 civitatum
3739 894 3816 968 de

528 1000 735 1080 Fure
784 1002 1281 1099 Appellatidnis
1332 998 1730 1076 sonantibus
1775 1001 2212 1096 Privilegijs)
2267 1002 2643 1075 clementer
2690 1002 3103 1075 resolvimus
3156 1010 3226 1073 et
3269 994 3511 1072 Comiti
3561 999 3814 1073 Taver-

543 1108 856 1180 uicorum
926 1117 1312 1179 nostrorum
1371 1104 1745 1228 Regalium
1802 1103 2165 1200 Magistro,
2234 1105 2510 1179 Tenore
2579 1104 2866 1200 Benigni
2929 1106 3245 1201 rescripti
3312 1101 3440 1178 sub
3506 1102 3818 1177 hodierno

540 1207 728 1283 Dato
761 1210 1089 1305 expediti,
1143 1211 1632 1299 commisimus,
1682 1219 1755 1280 ut
1787 1207 2002 1299 Idem,
2055 1212 2230 1283 sicut
2271 1211 2339 1282 in
2374 1208 2746 1303 Hungaria,
2798 1212 2888 1282 ita
2922 1211 2993 1281 in
3029 1206 3302 1281 Croatia
3345 1210 3575 1299 etiam,
3615 1207 3822 1281 Vice-

538 1311 1080 1389 Tavernicorum
1134 1311 1493 1408 Regalium
1547 1312 1971 1406 Magistrum.
2026 1316 2140 1409 qui
2189 1312 2437 1390 ibidem
2475 1311 2736 1386 Causas
2790 1334 3032 1386 omnes
3087 1307 3344 1388 Civiles
3396 1314 3464 1384 in
3514 1310 3820 1408 praelatis

544 1415 949 1491 Civitatibus
1001 1425 1073 1490 et
1120 1419 1512 1513 respective
1567 1415 1816 1512 oppido
1868 1418 2233 1489 ventilatas
2286 1426 2358 1492 et
2407 1419 2788 1490 maturioris
2839 1415 3235 1492 Revisionis
3288 1418 3507 1509 gratia
3560 1416 3645 1487 ad
3686 1414 3820 1488 Fo-

538 1541 692 1594 rum
730 1521 1361 1616 Superrevisorium
1417 1519 1815 1615 appellatas,
1865 1519 2082 1614 Lege
2138 1517 2650 1594 Consvetudine
2703 1529 2774 1592 et
2816 1517 3185 1593 Activitate
3233 1522 3315 1591 in
3339 1517 3586 1614 Regno
3637 1518 3820 1591 Hun-

540 1628 784 1719 gariae
838 1623 1231 1698 observata.
1286 1623 1373 1697 de
1425 1623 1826 1719 Tempore
1808 1646 1873 1695 ιιι
1910 1623 2235 1720 Tempus,
2288 1626 2689 1697 convocatis
2741 1623 3001 1695 illarum
3041 1622 3400 1696 civitatum
3439 1621 3822 1697 Senioribus

537 1727 866 1802 revidere
910 1730 1154 1824 possit,
1206 1736 1276 1801 et
1311 1729 1609 1816 revisas,
1661 1737 2036 1800 memorato
2092 1725 2335 1801 Comiti
2381 1705 2719 1823 Magistro
2755 1726 3287 1801 Tavernicorum
3341 1725 3697 1821 Regalium
3744 1726 3819 1806 ad
3890 1720 3896 1728 ’

540 1829 809 1905 Statum
860 1830 1155 1903 Notitiae
1206 1833 1276 1903 in
1327 1830 1652 1903 Extractu
1702 1834 2181 1918 communicet,
2233 1853 2400 1905 mox
2450 1842 2519 1905 et
2572 1833 2905 1926 quocitius
2960 1827 3424 1920 denominare,
3478 1853 3566 1903 ac
3616 1825 3818 1922 Officij

541 1933 857 2030 Sigillum
908 1934 1150 2008 Eidem
1204 1937 1644 2029 consignare,
1702 1932 2270 2032 MaJestatemque
2344 1934 2661 2009 Nostram
2736 1934 3033 2031 desuper
3081 1956 3204 2029 pro
3258 1933 3594 2009 faciendis
3663 1934 3820 2030 apud

539 2040 878 2113 antelatus
933 2037 1262 2113 Civitates
1313 2036 1884 2135 Dispositionibus
1934 2038 2307 2112 informare
2360 2038 2647 2129 debeat3
2701 2037 2916 2126 Quam
2967 2038 3344 2132 Benignam
3389 2040 3459 2112 in
3494 2040 3823 2136 praemis-

539 2144 644 2217 ais
693 2146 1145 2217 interventum
1223 2141 1739 2216 Resolutionem
1815 2152 2118 2216 nostram
2197 2142 2658 2215 Fidelitatibus
2725 2141 2998 2217 Vestris
3067 2141 3152 2213 ad
3207 2141 3466 2216 Statum
3547 2140 3822 2215 Notitiae

538 2244 936 2321 Clementer
985 2250 1398 2337 intimantes,
1448 2245 1700 2320 lisdem
1751 2247 1821 2319 in
1873 2248 2137 2342 reliquo
2193 2246 2422 2322 Gratia
2477 2256 2547 2319 et
2599 2243 2972 2318 Clementia
3045 2256 3281 2318 nostra
3353 2243 3648 2340 benigne
3702 2248 3821 2337 ju-

538 2352 858 2447 giterque
933 2371 1319 2447 propensae
1399 2371 1773 2422 manemus.
1876 2350 2128 2423 Datum
2193 2353 2262 2423 in
2333 2348 2838 2422 Archi-Ducali
2916 2347 3206 2422 civitate
3268 2347 3520 2426 Nostra
3577 2348 3821 2422 Vienna

531 2451 865 2528 Austriae
917 2453 1048 2527 Die
1099 2453 1329 2527 Tertia
1378 2451 1639 2527 Mensis
1690 2452 1872 2548 Junij
1924 2453 2133 2527 Auno
2184 2451 2459 2528 Domini
2534 2452 2900 2529 Millesimo
2967 2452 3592 2550 septingentesimo
3641 2450 3824 2540 Qua-

535 2554 937 2652 dragesimo
986 2578 1195 2631 nono.

847 2762 1099 2839 Maria
1153 2760 1547 2837 Theresia
1599 2784 1687 2834 m.
1739 2783 1806 2857 p.

2183 2962 2442 3044 Comes
2490 2963 2882 3045 Ludovicus
2933 2967 3022 3043 de
3070 2963 3349 3045 Nadasd
3396 2987 3485 3044 m.
3540 2991 3609 3067 p.

2462 3160 2783 3236 Andreas
2831 3157 3072 3235 nom
3124 3183 3214 3234 m.
3267 3183 3330 3257 p.

2002 3421 2075 3494 A
2134 3426 2338 3517 ἰεῦ-90
2355 3445 2381 3491 .·

626 3677 641 3692 .
844 3617 1304 3714 Reverendis,
1384 3617 1937 3711 Honorabilibus,
2007 3621 2505 3720 spectabilibus
2578 3648 2663 3700 ac
2729 3625 3152 3722 Magnificis,
3225 3619 3614 3722 magnificis
3679 3629 3828 3700 item

525 3722 860 3821 Egregiis
930 3735 1001 3798 et
1051 3724 1430 3815 Nobilibus,
1508 3748 1644 3799 nec
1711 3747 1852 3800 non
1919 3726 2369 3802 Prudentibus
2421 3752 2508 3802 ac
2558 3728 3083 3827 Circumspectis
3152 3728 3233 3803 N.
3287 3728 3369 3802 N.
3440 3728 3826 3826 Regnorum

526 3838 922 3903 nostrornm
974 3827 1380 3919 Dalmatiae,
1433 3827 1755 3903 croatiae
1807 3840 1879 3905 et
1926 3829 2346 3906 sclavoniae
2415 3836 2760 3912 universis
2829 3832 3128 3910 Statibus
3182 3841 3252 3907 et
3302 3829 3668 3911 Ordinibus
3714 3837 3828 3908 cc.

527 3929 879 4006 fidelibus
947 3929 1165 4007 Nobis
1219 3930 1505 4006 dilectis.

1059 4112 1469 4210 Zagrabiae.
1522 4114 1640 4189 Ex
1689 4115 1959 4192 Officio.

2034 4323 2150 4418 (L-
2224 4324 2343 4419 ΒΟ

521 4564 676 4640 mc.
704 4565 769 4624 h
796 4565 1035 4625 Arcum
1062 4565 1235 4641 Regni
1266 4565 1524 4626 omme.
1592 4568 1726 4625 Act·
1757 4565 1930 4642 negat
1964 4565 2157 4642 οοηςι.
2195 4565 2351 4626 1949.
2395 4566 2587 4627 nnis.
