3950 5917
1950 754 2324 842 XXX·

1675 961 1884 1034 Am
1945 962 2183 1033 1195.
2277 937 2612 1037 sudem.

463 1193 992 1275 Emericus
1058 1219 1234 1274 seu
1293 1193 1722 1275 Enricus
1784 1195 2072 1275 filius
2134 1196 2438 1277 Belae
2488 1195 2615 1277 ΠΙ.
2677 1193 3028 1301 Regis,
3091 1192 3659 1278 Dalmatiam
3725 1210 3838 1280 et

943 1330 1464 1436 Cronium,
1548 1330 1754 1412 Rex
1802 1334 2164 1439 junior,
2215 1335 2750 1437 separatim
2811 1332 3337 1437 gubernat.

785 1565 994 1640 Anno
1064 1562 1406 1640 MGXCV.
1479 1565 1858 1641 Indictione
1928 1565 2081 1641 XII.
2132 1566 2408 1640 Jadrae.
2476 1566 2846 1661 Regnante
2912 1564 2998 1639 D.
3050 1564 3138 1642 N.
3206 1566 3378 1641 Bela
3429 1566 3822 1662 Vngariae‚

462 1670 883 1759 Dalmatiae,
935 1668 1223 1756 Ramae¹
1252 1668 1481 1764 Rege,
1533 1679 1606 1745 et
1649 1670 1907 1744 Enrico
1962 1674 2114 1746 eius
2168 1669 2336 1761 filio,
2387 1668 2533 1744 bis
2587 1677 2949 1761 coronato,
3016 1668 3428 1744 Dalmatiam
3471 1679 3543 1743 et
3580 1668 3824 1744 Croa-

466 1775 641 1846 tiam
694 1771 988 1846 feliciter
1041 1771 1495 1866 gubernante,
1549 1773 1856 1848 ecclesia
1905 1773 2259 1847 Jadertina
2311 1777 2590 1870 proprio
2642 1782 2926 1869 pastore
2975 1783 3302 1867 vacante,
3354 1784 3427 1847 et
3475 1773 3823 1854 Damiano

468 1878 709 1968 inclito
765 1873 1030 1950 Gemite
1086 1874 1396 1951 eiusdem
1452 1873 1828 1952 Comitatus
1882 1880 2306 1974 principante
2363 1887 2497 1951 etc.

468 2025 664 2081 farlati
697 2026 957 2096 illyricum
992 2027 1227 2081 Sacrum.
1261 2027 1318 2080 T.
1353 2027 1413 2078 V.
1450 1975 1609 2095 1:65
1644 2043 1710 2081 ex
1742 2027 1999 2081 tabulario
2033 2026 2318 2082 Jadertino.
2359 2054 2427 2067 —
2463 2025 2632 2093 Pejor.
2669 2024 2852 2081 Codex
2884 2025 3259 2095 Diplomaticus
3292 2026 3462 2096 Regni
3491 2025 3824 2097 anagni-0.

785 2114 841 2168 Τ.
878 2113 943 2168 11.
977 2114 1093 2172 vot.
1127 2114 1168 2168 1.
1202 2130 1325 2184 pag.
1366 2114 1483 2168 183.

1928 2566 2368 2649 XXXI.

1886 2802 2096 2874 Anno
2169 2801 2206 2872 1
2224 2799 2404 2873 198.

464 3038 972 3141 AndreaS‚
1034 3036 1362 3142 Regni
1425 3038 1980 3117 Dalmatiae
2044 3048 2138 3116 et
2201 3035 2666 3116 Croatiae
2740 3033 2985 3139 Dux,
3069 3033 3386 3141 Regia
3468 3045 3810 3114 aucto-

470 3181 781 3255 ritate
847 3177 1354 3281 fungitur,
1441 3187 1738 3280 atque
1801 3174 2515 3279 Episcopatum
2591 3170 3204 3252 Pharensem
3278 3171 3808 3275 Archiepi-

663 3317 1127 3419 scopatui
1188 3313 1752 3418 Spalatino,
1819 3316 1974 3393 cui
2039 3315 2326 3392 etiam
2388 3312 2615 3390 olim
2675 3308 3127 3415 suberat,
3191 3308 3641 3417 subjicit.

3921 3001 3924 3046 1

794 3548 871 3622 In
939 3551 1219 3621 nomine
1289 3547 1593 3622 Sanctae
1662 3546 2011 3620 Trinitatis
2082 3557 2153 3620 et
2226 3545 2620 3619 individuae
2681 3545 2995 3619 Unitatis.
3074 3545 3284 3617 Anno
3338 3543 3425 3617 ab
3476 3544 3804 3619 Incarna-
3921 3555 3922 3560 ’

476 3657 670 3725 tione
723 3650 1002 3724 Domini
1064 3650 1270 3723 1198
1323 3650 1701 3725 Indictione
1752 3653 1990 3744 prima.
2069 3649 2226 3744 Ego
2279 3648 2603 3722 Andreas
2658 3653 2838 3721 tertii
2888 3648 3102 3722 Belae
3154 3649 3373 3743 Regis
3425 3648 3632 3739 filius,
3682 3646 3804 3718 Dei

478 3757 703 3847 gratia
772 3754 1185 3844 Dalmatiae,
1258 3752 1605 3843 Croatiae.,
1674 3751 1964 3841 Hamae,
2041 3751 2504 3847 Chulmaeque
2572 3753 2752 3825 Dux
2820 3755 2890 3825 in
2944 3760 3369 3848 perpetuum.
3477 3752 3804 3838 Quoniam

476 3857 727 3930 Ducali
763 3855 1132 3929 Serenitati
1178 3858 1337 3949 jura
1378 3865 1450 3928 et
1484 3855 1972 3951 dispositiones
2025 3855 2288 3950 Regni
2342 3860 2468 3929 sui
2519 3857 2684 3928 licet
2709 3909 2728 3928 .
2759 3910 2777 3928 .
2808 3910 2825 3928 .
2857 3910 2875 3929 .
2929 3866 3001 3929 et
3035 3855 3445 3951 disponere3
3497 3855 3659 3929 hinc
3706 3858 3808 3923 est

476 3959 670 4054 quod
725 3981 857 4033 nos
908 3962 981 4033 in
1030 3958 1443 4031 Dalmatiam
1496 3957 2079 4055 perambulantes,
2145 3962 2532 4033 invenimus
2585 3958 3074 4055 Episcopatum
3126 3958 3443 4031 Pharen
3463 3980 3632 4032 sem
3684 3973 3801 4028 suo

478 4073 774 4159 pastore
824 4073 1221 4153 vacantem.
1273 4084 1367 4135 ne
1413 4065 1620 4155 igitur
1663 4064 1803 4154 iuri
1852 4062 2352 4137 Ecclesiastico
2406 4066 2476 4135 in
2533 4062 2759 4157 aliquo
2806 4063 3284 4156 derogaretur,
3340 4061 3649 4156 diligenti
3691 4061 3802 4130 in-

476 4168 883 4260 quisitione,
939 4169 1050 4238 cui
1075 4165 1719 4261 Archiepiscopatui
1772 4166 2274 4260 suffraganatns
2328 4164 2748 4259 sthaceret,
2801 4167 3137 4240 relatione
3189 4187 3368 4239 voro
3417 4164 3808 4238 Dalmaciae

480 4268 1034 4366 Episcoporum‚
1125 4279 1195 4342 et
1275 4272 1757 4343 universorum
1835 4267 2311 4343 Groatorum
2388 4269 2844 4366 Principum
2912 4272 3389 4366 percepimus,
3470 4265 3654 4365 quod
3717 4283 3804 4335 ex

478 4376 818 4468 antiqua
873 4375 1468 4446 constitutione
1524 4371 1650 4447 sul)
1704 4371 2097 4469 Spalatensi
2147 4372 2768 4469 Archiepiscopatu
2818 4371 3086 4447 fuisset.
3191 4371 3340 4447 Nos
3391 4387 3578 4447 vero
3621 4367 3804 4444 rela-

474 4478 654 4548 tioni
707 4497 946 4549 eorum
999 4476 1459 4568 attendentes,
1510 4484 1987 4572 praetaxatum
2036 4475 2523 4573 Episcopatum
2577 4474 2844 4549 cuidam
2892 4475 3284 4572 Spalatensi
3336 4471 3687 4550 Canonico
3716 4464 3806 4542 M.

478 4575 842 4671 (michae)
898 4580 1334 4669 contulimus,
1388 4602 1475 4652 ac
1527 4578 1822 4651 eundem
1865 4578 2355 4676 Episcopatum
2392 4578 2783 4676 Spalatensi
2825 4579 3193 4654 Ecclesiae
3238 4579 3806 4653 confirmavimus-

475 4680 700 4752 Huius
781 4690 1010 4755 autem
1080 4685 1580 4756 constitutionis
1649 4685 1901 4778 pagina
1955 4685 2349 4757 testimonio
2422 4687 2711 4756 istorum
2760 4681 2948 4756 facta
2999 4693 3146 4757 est:
3250 4682 3536 4757 Andrea
3584 4681 3804 4760 Bauio,
3893 4675 3918 4740 ’τὲ

479 4780 754 4855 Comite
806 4782 1183 4875 Mancini-ia,
1258 4783 1524 4858 Gemite
1574 4784 1864 4881 Joseph.
1938 4783 2205 4859 Gemite
2257 4785 2524 4875 Marco,
2595 4783 2862 4861 Comite
2913 4786 3341 4860 Andromico
3395 4785 3536 4862 filio
3587 4779 3804 4863 Rani.

480 4883 885 4959 Camerario
962 4887 1176 4962 Ducis
1244 4887 1721 4978 venceslavo,
1791 4888 2197 4986 Praeposito
2266 4888 2653 4982 Gutifredo.,
2704 4889 3038 4985 Hagistro
3090 4889 3467 4965 Teohaldo.
3570 4888 3810 4961 Datum
3917 4875 3918 4880 ’

476 5011 611 5086 per
660 5011 903 5064 manus
955 4990 1142 5064 Petri
1194 4988 1312 5064 filii
1363 4989 1575 5064 Milka
1626 4992 1840 5066 Ducis
1892 4993 2127 5067 Aula
2148 5016 2189 5067 e
2243 4992 2549 5068 Notario.

472 5164 563 5218 Ex
596 5164 832 5239 Registro
867 5167 1355 5238 Archiepiscopatu
1390 5168 1724 5239 spalatensis.
1758 5169 1945 5223 Lucina
1980 5170 2048 5224 de
2083 5170 2269 5240 Regno
2305 5170 2474 5226 Dalm.
2511 5176 2558 5225 t.
2592 5169 2765 5228 Oroat.
2799 5169 2908 5225 m».
2943 5168 3029 5226 m.
3065 5187 3182 5242 cap.
3220 5170 3305 5227 13.
3358 5175 3405 5224 t.
3454 5165 3640 5227 Fau-lati
3679 5158 3806 5225 11¹5-
3906 5125 3917 5200 ἔ

797 5255 962 5308 ticum
1015 5254 1229 5309 Sacrum
1265 5254 1321 5308 Τ.
1356 5254 1441 5308 m.
1475 5273 1531 5326 p.
1567 5256 1672 5311 228
1710 5260 1757 5309 t
1799 5255 1856 5310 Τ.
1899 5256 1986 5311 lv.
2036 5274 2091 5326 p.
2116 5257 2238 5311 245.

3887 5217 3906 5270 ξ
3915 5237 3916 5244 ,

3891 5321 3908 5376 l

3890 5424 3915 5490 h
