3950 5917
1889 882 1896 888 ’
1957 922 2428 1010 cmm.

893 1297 898 1304 ,
1007 1215 1219 1290 Am
1284 1211 1525 1306 use
1571 1213 1769 1306 tm
1820 1212 1893 1286 2.
1940 1223 2105 1308 ρωι
2156 1212 2603 1287 nonam-
2651 1212 3049 1296 mooun..
3123 1212 3388 1298 nudae.

523 1473 1116 1560 vladislaus
1203 1473 1410 1558 Rex
1483 1449 2440 1558 Tricesimatoribus
2520 1473 2846 1585 Regni
2907 1463 3793 1581 Slavoniae,·ut’iu
3898 1433 3899 1468 ³

534 1613 873 1700 eodem
933 1613 1288 1722 Regno
1347 1617 1811 1721 antiquas
1900 1614 2442 1700 libertates
2504 1626 2603 1697 et
2660 1617 3443 1704 consvetudines
3513 1603 3799 1718 quoad

1220 1757 1836 1836 taxationem
1927 1764 2655 1860 manuteneant,
2748 1752 3191 1835 mandat<

2397 2021 2772 2088 eoas-aueo
2808 2024 3083 2106 propria
3126 2021 3390 2087 Doni-⁸·
3429 2019 3632 2102 Bou·-

844 2215 1294 2312 Wlatlislaus,
1369 2215 1503 2291 Dei
1554 2238 1680 2313 gra
1707 2271 1963 2290 ......
2018 2216 2367 2312 Hungarie
2438 2224 2511 2291 et
2575 2215 2907 2290 Bobemie
2946 2219 3098 2291 ecc.
3170 2211 3517 2290 Fidelibus
3580 2211 3806 2286 noso-is

532 2325 906 2414 vniuersis,
976 2329 1049 2396 et
1099 2320 1387 2418 singulis
1454 2318 2093 2396 Tricesimatoribus
2162 2322 2417 2397 nostris
2468 2323 2538 2393 in
2588 2320 2840 2416 Regno
2891 2329 3131 2396 nostro
3185 2318 3552 2393 Sclauonie
3608 2313 3807 2390 vbiuis

530 2448 715 2523 nunc
764 2427 1173 2518 constitutis,
1235 2436 1308 2500 et
1355 2428 1426 2498 in
1476 2423 1516 2497 f
1535 2479 1795 2498 ......
1821 2423 2208 2516 stituendis,
2275 2434 2637 2522 presentes
2708 2427 2961 2499 visuris
3032 2424 3327 2500 salutem
3392 2431 3462 2496 et
3516 2421 3805 2518 graciam.

527 2529 643 2629 Ex
691 2530 991 2628 querelis
1049 2530 1248 2607 simul
1300 2536 1373 2603 et
1414 2529 1925 2625 supplicacione
1975 2527 2274 2603 fidelium
2325 2537 2712 2602 nostrorum
2764 2526 3244 2603 Vniuersitatia
3298 2524 3630 2601 Nobilium
3671 2520 3806 2595 Re-

530 2635 650 2730 gni
682 2637 901 2711 nostri
935 2632 1346 2726 Scla(uonie
1397 2632 1920 2725 intelle)ximus.
1974 2632 2174 2721 Quod
2209 2634 2519 2728 quamuis
2562 2653 2693 2707 nos
2728 2632 2981 2728 pluries
3015 2629 3219 2706 vobis
3271 2629 3805 2714 commiserimus,

529 2749 611 2814 vt
660 2735 748 2811 ab
798 2741 969 2839 ipsis
1039 2733 1439 2833 Regnicolis
1507 2739 1762 2812 nostris
1830 2738 2114 2810 racione
2165 2758 2395 2810 rerum
2466 2757 2767 2828 suarum,
2839 2758 3009 2833 quas
3082 2738 3213 2833 ipsi
3265 2733 3357 2808 «le
3410 2734 3524 2808 illo
3590 2730 3808 2824 Regno

529 2853 769 2918 nostro
823 2840 1032 2915 Sclau
1057 2894 1416 2916 ........
1443 2849 1642 2913 xtera
1695 2838 1939 2936 Regna
1993 2850 2388 2938 exportare,
2461 2850 2532 2913 et
2581 2861 2706 2937 pro
2760 2838 3021 2914 eisdem
3074 2838 3284 2913 rebus
3360 2839 3531 2912 alias
3578 2855 3687 2909 res
3732 2828 3808 2904 «le

530 2948 794 3021 exteris
844 2943 1108 3039 Regnis
1159 2966 1285 3042 pro
1331 2965 1471 3042 ‘vsu
1522 2953 1595 3017 et
1645 2953 2047 3018 ornamento
2100 2941 2370 3035 domos,
2428 2942 2821 3039 familieque
2874 2965 3149 3018 suorum
3230 2947 3598 3040 importare
3647 2957 3807 3009 con-

530 3071 659 3124 sue
710 3099 923 3122 .....
977 3049 1267 3145 aliquam
1321 3047 1766 3122 Tricesimum
1816 3067 1955 3122 non
2008 3050 2436 3146 reciperetis,
2489 3070 2624 3123 vos
2683 3056 2913 3121 tamen
2982 3070 3115 3121 nec
3174 3046 3641 3120 mandatorum
3688 3060 3813 3113 no-

529 3162 892 3244 stu-orum,
938 3150 1065 3227 sed
1112 3174 1246 3226 nec
1296 3150 1652 3243 libertatis,
1730 3161 1802 3226 et
1870 3154 2144 3250 antique
2221 3154 2661 3251 prerogatiue
2733 3153 3036 3249 ipsorum
3086 3149 3430 3225 Nobilium
3491 3150 3807 3221 racionem

531 3311 550 3329 .
578 3310 598 3329 .
622 3254 795 3330 bere
845 3253 1145 3346 velletis»,
1198 3255 1327 3330 sed
1379 3255 1468 3329 de
1517 3255 1725 3331 rebus
1797 3255 2181 3330 huiusmodi
2249 3254 2336 3328 ab
2390 3254 2701 3330 omnibus
2752 3255 3200 3331 Tricesimum
3271 3253 3690 3351 reciperetis,
3753 3254 3812 3317 et

530 3347 620 3433 ad
661 3381 818 3458 eam
864 3359 1271 3435 soluendam
1341 3357 1627 3435 eosdem
1697 3360 2227 3457 compelleretis,
2279 3368 2352 3433 et
2400 3363 2557 3454 quia
2610 3380 2741 3434 nos
2791 3358 2956 3432 illud
3024 3357 3345 3454 Regnum
3386 3365 3707 3431 'nostrum
3753 3352 3815 3421 in

528 3449 842 3540 omnibus
892 3467 1036 3539 suis
1107 3466 1397 3560 antiquis
1466 3461 1913 3557 libertatibus,
1966 3474 2059 3554 et,
2101 3465 2558 3561 prerogatiuis
2629 3461 3018 3560 approbatis
3091 3472 3539 3537 manutenere
3590 3513 3606 3529 .
3635 3512 3650 3528 .
3683 3507 3699 3525 .
3751 3459 3816 3524 et

527 3589 948 3643 conseruare
1000 3566 1436 3657 intendimus,
1499 3568 1758 3642 idcirco
1809 3567 2130 3642 volumus
2182 3575 2254 3639 et
2300 3565 2702 3642 mandamus
2754 3563 3185 3641 fidelitatibus
3236 3569 3533 3654 vestris,
3582 3568 3650 3635 et
3695 3578 3816 3629 cu-

525 3671 801 3748 iuslibet
848 3680 1182 3762 vestrum,
1234 3674 1420 3746 serie
1470 3673 1904 3768 presencium
1954 3669 2377 3760 firmissime,
2428 3680 2506 3745 vt
2557 3670 2806 3744 amodo
2863 3723 2880 3743 .
2905 3725 2924 3744 .
2952 3724 2972 3743 .
3003 3725 3022 3743 .
3066 3669 3292 3744 nullus
3348 3671 3623 3745 omniuo
3688 3682 3817 3736 ve-

463 3799 466 3802 *
530 3786 744 3851 suum
796 3794 838 3848 a
887 3774 1171 3873 prefatis
1220 3773 1646 3871 Regnicolis·
1675 3776 1965 3866 nostris,
2017 3774 2137 3849 vel
2187 3795 2427 3847 eorum
2474 3773 2706 3871 aliquo
2757 3776 2829 3847 in
2879 3773 3054 3848 locis
3103 3774 3638 3849 Tricesimarum
3692 3785 3816 3841 ve-

527 3888 819 3956 strarum
870 3882 1154 3953 racione
1199 3900 1428 3952 rerum
1479 3881 1783 3976 ipsorum
1832 3881 2284 3976 propriarum,
2336 3900 2507 3974 quas
2558 3880 2690 3973 ipsi
2737 3878 2859 3953 vel
2910 3888 3109 3951 extra
3159 3877 3484 3974 Regnum
3534 3880 3816 3948 nostrum

528 3983 808 4076 efferre,
862 3983 980 4056 vel
1030 3983 1203 4059 alias
1251 4004 1377 4078 pro
1428 3982 1693 4057 eisdem
1745 3991 2038 4079 emptas,
2112 3982 2233 4056 vel
2284 3990 2696 4079 permutatas
2747 4004 2874 4079 pro
2929 4004 3063 4058 vsu
3116 3991 3188 4056 et
3239 3987 3648 4056 ornamento
3697 3971 3818 4048 do-

528 4105 718 4181 mus,
795 4097 869 4162 et
926 4086 1183 4160 familie
1233 4108 1512 4161 suorum
1566 4139 2690 4161 ........................
2740 4087 2861 4160 vel
2926 4089 3277 4182 exigere,
3306 4087 3617 4183 petique
3680 4089 3822 4155 sew

528 4194 720 4287 exigi
749 4190 1018 4282 facere,
1069 4200 1186 4264 aut
1219 4189 1505 4265 eosdem
1538 4193 1611 4265 in
1643 4193 1961 4286 personis
1996 4188 2368 4287 rebusque,
2419 4199 2490 4264 et
2538 4189 2738 4264 bonis
2789 4211 3030 4266 eorum
3079 4199 3454 4287 propterea
3508 4181 3815 4281 impedito

529 4347 1066 4369 ............
1117 4304 1489 4392 presumat,
1541 4316 1767 4391 neque
1818 4296 1907 4369 sit
1957 4315 2166 4370 ausus
2220 4291 2426 4368 modo
2478 4293 2750 4390 aliquali
2800 4297 3038 4389 gracie
3078 4302 3328 4368 nostre
3376 4289 3508 4369 sub
3543 4289 3821 4364 obtentu.

525 4396 969 4476 Poesentibus
1037 4398 1360 4495 perlectis
1429 4396 1780 4473 exhibenti
1842 4400 2188 4474 restitutis.
2320 4396 2566 4471 Datum
2635 4396 2829 4471 Bude
2898 4397 3070 4471 feria
3144 4396 3459 4472 secunda
3530 4393 3819 4492 proxima

527 4513 688 4628 post
734 4502 1162 4681 lzofflzm
1211 4501 1563 4575 Inuocauit
1614 4505 1740 4574 dcc.
1846 4502 2055 4577 Anno
2106 4501 2381 4575 Domini
2430 4499 2797 4578 millesimo
2850 4556 2870 4575 .
2898 4556 2918 4575 .
2950 4502 3543 4672 adringentesimo
3611 4512 3820 4572 nonu-

1247 4834 1569 4915 (So'ydllun
1612 4834 1875 4916 Revis-
1917 4839 1991 4899 in
2030 4834 2326 4916 inlu-fiori
2366 4838 2652 4919 nomine
2691 4843 3118 4919 oppressum.)

525 5027 673 5101 θείς.
705 5024 924 5083 membr.
955 5026 1012 5079 in
1043 5022 1275 5078 Areuve
1306 5016 1476 5094 Regni
1510 5020 1764 5080 θεοιιίιο.
1798 5024 1934 5080 Priv.
1965 5024 2054 5080 ur.
2089 5026 2178 5080 77.
