3950 5917
520 373 676 452 286

517 578 868 669 borreum,
922 577 1182 665 fossas,
1235 578 1474 653 hortos
1525 580 1902 673 pomarios,
1983 578 2289 669 cellaria,
2342 576 2620 668 fovens,
2663 582 3079 675 sepimenta,
3133 585 3201 652 ά
3251 581 3494 654 similia
3546 605 3705 678 quae
3748 590 3804 658 ia

488 680 994 762 ,detrimentum
1048 681 1376 764 fortalitii,
1432 703 1555 755 seu
1613 681 1921 755 Civitatis
1974 703 2278 774 vergere
2329 691 2641 777 possut,
2706 685 2887 755 inter
2933 682 3326 756 fortalitium
3377 684 3709 776 videlieet,
3753 693 3810 759 t

517 795 823 860 montem
877 807 964 857 ac
1017 786 1262 877 eolles,
1314 785 1428 860 ubi
1480 808 1664 859 nunc
1717 783 2058 858 excubiae
2109 794 2466 874 tenantur-3
2531 788 2792 858 nemini
2843 788 3153 878 cujusvis
3207 797 3425 861 status
3475 793 3541 859 dt
3587 790 3811 862 condi-

518 891 727 964 tionis
779 888 1060 977 bomini,
1115 889 1323 962 liceat
1374 891 1649 982 erigere
1684 898 1801 961 aut
1836 899 2197 977 extruere,
2248 910 2475 982 neque
2527 891 2820 984 cuipiam
2861 894 3313 984 permittatur.
3372 890 3619 964 Verum
3657 891 3810 967 horti

522 1014 650 1087 pro
714 991 1058 1081 caulibus,
1129 1014 1217 1064 ac
1285 991 1436 1064 aliis
1509 992 1777 1066 culinae
1830 994 2277 1083 necessariis,
2349 994 2448 1063 ita
2519 1001 2750 1065 tam
2809 1004 2891 1064 ut
2960 991 3116 1066 200
3181 993 3361 1067 ulnis
3413 1018 3453 1066 a
3523 994 3812 1069 fortalitio

519 1096 777 1189 longis,
857 1094 1107 1186 absint,
1183 1098 1466 1191 praevia
1549 1096 2131 1170 dimensuratione
2205 1094 2699 1183 oonoedntur,
2784 1100 2850 1167 dc
2919 1098 3101 1171 tales
3180 1096 3386 1186 horti,
3465 1101 3811 1193 sepimenta

518 1209 996 1294 transparente
1068 1198 1485 1272 claudantur.
1593 1200 1690 1270 Et
1764 1221 1971 1294 super
2042 1197 2216 1269 baec
2288 1201 2542 1289 omnia,
2619 1220 2745 1294 pro
2817 1201 3102 1272 meliore
3184 1199 3481 1272 fortalitii
3559 1202 3815 1295 praefati

519 1301 1095 1376 Carlostadiensis
1149 1306 1217 1373 in
1273 1325 1498 1397 eoque
1548 1301 1940 1396 degentium
1979 1302 2260 1373 militum
2316 1305 2767 1388 incremento,
2822 1304 3204 1376 consultum
3240 1308 3815 1399 necessariumque

512 1409 736 1480 visum
795 1415 939 1479 est:
1011 1417 1084 1479 ut
1136 1406 1424 1499 singulis
1478 1410 1675 1478 annis
1726 1404 1928 1478 binae
1982 1404 2365 1492 nundinae;
2434 1425 2642 1497 unae,
2694 1409 2765 1477 in
2817 1405 3030 1480 Festo
3082 1407 3167 1478 D.
3224 1404 3481 1494 Caroli,
3551 1407 3679 1480 boc
3723 1421 3816 1482 est

514 1508 637 1581 2s.
694 1509 804 1581 die
856 1509 1198 1582 Januarii:
1254 1509 1514 1581 alterae
1567 1531 1769 1598 vero,
1820 1507 1939 1582 13.
1978 1508 2091 1580 die
2141 1506 2404 1582 Mensis
2455 1507 2641 1596 Julii,
2695 1507 2830 1581 hoc
2886 1519 2994 1583 est
3041 1513 3111 1582 in
3161 1508 3375 1583 Festo
3424 1510 3504 1582 B.
3557 1509 3815 1602 Marga-

509 1612 750 1685 retbae
794 1615 919 1704 (ea
957 1612 1290 1707 siquidem
1325 1612 1440 1685 die
1478 1612 1738 1685 Civitas
1773 1615 1919 1707 ipsa
1959 1615 2185 1684 extrui
2224 1621 2422 1705 cepta
2464 1613 2660 1703 est:)
2708 1612 2794 1684 ad
2829 1610 3209 1686 diuturnam
3263 1618 3365 1684 rei
3419 1619 3810 1703 memoriam,

503 1718 705 1809 juxta
759 1713 1013 1788 bonum
1069 1715 1405 1804 ordinem,
1456 1719 1521 1787 dc
1560 1716 2075 1810 dispositionem
2112 1713 2484 1800 Praefecti,
2538 1713 2996 1806 celebrentur,
3051 1719 3203 1790 sine
3237 1727 3466 1788 tamen
3505 1717 3818 1789 nundina-

510 1841 662 1890 rum
720 1829 1152 1891 caeterorum
1224 1822 1606 1892 vicinorum
1680 1819 1991 1891 locorum
2061 1818 2505 1913 praejudicio.
2613 1817 2700 1889 Et
2770 1828 2897 1912 p’er
2974 1828 3183 1892 totum
3240 1841 3491 1892 annum
3561 1820 3816 1912 singulis

514 1920 757 1996 diebus
828 1921 1183 2010 Sabbatbi,
1259 1922 1528 1995 solitum
1602 1922 1823 1995 forum
1899 1920 2441 1994 haebdomadale
2511 1924 3020 1994 interteneatur.
3127 1921 3386 1994 Verum
3460 1922 3816 2014 hujusmodi

511 2024 884 2115 nundinae,
953 2028 1017 2099 dc
1067 2025 1320 2098 Forum
1374 2024 1917 2098 haebdomadale
1985 2035 2181 2097 extra
2237 2023 2681 2114 Fortalitium,
2757 2027 2954 2115 juxta
3008 2025 3349 2098 Praefecti
3407 2026 3818 2098 demonstra—

509 2132 793 2218 tionem,
847 2133 917 2202 in
969 2130 1128 2201 loco
1187 2128 1556 2202 commodo
1613 2127 2094 2216 administrari,
2151 2128 2622 2222 celebrarique
2678 2126 3041 2201 debebunt.

818 2231 968 2307 Nos
1005 2236 1235 2326 igitur,
1276 2235 1388 2327 qui
1444 2234 1824 2304 commodis
1866 2240 1937 2303 et
1973 2234 2437 2326 permansioni
2491 2229 2788 2303 fidelium
2828 2240 3226 2304 nostrornm
3267 2234 3814 2328 Reqm'colarm,

502 2340 837 2428 praelati
882 2337 1125 2431 Requi
1179 2343 1413 2407 nostri
1463 2336 1823 2423 Croaliae,
1899 2341 1964 2428 q·
2019 2342 2523 2427 consequenter
2566 2338 2905 2427 praelato
2953 2337 3306 2426 loreatmo
3365 2338 3816 2422 Carlosladeo,

508 2439 689 2532 quod
731 2449 1013 2534 propter
1062 2439 1239 2511 illius
1289 2438 1762 2510 defensionem
1815 2446 2198 2509 extructum
2255 2459 2419 2511 esse
2471 2436 2918 2530 dignoscitur,
2990 2461 3189 2533 quam
3247 2445 3502 2535 optime
3555 2439 3816 2510 consul-

506 2553 642 2613 tum
704 2545 768 2614 dr
822 2547 1175 2638 provisum
1230 2564 1391 2615 esse
1414 2544 1797 2637 'cupimus3
1849 2540 2322 2634 Requisitione
2361 2545 2427 2612 dc
2460 2541 2919 2636 postulatione
2977 2543 3344 2638 supradicti
3400 2544 3812 2615 serenissimi

503 2646 778 2719 Domini
833 2643 1063 2718 Caroli
1114 2645 1554 2734 ArchiduciS,
1607 2648 1825 2738 patrui
1878 2647 2098 2718 nostri
2152 2642 2576 2730 charissimi,
2628 2643 2857 2732 facta,
2928 2644 3227 2739 benigne
3280 2657 3568 2742 accepta
3603 2650 3665 2717 dc
3699 2644 3813 2716 ad-

505 2754 717 2822 missa
771 2749 1125 2843 praefatos
1182 2748 1534 2834 articulos,
1614 2769 1823 2842 super
1893 2747 2339 2832 libertatibus,
2419 2748 2825 2843 privilegiis,
2898 2753 2963 2820 dc
3014 2750 3544 2822 immunitatibus
3605 2749 3810 2820 dietae

505 2851 818 2923 Civitatis
872 2873 1103 2925 novae
1159 2849 1593 2938 Carlostadii,
1661 2850 1833 2922 infra
1892 2850 2204 2924 Castrum
2259 2849 2666 2938 Dubovacz,
2737 2860 2812 2921 iu
2869 2853 3119 2948 Reyno
3169 2863 3419 2924 nostro
3479 2855 3812 2938 Croah'ae,

505 2956 593 3026 de
649 2976 836 3026 novo
912 2965 1379 3043 constructae,
1452 2953 1675 3028 editos
1727 2959 1793 3026 dc
1845 2964 2245 3042 emanatos3
2326 2952 2942 3049 praesentibusque
3016 2957 3256 3029 litteris
3327 2960 3584 3029 nostris
3636 2975 3812 3050 supra

500 3061 804 3129 insertos
858 3061 924 3130 dc
973 3060 1379 3153 inscriptos:
1438 3080 1522 3129 ac
1578 3060 1801 3130 omnia
1850 3061 1916 3129 dc
1961 3057 2226 3150 singula
2284 3061 2349 3128 in
2408 3057 2667 3130 eisdem
2727 3068 3072 3148 contenta,
3139 3070 3456 3148 eatenus,
3511 3069 3814 3154 quatenus

498 3160 724 3232 eidem
782 3164 910 3233 rite
966 3166 1031 3234 dc
1083 3161 1387 3254 legitime
1441 3163 1747 3236 existunt
1799 3165 2123 3248 emanati,
2193 3170 2410 3250 ratoS,
2484 3172 2748 3254 gratos,
2806 3165 2870 3233 dc
2937 3174 3224 3258 accepta
3281 3162 3639 3252 babentes,
3705 3182 3812 3255 pro

500 3267 1034 3356 praenominatis
1107 3264 1424 3338 militibus
1479 3287 1565 3336 ac
1636 3265 1907 3350 incolis,
1993 3270 2056 3336 dc
2113 3268 2409 3336 caeteris
2461 3263 3024 3339 inhabitatoribus
3100 3266 3257 3338 dicti
3328 3267 3660 3339 Fortalitii
3708 3287 3811 3337 seu

503 3366 845 3456 Civitatis,
898 3371 1340 3464 ipsorumque
1394 3371 1690 3463 posteris
1731 3372 1796 3439 dc
1832 3366 2400 3456 successoribus,
2455 3372 2520 3439 in
2576 3367 2889 3464 praefato
2943 3369 3295 3442 Fortalitio
3351 3392 3479 3465 pro
3530 3381 3816 3463 tempore

501 3470 934 3564 degentibus,
988 3483 1324 3567 perpetuo
1380 3472 1708 3546 valituras
1763 3470 2315 3567 approbavimus,
2369 3469 2857 3545 ratificavimus
2914 3477 2979 3545 dc
3027 3472 3613 3564 confirmavimus,
3654 3473 3813 3545 Sal-

500 3585 608 3644 vis
661 3596 936 3666 semper
989 3583 1296 3669 antiques
1351 3576 1646 3671 leqibna,
1704 3583 1769 3670 q·
1822 3575 2428 3645 consuetudinibus
2480 3576 2722 3670 Requi
2768 3585 3002 3647 nostri
3045 3577 3503 3673 Hunyariae,
3557 3584 3623 3676 q·
3650 3598 3816 3670 par-

498 3686 669 3746 tium
725 3686 798 3747 ei
845 3676 1342 3768 subjectarum..
1398 3675 1967 3774 permanentibus
2023 3677 2238 3750 Immo
2293 3676 2775 3772 approbamus,
2852 3679 3295 3771 ratificamus,
3347 3686 3417 3753 t
3463 3678 3818 3754 conflrma-

504 3803 687 3869 muS,
740 3780 976 3853 harum
1031 3794 1443 3870 nostrarum,
1519 3781 1762 3877 quibus
1818 3791 2162 3854 secretum
2219 3779 2529 3875 Sigillum
2584 3792 2920 3868 nostrum,
2996 3806 3130 3877 qvo
3183 3792 3259 3855 ut
3315 3786 3480 3857 Rem
3531 3786 3814 3877 Harpa-

500 3894 660 3954 riae
716 3891 998 3968 utimur,
1052 3896 1159 3957 est
1213 3907 1568 3980 apensum,
1624 3887 1870 3978 vigore
1926 3889 1992 3957 dc
2047 3888 2436 3959 testimonio
2490 3887 2890 3961 litterarum.
2944 3887 3192 3960 Datum
3246 3892 3315 3960 in
3361 3888 3556 3960 Arce
3606 3894 3812 3958 nostra

496 3986 719 4076 Regia
775 3987 1139 4080 Pragensi,
1191 3988 1442 4060 XXIV.
1521 3987 1653 4062 Die
1705 3989 1989 4083 Aprilis,
2062 3989 2271 4062 Anno
2327 3988 2601 4062 Domini
2659 3989 2882 4063 1581.
2968 3989 3369 4084 Regnorum
3420 4001 3813 4074 nostrorum,

498 4089 795 4163 Romani
851 4099 1096 4164 sexto:
1162 4092 1555 4184 Hungariae
1611 4097 1674 4163 dc
1728 4093 2014 4164 aliorum
2071 4114 2297 4165 nono:
2353 4092 2728 4165 Bohemiae
2783 4116 2959 4168 vero
3015 4116 3196 4167 anno
3252 4096 3566 4169 similiter
3616 4101 3822 4168 sexto.

813 4192 965 4267 Nos
1015 4198 1247 4290 itaque
1300 4195 1670 4267 humillima
1723 4196 2245 4291 supplicatione,
2326 4217 2452 4291 pro
2507 4207 2700 4292 parte
2752 4197 3216 4292 praefatorum
3269 4200 3553 4272 militnm
3607 4203 3672 4270 dc
3715 4199 3815 4268 in·-

499 4298 805 4370 colarum
876 4301 1496 4394 universorumque
1572 4298 1834 4372 Civium
1910 4299 2070 4371 dicti
2139 4299 2497 4390 Fortalitii,
2579 4303 2733 4374 sive
2788 4299 3097 4375 Civitatis
3170 4324 3404 4376 novae
3478 4301 3816 4374 Carlosta-

496 4402 756 4476 diensis
809 4399 1133 4475 Nostrae.
1222 4402 1425 4476 modo
1483 4424 1618 4497 quo
1678 4424 1909 4499 supra,
1965 4413 2280 4498 porrecta
2318 4403 2691 4495 Majestati,
2744 4403 2968 4499 Regia
3018 4404 3442 4499 benignitate
3497 4403 3816 4486 exaudita,

500 4505 880 4577 clementer
936 4510 1001 4577 dc
1054 4505 1381 4592 admissa,
1437 4506 1847 4602 praelibatas
1904 4506 2239 4579 nundinas
2292 4506 2482 4581 Festi
2538 4508 2610 4580 S.
2665 4507 3178 4604 Margarethae,
3239 4531 3334 4581 ex
3387 4507 3639 4583 eodem
3689 4506 3816 4579 Fe·-

495 4619 630 4690 sto,
716 4612 786 4682 in
843 4608 1020 4681 diem
1077 4608 1404 4682 Sabbathi
1475 4610 1907 4697 Dominicae,
1963 4610 2459 4684 Sanctissimae
2515 4614 2580 4682 dc
2649 4611 3048 4686 lndividuae
3099 4612 3474 4705 Trinitatis,
3532 4613 3818 4703 aliosque

491 4712 676 4782 idem
741 4711 1157 4787 Sabbathum
1211 4713 1601 4786 immediate
1640 4713 2166 4809 praecedentes,
2223 4714 2306 4786 ad
2346 4714 2412 4786 id
2450 4714 2778 4788 videlicet
2829 4725 3027 4812 aptos
3064 4726 3134 4788 et
3169 4716 3597 4792 sufficientes
3650 4714 3811 4786 dies:

488 4815 741 4888 Forum
827 4820 992 4890 item
1062 4816 1603 4890 haebdomadale
1658 4841 1753 4890 ex
1806 4818 1919 4890 die
1974 4816 2327 4905 Sabbatbi,
2410 4819 2494 4889 ad
2549 4830 2966 4912 praetactum
3040 4820 3220 4893 diem
3293 4820 3520 4907 Jovis,
3603 4830 3815 4892 trans-

491 4918 903 4992 ferendum:
1012 4920 1203 4995 Unas
1286 4925 1566 5016 insuper
1644 4922 1983 4994 nundinas
2063 4944 2187 5017 pro
2268 4921 2480 4994 Festo
2559 4922 2633 4993 S.
2711 4922 3218 4995 Bartholomaei
3302 4927 3551 5019 quovis
3627 4939 3812 4996 anno,

490 5027 768 5096 omnino
827 5022 952 5096 sub
1006 5025 1250 5098 iisdem
1318 5023 1740 5099 libertatibus
1793 5030 1861 5099 dc
1905 5029 2439 5120 praerogativis,
2493 5025 2737 5120 quibus
2791 5028 3136 5100 nundinae
3186 5026 3448 5100 liberae
3504 5048 3628 5100 seu
3681 5023 3813 5095 fora

490 5128 804 5199 annualia
859 5127 1103 5217 libera,
1150 5130 1434 5202 aliarum
1487 5127 1853 5201 liberarum
1897 5128 2260 5203 Civitatum
2316 5140 2727 5219 nostrarum,
2783 5130 3182 5226 oppidorum
3235 5135 3300 5202 dc
3329 5130 3646 5205 villarum
3697 5147 3814 5196 ce-

486 5230 858 5312 lebrantur,
914 5242 1244 5327 perpetuo
1301 5231 1687 5306 servandas
1743 5237 1809 5304 dc
1860 5237 1930 5305 in
1987 5233 2228 5305 eadem
2289 5230 2580 5305 Civitate
2636 5255 2819 5306 nova
2870 5233 3408 5309 Carlostadiensi
3460 5230 3816 5305 celebran-

486 5333 643 5420 das,
722 5332 985 5425 absque
1056 5345 1283 5408 tamen
1355 5336 1763 5431 praejuditio
1836 5336 2285 5409 nundinarum
2358 5358 2483 5411 seu
2558 5336 2891 5410 Fororum
2966 5337 3382 5430 annualium,
3461 5335 3812 5410 liberorum
