3950 5917
1579 917 1981 1004 11va

1030 1235 1241 1307 Anno
1299 1233 1400 1307 12
1412 1233 1537 1308 72.
1591 1235 1706 1307 die
1769 1233 1896 1308 14.
1948 1234 2161 1306 Jm'i.
2230 1231 2535 1328 Spoleti.

106 1494 978 1601 Archiepiscopus
1029 1495 1672 1601 Spalatensis
1734 1499 2348 1601 provinciam
2402 1494 2723 1575 Likam
2785 1493 3448 1603 Episcopatui

1388 1633 2176 1716 Nouensicedss.

422 1905 509 1979 In
560 1909 837 1979 nomine
890 1905 1021 1978 Dei
1074 1909 1339 1979 aeterni
1389 1906 1637 1981 Amen.
1741 1908 1950 1980 Anno
2003 1905 2497 1979 Incarnationis
2550 1908 2702 1998 ejus
2759 1904 2987 1997 1272,
3057 1906 3442 1983 Indictione

112 2006 259 2081 XV.
317 2006 439 2082 die
498 2008 624 2083 14.
660 2013 952 2082 intrante
1001 2010 1207 2099 Junii,
1260 2021 1595 2104 regnante
1647 2009 1733 2082 D.
1767 2008 1852 2083 N.
1908 2008 2256 2105 Stephano
2295 2007 2754 2084 Serenissimo
2806 2010 3006 2104 Rege
3060 2010 3435 2106 Ungariae,

114 2122 433 2208 tempore
486 2112 572 2185 D.
627 2114 914 2186 Joannis
984 2112 1403 2187 venerabilis
1475 2112 1898 2211 spalatensis
1967 2112 2525 2210 Archiepiscopi,
2596 2113 2867 2187 Domini
2918 2114 3233 2188 Joachini
3283 2116 3439 2188 Pe·-

114 2220 279 2289 ctari
354 2215 537 2288 Bani
607 2217 1049 2309 sclavoniae,
1121 2215 1402 2291 Comitis
1472 2217 1555 2289 D.
1607 2217 1859 2291 Vulcet
1911 2216 2285 2310 (Vulchet)
2357 2219 2686 2312 egregiae
2755 2217 3159 2307 Potestatis,
3211 2217 3433 2294 Dobri

114 2318 413 2395 Buscize
472 2319 879 2413 (Dusizze),
951 2321 1244 2395 Vulcine
1297 2320 1715 2415 (Vulcena),
1786 2321 2006 2394 Frese
2057 2319 2394 2396 Judicum.
3233 2369 3239 2375 ·

424 2449 582 2525 Nos
628 2451 935 2528 Joannes
982 2446 1071 2526 D.
1128 2444 1207 2525 G.
1264 2450 1687 2550 spalatensis
1738 2451 2350 2547 Arcbiepiscopus,
2412 2450 2500 2522 ad
2552 2453 3028 2525 universorum
3082 2470 3434 2547 praesen-‘-

120 2558 277 2627 tium
330 2565 403 2628 et
454 2554 863 2648 futurorum,
915 2557 1153 2630 harum
1206 2561 1416 2648 serie,
1465 2557 1734 2652 plenam
1787 2558 2042 2631 notiam
2094 2556 2413 2628 volumus
2466 2554 2823 2646 devenire,
2881 2555 3061 2651 quod
3108 2566 3431 2653 suscepta

118 2661 469 2753 regiminis
525 2682 690 2733 cura
741 2660 1191 2734 venerandae
1238 2660 1424 2735 sedis
1478 2659 1841 2733 Ecclesiae
1893 2659 2344 2755 Spalatensis,
2399 2658 2711 2732 dolentes
2765 2669 2835 2731 et
2887 2670 3244 2752 gementes
3298 2684 3431 2734 re-

115 2767 413 2857 perimus
470 2773 545 2835 et
595 2766 980 2838 invenimus
1049 2768 1267 2861 ipsam
1334 2764 1421 2838 de
1484 2786 1609 2838 sua
1680 2768 1950 2859 antiqua
2024 2763 2374 2858 dignitate,
2446 2763 3035 2855 suffraganeorum
3103 2764 3432 2837 videlicet

116 2867 520 2959 pluralitate,
574 2872 1097 2964 possessionum
1142 2871 1683 2965 provenientium
1720 2866 2161 2956 multitudine,
2216 2878 2285 2939 et
2317 2870 2820 2961 provinciarum
2859 2867 3426 2960 (Parecbiarum)

110 2990 425 3060 numero,
476 2970 1098 3067 praedecessorum
1167 2982 1554 3047 nostrorum
1623 2971 2068 3066 indulgentia,
2137 2969 2502 3043 multifarie
2561 2971 2921 3067 multisque
2976 2971 3197 3045 modis
3251 2995 3432 3069 spo-

114 3072 369 3159 liatam,
422 3077 726 3169 quinimo
780 3097 956 3171 pene
1009 3076 1307 3149 totaliter
1359 3074 1786 3167 suffocatam,
1858 3084 1929 3147 et
1981 3078 2124 3148 suis
2173 3072 2438 3166 ¹iuribus
2510 3073 2914 3147 destitutam.
3026 3072 3236 3168 Cujus
3291 3077 3430 3149 εἶθ-’-

118 3176 476 3252 solutionis
527 3182 693 3252 tacti
746 3178 987 3253 dolore
1040 3179 1270 3254 cordis
1321 3183 1758 3270 intrinsecus,
1810 3182 1970 3251 totis
2023 3178 2447 3273 praecordiis
2501 3182 3024 3274 compatientes,
3092 3189 3164 3251 et
3214 3184 3430 3275 ipsius

108 3284 531 3376 reparationi
584 3281 875 3356 studium
926 3306 1052 3380 pro
1102 3305 1314 3380 posse
1366 3282 1793 3373 adhibentes,
1846 3281 1931 3355 ab
1975 3284 2127 3377 ipso
2162 3280 2531 3378 primordio
2582 3286 2801 3357 nostri
2854 3284 3190 3357 adventus
3241 3282 3426 3356 fama

114 3383 395 3475 celebri,
450 3386 947 3482 multorumque
998 3386 1320 3461 nobilium
1371 3388 1706 3460 relatione
1756 3389 2215 3483 percepimus,
2266 3386 2697 3460 Provinciam
2725 3385 2890 3459 Lika
2928 3386 3013 3459 ad
3047 3385 3425 3484 praefatam

110 3487 370 3561 Sede-
440 3488 923 3586 Spalatensem
990 3494 1441 3586 pertinuisse3
1507 3501 1578 3564 et
1645 3491 1803 3565 ideo
1876 3512 2031 3562 cum
2103 3490 2390 3563 consilio
2446 3500 2517 3563 et
2571 3511 2721 3563 cum
2796 3512 3142 3563 consensu
3207 3495 3425 3565 nostri

102 3588 399 3689 Capituli
470 3593 889 3690 praedictam
960 3594 1393 3669 Provinciam
1445 3594 1611 3668 Lika
1666 3595 1752 3667 ad
1800 3595 1912 3686 jus
1968 3604 2038 3665 et
2087 3597 2568 3692 proprietatem
2639 3594 2834 3666 Beati
2883 3593 3158 3668 Domnii
3209 3618 3426 3670 resu-

106 3716 299 3772 mere
353 3695 795 3792 volebamus,
847 3698 1141 3773 Domino
1192 3698 1373 3793 Regi
1422 3708 1658 3773 contra
1728 3696 2197 3772 venerabilem
2268 3697 2549 3771 fratrem
2619 3708 2926 3774 nostrum
2978 3698 3064 3772 D.
3119 3697 3427 3795 Stepha-

106 3820 261 3875 num
316 3800 742 3898 Episcopum
803 3801 1201 3877 Nouensem
1271 3825 1529 3898 graves
1599 3805 2101 3899 quaerimonias
2167 3800 2518 3893 faciendo,
2589 3812 2660 3877 et
2709 3807 2931 3900 ipsum
2980 3806 3052 3875 in
3106 3825 3423 3880 caussam

108 3926 341 3979 curam
410 3908 572 4001 ipso
634 3905 1058 3981 attrahendo.
1165 3904 1467 4003 Cumque
1534 3907 1675 3979 tale
1742 3908 2089 4000 negotium
2159 3905 2271 3978 diu
2342 3928 2575 3978 coram
2630 3906 2924 3979 Domino
2976 3906 3178 4002 Rege
3245 3910 3426 3981 inter

104 4028 227 4083 nos
276 4018 705 4100 verteretur,
754 4010 1142 4106 praedictus
1193 4010 1279 4084 1).
1332 4009 1678 4085 Nouensis
1730 4009 2115 4107 Episcopus
2168 4010 2574 4105 supplicavit
2623 4010 2821 4082 nobis
2877 4031 3089 4106 saepe
3145 4014 3422 4106 saepius

100 4110 476 4203 hmiliter,
525 4114 1040 4209 privilegiorum
1085 4136 1363 4189 suorum
1416 4117 1756 4188 munimen
1805 4112 2195 4208 allegando,
2250 4123 2322 4184 et
2355 4135 2548 4187 suam
2593 4115 2922 4204 ¹iustitiam
2976 4112 3420 4204 declarando,

106 4216 229 4290 sibi
280 4217 830 4291 misericorditer
897 4221 969 4292 in
1019 4217 1152 4291 bac
1200 4227 1394 4316 parte
1467 4222 1822 4294 assentire.
1931 4218 2359 4312 Quapropter
2410 4237 2539 4288 uos
2593 4227 2664 4288 et
2717 4214 3092 4312 Capitulum
3164 4216 3419 4312 Spala-

94 4330 307 4393 ωε
358 4320 588 4395 Deum
636 4320 970 4397 babentes
1021 4344 1187 4418 prae
1242 4324 1488 4414 oculis,
1533 4326 1650 4415 jus
1704 4332 1775 4395 et
1823 4321 2158 4394 bonorem
2227 4317 2574 4393 Nouensis
2627 4319 2992 4411 Ecclesiae
3063 4325 3419 4415 cupientes

98 4434 179 4495 et
229 4424 587 4516 volentes,
640 4428 820 4499 sicut
867 4423 1196 4500 debemus
1232 4436 1304 4501 et
1335 4436 1647 4500 tenemur
1697 4448 1792 4499 ex
1843 4425 2074 4498 officio
2124 4423 2326 4499 nobis
2377 4427 2707 4518 injuncto,
2761 4424 3185 4517 integraliter
3235 4447 3420 4498 con-

94 4526 382 4602 ἕπει-ο
436 4538 509 4601 et
558 4550 1008 4623 conservare,
1078 4534 1351 4604 veritati
1403 4541 1473 4606 et
1522 4554 1662 4604 non
1712 4529 1941 4603 famae
2013 4532 2379 4605 innitentes
2431 4550 2640 4653 super
2691 4527 2936 4601 eadem
2989 4532 3420 4623 quaestione,

96 4654 259 4705 cum
342 4642 584 4706 nostro
656 4631 961 4730 Capitulo
1032 4636 1318 4730 aliisque
1388 4634 1802 4731 sapientibus
1856 4644 1929 4707 et
1978 4634 2325 4727 religiosis
2395 4634 2564 4705 viris
2629 4630 3122 4705 deliberatione
3190 4630 3418 4708 habita

78 4748 175 4809 et
226 4738 526 4810 consilio
578 4735 910 4832 diligenti,
985 4737 1405 4834 praedictam
1470 4738 1903 4812 Provinciam
1970 4735 2140 4809 Lika
2211 4759 2366 4810 cnm
2436 4731 2751 4810 omnibus
2819 4740 2968 4812 suis
3026 4735 3294 4830 juribus
3349 4750 3427 4813 et

80 4843 534 4935 pertinentiis
584 4863 713 4938 per
762 4863 892 4916 nos
944 4853 1016 4915 et
1051 4839 1422 4966 Capitulum
1475 4852 1779 4917 nostrum
1832 4864 1918 4913 ac
1970 4862 2422 4915 successores
2474 4847 2778 4931 nostros,
2839 4845 3207 4940 praecipue
3262 4865 3418 4915 cum

76 4949 171 5017 in
233 4942 480 5017 eadem
534 4948 893 5039 questione
944 4945 1107 5020 nibil
1150 4948 1327 5039 juris
1381 4950 1645 5042 penitus
1700 4944 2097 5035 babeamus,
2161 4946 2360 5018 salvo
2415 4943 2787 5020 secundum
2839 4967 3102 5020 morem
3152 4948 3415 5041 patriae

66 5050 518 5123 muttonis
588 5048 847 5140 officio,
896 5048 1293 5124 Venerabili
1362 5048 1553 5124 fratri
1622 5061 1861 5124 nostro
1913 4997 2261 5145 Stepliano
2333 5047 2641 5122 Nouensi
2692 5047 3067 5147 Episcopo,
3137 5059 3209 5121 et
3258 5050 3416 5140 ejus

54 5154 659 5244 necantibus,
710 5163 987 5228 nostrae
1021 5153 1330 5230 Nouensi
1362 5153 1727 5229 Ecclesiae
1777 5154 2056 5253 realiter
2099 5163 2168 5225 ct
2200 5153 2678 5248 personaliter,
2728 5152 3016 5250 pacifice
3061 5175 3147 5224 ac
3181 5153 3414 5247 quiete

60 5254 545 5381 adnm-us
614 5268 946 5354 perpetuo
995 5257 1518 5355 possidendam.
1590 5260 2070 5333 renunciantes
2122 5266 2193 5330 et
2243 5256 2572 5333 cedentes
2637 5259 2934 5331 totaliter
3003 5254 3413 5350 quaestioni.

22 5358 181 5437 ÷h
236 5364 430 5455 nius
480 5365 591 5437 rei
645 5365 1037 5436 memoriam
1094 5371 1496 5461 perpetuam
1552 5372 1623 5436 et
1673 5364 1975 5441 notitiam
2026 5360 2431 5456 pleniorem,
2500 5370 2935 5459 praesentem
2987 5359 3410 5454 cessionem,

302 5520 1084 5599 (tanmem-t)
2899 5487 2986 5564 11
