<?xml version="1.0" encoding="UTF-8"?>
<!DOCTYPE html PUBLIC "-//W3C//DTD XHTML 1.0 Transitional//EN"
    "http://www.w3.org/TR/xhtml1/DTD/xhtml1-transitional.dtd">
<html xmlns="http://www.w3.org/1999/xhtml" xml:lang="en" lang="en">
 <head>
  <title>
</title>
<meta http-equiv="Content-Type" content="text/html;charset=utf-8" />
  <meta name='ocr-system' content='tesseract 3.04.00' />
  <meta name='ocr-capabilities' content='ocr_page ocr_carea ocr_par ocr_line ocrx_word'/>
</head>
<body>
  <div class='ocr_page' id='page_1' title='image "./juraregnicroati00etcgoog/juraregnicroati00etcgoog_0405.png"; bbox 0 0 3950 5917; ppageno 0'>
   <div class='ocr_carea' id='block_1_1' title="bbox 17 389 23 588">
    <p class='ocr_par' dir='ltr' id='par_1_1' title="bbox 17 389 23 588">
     <span class='ocr_line' id='line_1_1' title="bbox 17 389 23 588; baseline 0 0"><span class='ocrx_word' id='word_1_1' title='bbox 17 389 23 588; x_wconf 61' lang='lat' dir='ltr'><em>D</em></span> 
     </span>
    </p>
   </div>
   <div class='ocr_carea' id='block_1_2' title="bbox 117 629 3459 1354">
    <p class='ocr_par' dir='ltr' id='par_1_2' title="bbox 117 629 3459 816">
     <span class='ocr_line' id='line_1_2' title="bbox 117 629 3459 731; baseline -0.001 -19"><span class='ocrx_word' id='word_1_2' title='bbox 117 639 233 714; x_wconf 74' lang='lat' dir='ltr'>din</span> <span class='ocrx_word' id='word_1_3' title='bbox 276 638 541 712; x_wconf 70' lang='lat' dir='ltr'>nostr-is</span> <span class='ocrx_word' id='word_1_4' title='bbox 590 633 873 731; x_wconf 67' lang='lat' dir='ltr'>Regiis</span> <span class='ocrx_word' id='word_1_5' title='bbox 888 633 1249 728; x_wconf 59' lang='grc' dir='ltr'><strong><em>αξη-ὢ</em></strong></span> <span class='ocrx_word' id='word_1_6' title='bbox 1270 629 1509 709; x_wconf 69' lang='lat' dir='ltr'>&#39;Sah-</span> <span class='ocrx_word' id='word_1_7' title='bbox 1540 631 1669 708; x_wconf 70' lang='lat' dir='ltr'>vol</span> <span class='ocrx_word' id='word_1_8' title='bbox 1708 629 1983 722; x_wconf 69' lang='lat' dir='ltr'>einer-e,</span> <span class='ocrx_word' id='word_1_9' title='bbox 2027 632 2153 706; x_wconf 60' lang='grc' dir='ltr'>πᾶσι</span> <span class='ocrx_word' id='word_1_10' title='bbox 2197 630 2541 721; x_wconf 72' lang='lat' dir='ltr'>vendere,</span> <span class='ocrx_word' id='word_1_11' title='bbox 2595 641 2667 706; x_wconf 82' lang='lat' dir='ltr'>et</span> <span class='ocrx_word' id='word_1_12' title='bbox 2718 635 2788 704; x_wconf 88' lang='lat' dir='ltr'>in</span> <span class='ocrx_word' id='word_1_13' title='bbox 2825 629 3178 706; x_wconf 75' lang='lat' dir='ltr'>antellata</span> <span class='ocrx_word' id='word_1_14' title='bbox 3208 631 3459 727; x_wconf 66' lang='lat' dir='ltr'>Rq-</span> 
     </span>
     <span class='ocr_line' id='line_1_3' title="bbox 120 717 3426 826; baseline -0.004 -9"><span class='ocrx_word' id='word_1_15' title='bbox 120 740 456 816; x_wconf 78' lang='lat' dir='ltr'>indaoore</span> <span class='ocrx_word' id='word_1_16' title='bbox 500 739 622 814; x_wconf 77' lang='lat' dir='ltr'>&#39;vel</span> <span class='ocrx_word' id='word_1_17' title='bbox 640 739 860 813; x_wconf 79' lang='lat' dir='ltr'>Domi</span> <span class='ocrx_word' id='word_1_18' title='bbox 913 759 1084 814; x_wconf 72' lang='lat' dir='ltr'>suno</span> <span class='ocrx_word' id='word_1_19' title='bbox 1131 759 1427 813; x_wconf 72' lang='lat' dir='ltr'>servare</span> <span class='ocrx_word' id='word_1_20' title='bbox 1474 736 1608 812; x_wconf 67' lang='lat' dir='ltr'>urb</span> <span class='ocrx_word' id='word_1_21' title='bbox 1658 737 1894 812; x_wconf 77' lang='lat' dir='ltr'>Poena</span> <span class='ocrx_word' id='word_1_22' title='bbox 1948 732 2482 826; x_wconf 69' lang='lat' dir='ltr'>confiscationis</span> <span class='ocrx_word' id='word_1_23' title='bbox 2535 732 2849 810; x_wconf 74' lang='lat' dir='ltr'>absolute</span> <span class='ocrx_word' id='word_1_24' title='bbox 2901 736 3019 808; x_wconf 80' lang='lat' dir='ltr'>ulli</span> <span class='ocrx_word' id='word_1_25' title='bbox 3067 717 3369 810; x_wconf 65' lang='lat' dir='ltr'>licent.</span> <span class='ocrx_word' id='word_1_26' title='bbox 3403 760 3426 805; x_wconf 71' lang='grc' dir='ltr'>ι</span> 
     </span>
    </p>

    <p class='ocr_par' dir='ltr' id='par_1_3' title="bbox 120 832 3459 1354">
     <span class='ocr_line' id='line_1_4' title="bbox 436 832 3456 935; baseline -0.001 -19"><span class='ocrx_word' id='word_1_27' title='bbox 436 841 781 931; x_wconf 80' lang='lat' dir='ltr'>Quocirca</span> <span class='ocrx_word' id='word_1_28' title='bbox 832 841 1300 917; x_wconf 64' lang='lat' dir='ltr'>Fidelitatibu</span> <span class='ocrx_word' id='word_1_29' title='bbox 1348 843 1609 916; x_wconf 72' lang='lat' dir='ltr'>vestris</span> <span class='ocrx_word' id='word_1_30' title='bbox 1654 841 1898 913; x_wconf 69' lang='lat' dir='ltr'>harum</span> <span class='ocrx_word' id='word_1_31' title='bbox 1948 832 2140 915; x_wconf 70' lang='lat' dir='ltr'>serie</span> <span class='ocrx_word' id='word_1_32' title='bbox 2203 837 2493 912; x_wconf 80' lang='lat' dir='ltr'>fimiter</span> <span class='ocrx_word' id='word_1_33' title='bbox 2539 838 3026 935; x_wconf 78' lang='lat' dir='ltr'>praecipiendo</span> <span class='ocrx_word' id='word_1_34' title='bbox 3071 841 3456 914; x_wconf 58' lang='lat' dir='ltr'>muil-</span> 
     </span>
     <span class='ocr_line' id='line_1_5' title="bbox 122 940 3457 1069; baseline -0.001 -49"><span class='ocrx_word' id='word_1_35' title='bbox 122 968 278 1023; x_wconf 75' lang='lat' dir='ltr'>mu</span> <span class='ocrx_word' id='word_1_36' title='bbox 328 958 405 1022; x_wconf 80' lang='lat' dir='ltr'>et</span> <span class='ocrx_word' id='word_1_37' title='bbox 453 945 882 1035; x_wconf 66' lang='lat' dir='ltr'>mandamus,</span> <span class='ocrx_word' id='word_1_38' title='bbox 967 955 1300 1042; x_wconf 69' lang='lat' dir='ltr'>quatem</span> <span class='ocrx_word' id='word_1_39' title='bbox 1350 948 1682 1069; x_wconf 73' lang='lat' dir='ltr'>aoenptis</span> <span class='ocrx_word' id='word_1_40' title='bbox 1714 941 2195 1042; x_wconf 75' lang='lat' dir='ltr'>praesentibus</span> <span class='ocrx_word' id='word_1_41' title='bbox 2244 941 2806 1037; x_wconf 84' lang='lat' dir='ltr'>benignissimam</span> <span class='ocrx_word' id='word_1_42' title='bbox 2849 943 3125 1016; x_wconf 75' lang='lat' dir='ltr'>huncce</span> <span class='ocrx_word' id='word_1_43' title='bbox 3175 940 3457 1019; x_wconf 68' lang='lat' dir='ltr'>Gaesa‘-</span> 
     </span>
     <span class='ocr_line' id='line_1_6' title="bbox 121 1044 3458 1145; baseline -0.001 -20"><span class='ocrx_word' id='word_1_44' title='bbox 121 1049 597 1145; x_wconf 77' lang='lat' dir='ltr'>reo—Regiam</span> <span class='ocrx_word' id='word_1_45' title='bbox 644 1047 1170 1123; x_wconf 79' lang='lat' dir='ltr'>Resolutionem</span> <span class='ocrx_word' id='word_1_46' title='bbox 1221 1058 1528 1123; x_wconf 79' lang='lat' dir='ltr'>nostram</span> <span class='ocrx_word' id='word_1_47' title='bbox 1604 1051 1677 1122; x_wconf 79' lang='lat' dir='ltr'>in</span> <span class='ocrx_word' id='word_1_48' title='bbox 1722 1047 2195 1144; x_wconf 58' lang='lat' dir='ltr'>paefatam</span> <span class='ocrx_word' id='word_1_49' title='bbox 2245 1046 2647 1141; x_wconf 80' lang='lat' dir='ltr'>Regnorum</span> <span class='ocrx_word' id='word_1_50' title='bbox 2695 1055 3087 1121; x_wconf 75' lang='lat' dir='ltr'>nostr-om</span> <span class='ocrx_word' id='word_1_51' title='bbox 3139 1044 3458 1120; x_wconf 69' lang='lat' dir='ltr'>cnmitae-</span> 
     </span>
     <span class='ocr_line' id='line_1_7' title="bbox 120 1147 3459 1254; baseline 0 -27"><span class='ocrx_word' id='word_1_52' title='bbox 120 1154 306 1230; x_wconf 70' lang='lat' dir='ltr'>tilms</span> <span class='ocrx_word' id='word_1_53' title='bbox 368 1152 607 1228; x_wconf 77' lang='lat' dir='ltr'>debito</span> <span class='ocrx_word' id='word_1_54' title='bbox 675 1153 884 1227; x_wconf 88' lang='lat' dir='ltr'>modo</span> <span class='ocrx_word' id='word_1_55' title='bbox 951 1151 1305 1249; x_wconf 84' lang='lat' dir='ltr'>publicare</span> <span class='ocrx_word' id='word_1_56' title='bbox 1354 1162 1429 1225; x_wconf 81' lang='lat' dir='ltr'>et</span> <span class='ocrx_word' id='word_1_57' title='bbox 1476 1151 1884 1254; x_wconf 71' lang='lat' dir='ltr'>obseruare,</span> <span class='ocrx_word' id='word_1_58' title='bbox 1962 1152 2464 1246; x_wconf 71' lang='lat' dir='ltr'><strong>ulterioresque</strong></span> <span class='ocrx_word' id='word_1_59' title='bbox 2529 1147 2899 1247; x_wconf 80' lang='lat' dir='ltr'>superinde</span> <span class='ocrx_word' id='word_1_60' title='bbox 2967 1151 3459 1246; x_wconf 81' lang='lat' dir='ltr'>dispositiones</span> 
     </span>
     <span class='ocr_line' id='line_1_8' title="bbox 120 1252 3459 1354; baseline -0.001 -21"><span class='ocrx_word' id='word_1_61' title='bbox 120 1266 381 1354; x_wconf 75' lang='lat' dir='ltr'>quanto</span> <span class='ocrx_word' id='word_1_62' title='bbox 434 1310 650 1331; x_wconf 87' lang='grc'><strong>.....</strong></span> <span class='ocrx_word' id='word_1_63' title='bbox 702 1255 969 1349; x_wconf 69' lang='lat' dir='ltr'>fucere,</span> <span class='ocrx_word' id='word_1_64' title='bbox 1038 1255 1264 1331; x_wconf 86' lang='lat' dir='ltr'>modis</span> <span class='ocrx_word' id='word_1_65' title='bbox 1331 1254 1649 1331; x_wconf 82' lang='lat' dir='ltr'>omnibus</span> <span class='ocrx_word' id='word_1_66' title='bbox 1710 1256 1997 1345; x_wconf 77' lang='lat' dir='ltr'>veletis‚</span> <span class='ocrx_word' id='word_1_67' title='bbox 2077 1252 2524 1349; x_wconf 74' lang='lat' dir='ltr'>debeatisqne</span> <span class='ocrx_word' id='word_1_68' title='bbox 2604 1263 2675 1328; x_wconf 85' lang='lat' dir='ltr'>et</span> <span class='ocrx_word' id='word_1_69' title='bbox 2736 1256 3125 1327; x_wconf 83' lang='lat' dir='ltr'>teneamini.</span> <span class='ocrx_word' id='word_1_70' title='bbox 3225 1253 3459 1329; x_wconf 68' lang='lat' dir='ltr'>Sems</span> 
     </span>
    </p>
   </div>
   <div class='ocr_carea' id='block_1_3' title="bbox 113 1356 3456 1662">
    <p class='ocr_par' dir='ltr' id='par_1_4' title="bbox 113 1356 3456 1662">
     <span class='ocr_line' id='line_1_9' title="bbox 117 1356 3456 1454; baseline -0.001 -19"><span class='ocrx_word' id='word_1_71' title='bbox 117 1382 263 1435; x_wconf 86' lang='lat' dir='ltr'>non</span> <span class='ocrx_word' id='word_1_72' title='bbox 329 1360 598 1435; x_wconf 78' lang='lat' dir='ltr'>facturi.</span> <span class='ocrx_word' id='word_1_73' title='bbox 702 1359 923 1435; x_wconf 86' lang='lat' dir='ltr'>Vobis</span> <span class='ocrx_word' id='word_1_74' title='bbox 991 1362 1062 1434; x_wconf 91' lang='lat' dir='ltr'>in</span> <span class='ocrx_word' id='word_1_75' title='bbox 1131 1359 1395 1454; x_wconf 85' lang='lat' dir='ltr'>reliquo</span> <span class='ocrx_word' id='word_1_76' title='bbox 1453 1357 1681 1432; x_wconf 78' lang='lat' dir='ltr'>Gratia</span> <span class='ocrx_word' id='word_1_77' title='bbox 1751 1368 1989 1431; x_wconf 89' lang='lat' dir='ltr'>nostra</span> <span class='ocrx_word' id='word_1_78' title='bbox 2063 1356 2689 1452; x_wconf 79' lang='lat' dir='ltr'>Caesareo-Regia</span> <span class='ocrx_word' id='word_1_79' title='bbox 2753 1356 3058 1453; x_wconf 84' lang='lat' dir='ltr'>benigne</span> <span class='ocrx_word' id='word_1_80' title='bbox 3126 1361 3456 1454; x_wconf 63' lang='lat' dir='ltr'>proponti</span> 
     </span>
     <span class='ocr_line' id='line_1_10' title="bbox 116 1459 3453 1594; baseline -0.002 -56"><span class='ocrx_word' id='word_1_81' title='bbox 116 1473 503 1539; x_wconf 58' lang='lat' dir='ltr'>maneum.</span> <span class='ocrx_word' id='word_1_82' title='bbox 608 1462 857 1540; x_wconf 78' lang='lat' dir='ltr'>Datum</span> <span class='ocrx_word' id='word_1_83' title='bbox 908 1466 983 1538; x_wconf 89' lang='lat' dir='ltr'>in</span> <span class='ocrx_word' id='word_1_84' title='bbox 1037 1459 1326 1537; x_wconf 72' lang='lat' dir='ltr'>Ciuitate</span> <span class='ocrx_word' id='word_1_85' title='bbox 1376 1473 1615 1536; x_wconf 83' lang='lat' dir='ltr'>nostra</span> <span class='ocrx_word' id='word_1_86' title='bbox 1666 1461 1936 1536; x_wconf 73' lang='lat' dir='ltr'>Viema</span> <span class='ocrx_word' id='word_1_87' title='bbox 1988 1461 2341 1551; x_wconf 68' lang='lat' dir='ltr'>Aristi-iae,</span> <span class='ocrx_word' id='word_1_88' title='bbox 2423 1460 2536 1534; x_wconf 89' lang='lat' dir='ltr'>die</span> <span class='ocrx_word' id='word_1_89' title='bbox 2586 1460 2947 1535; x_wconf 83' lang='lat' dir='ltr'>undecima</span> <span class='ocrx_word' id='word_1_90' title='bbox 2999 1460 3263 1594; x_wconf 81' lang='lat' dir='ltr'>Mensis</span> <span class='ocrx_word' id='word_1_91' title='bbox 3315 1461 3453 1533; x_wconf 88' lang='lat' dir='ltr'>Ju-</span> 
     </span>
     <span class='ocr_line' id='line_1_11' title="bbox 113 1563 3318 1662; baseline -0.001 -22"><span class='ocrx_word' id='word_1_92' title='bbox 113 1570 243 1660; x_wconf 81' lang='lat' dir='ltr'>nij‚</span> <span class='ocrx_word' id='word_1_93' title='bbox 308 1568 520 1641; x_wconf 83' lang='lat' dir='ltr'>Anno</span> <span class='ocrx_word' id='word_1_94' title='bbox 569 1566 844 1640; x_wconf 88' lang='lat' dir='ltr'>Domini</span> <span class='ocrx_word' id='word_1_95' title='bbox 896 1565 1261 1640; x_wconf 91' lang='lat' dir='ltr'>Millesimo</span> <span class='ocrx_word' id='word_1_96' title='bbox 1316 1563 1940 1662; x_wconf 75' lang='lat' dir='ltr'>septingentesimo</span> <span class='ocrx_word' id='word_1_97' title='bbox 1991 1567 2242 1661; x_wconf 77' lang='lat' dir='ltr'>primo.</span> <span class='ocrx_word' id='word_1_98' title='bbox 3313 1615 3318 1620; x_wconf 31' lang='lat'><strong><em>¹</em></strong></span> 
     </span>
    </p>
   </div>
   <div class='ocr_carea' id='block_1_4' title="bbox 431 1770 1082 1868">
    <p class='ocr_par' dir='ltr' id='par_1_5' title="bbox 431 1770 1082 1868">
     <span class='ocr_line' id='line_1_12' title="bbox 431 1770 1082 1868; baseline -0.002 -23"><span class='ocrx_word' id='word_1_99' title='bbox 431 1770 822 1868; x_wconf 87' lang='lat' dir='ltr'>Leopoldus</span> <span class='ocrx_word' id='word_1_100' title='bbox 875 1794 964 1844; x_wconf 89' lang='lat' dir='ltr'>m.</span> <span class='ocrx_word' id='word_1_101' title='bbox 1017 1795 1082 1868; x_wconf 89' lang='lat' dir='ltr'>p.</span> 
     </span>
    </p>
   </div>
   <div class='ocr_carea' id='block_1_5' title="bbox 117 2010 2460 2098">
    <p class='ocr_par' dir='ltr' id='par_1_6' title="bbox 117 2010 2460 2098">
     <span class='ocr_line' id='line_1_13' title="bbox 117 2010 2460 2098; baseline -0.002 -19"><span class='ocrx_word' id='word_1_102' title='bbox 117 2024 383 2098; x_wconf 66' lang='lat' dir='ltr'>originale</span> <span class='ocrx_word' id='word_1_103' title='bbox 417 2026 473 2078; x_wconf 75' lang='grc' dir='ltr'>ιιι</span> <span class='ocrx_word' id='word_1_104' title='bbox 502 2010 737 2078; x_wconf 70' lang='lat' dir='ltr'>&#39;Arcffivo</span> <span class='ocrx_word' id='word_1_105' title='bbox 774 2024 940 2094; x_wconf 64' lang='lat' dir='ltr'>Regni</span> <span class='ocrx_word' id='word_1_106' title='bbox 979 2022 1238 2078; x_wconf 69' lang='lat' dir='ltr'>crona-0.</span> <span class='ocrx_word' id='word_1_107' title='bbox 1275 2025 1404 2077; x_wconf 68' lang='lat' dir='ltr'>Acta</span> <span class='ocrx_word' id='word_1_108' title='bbox 1439 2023 1498 2075; x_wconf 72' lang='grc' dir='ltr'>ιι</span> <span class='ocrx_word' id='word_1_109' title='bbox 1540 2021 2019 2093; x_wconf 65' lang='lat' dir='ltr'>congregationum</span> <span class='ocrx_word' id='word_1_110' title='bbox 2060 2023 2213 2076; x_wconf 80' lang='lat'><strong>1701.</strong></span> <span class='ocrx_word' id='word_1_111' title='bbox 2247 2020 2338 2077; x_wconf 67' lang='lat' dir='ltr'>ne.</span> <span class='ocrx_word' id='word_1_112' title='bbox 2373 2023 2460 2078; x_wconf 70' lang='grc' dir='ltr'>ιο.</span> 
     </span>
    </p>
   </div>
   <div class='ocr_carea' id='block_1_6' title="bbox 1468 2331 2094 2346">
    <p class='ocr_par' dir='ltr' id='par_1_7' title="bbox 1468 2331 2094 2346">
     <span class='ocr_line' id='line_1_14' title="bbox 1468 2331 2094 2346; baseline 0 3571"><span class='ocrx_word' id='word_1_113' title='bbox 1468 2331 2094 2346; x_wconf 95' lang='lat' dir='ltr'> </span> 
     </span>
    </p>
   </div>
   <div class='ocr_carea' id='block_1_7' title="bbox 1483 2688 2081 2776">
    <p class='ocr_par' dir='ltr' id='par_1_8' title="bbox 1483 2688 2081 2776">
     <span class='ocr_line' id='line_1_15' title="bbox 1483 2688 2081 2776; baseline -0.007 -3"><span class='ocrx_word' id='word_1_114' title='bbox 1483 2688 2081 2776; x_wconf 77' lang='lat' dir='ltr'>ccxxlv.</span> 
     </span>
    </p>
   </div>
   <div class='ocr_carea' id='block_1_8' title="bbox 580 2991 2970 3087">
    <p class='ocr_par' dir='ltr' id='par_1_9' title="bbox 580 2991 2970 3087">
     <span class='ocr_line' id='line_1_16' title="bbox 580 2991 2970 3087; baseline 0.002 -22"><span class='ocrx_word' id='word_1_115' title='bbox 580 2996 792 3066; x_wconf 74' lang='lat' dir='ltr'>Anno</span> <span class='ocrx_word' id='word_1_116' title='bbox 852 2994 891 3064; x_wconf 89' lang='lat'><strong><em>1</em></strong></span> <span class='ocrx_word' id='word_1_117' title='bbox 909 2992 1089 3066; x_wconf 87' lang='lat'><strong><em>701.</em></strong></span> <span class='ocrx_word' id='word_1_118' title='bbox 1147 2997 1395 3066; x_wconf 71' lang='lat' dir='ltr'>Mense</span> <span class='ocrx_word' id='word_1_119' title='bbox 1444 2991 1847 3067; x_wconf 73' lang='lat' dir='ltr'>Decembri.</span> <span class='ocrx_word' id='word_1_120' title='bbox 1950 2992 2032 3063; x_wconf 80' lang='lat' dir='ltr'>In</span> <span class='ocrx_word' id='word_1_121' title='bbox 2086 2993 2435 3066; x_wconf 68' lang='lat' dir='ltr'>Distu-ictu</span> <span class='ocrx_word' id='word_1_122' title='bbox 2486 2994 2970 3087; x_wconf 70' lang='lat' dir='ltr'>Mediumury&#39;e.</span> 
     </span>
    </p>
   </div>
   <div class='ocr_carea' id='block_1_9' title="bbox 96 3251 3441 3640">
    <p class='ocr_par' dir='ltr' id='par_1_10' title="bbox 96 3251 3441 3640">
     <span class='ocr_line' id='line_1_17' title="bbox 96 3251 3441 3362; baseline -0.001 -22"><span class='ocrx_word' id='word_1_123' title='bbox 96 3251 1121 3340; x_wconf 77' lang='lat' dir='ltr'>Parochi&#39;districtus</span> <span class='ocrx_word' id='word_1_124' title='bbox 1184 3254 1838 3362; x_wconf 88' lang='lat' dir='ltr'>Medjumurje</span> <span class='ocrx_word' id='word_1_125' title='bbox 1900 3266 2447 3362; x_wconf 75' lang='lat' dir='ltr'>testantur,</span> <span class='ocrx_word' id='word_1_126' title='bbox 2539 3261 2631 3336; x_wconf 87' lang='lat' dir='ltr'>in</span> <span class='ocrx_word' id='word_1_127' title='bbox 2697 3257 3028 3338; x_wconf 88' lang='lat' dir='ltr'>eodem</span> <span class='ocrx_word' id='word_1_128' title='bbox 3092 3258 3441 3353; x_wconf 69' lang='lat' dir='ltr'>distri-2·</span> 
     </span>
     <span class='ocr_line' id='line_1_18' title="bbox 98 3390 3439 3501; baseline 0.001 -27"><span class='ocrx_word' id='word_1_129' title='bbox 98 3408 266 3476; x_wconf 87' lang='lat' dir='ltr'>ctu</span> <span class='ocrx_word' id='word_1_130' title='bbox 328 3397 640 3475; x_wconf 87' lang='lat' dir='ltr'>solam</span> <span class='ocrx_word' id='word_1_131' title='bbox 734 3396 1171 3501; x_wconf 81' lang='lat' dir='ltr'>linguam</span> <span class='ocrx_word' id='word_1_132' title='bbox 1236 3399 1777 3474; x_wconf 84' lang='lat' dir='ltr'>croaticam</span> <span class='ocrx_word' id='word_1_133' title='bbox 1840 3397 2198 3500; x_wconf 81' lang='lat' dir='ltr'>vigere</span> <span class='ocrx_word' id='word_1_134' title='bbox 2261 3398 2502 3472; x_wconf 87' lang='lat' dir='ltr'>etin</span> <span class='ocrx_word' id='word_1_135' title='bbox 2567 3390 3439 3476; x_wconf 66' lang='lat' dir='ltr'>administratione</span> 
     </span>
     <span class='ocr_line' id='line_1_19' title="bbox 227 3532 3366 3640; baseline 0 -27"><span class='ocrx_word' id='word_1_136' title='bbox 227 3545 1068 3614; x_wconf 88' lang='lat' dir='ltr'>sacramentorum</span> <span class='ocrx_word' id='word_1_137' title='bbox 1131 3533 1611 3640; x_wconf 84' lang='lat' dir='ltr'>verbique</span> <span class='ocrx_word' id='word_1_138' title='bbox 1675 3532 1981 3613; x_wconf 87' lang='lat' dir='ltr'>divini</span> <span class='ocrx_word' id='word_1_139' title='bbox 2047 3536 2792 3613; x_wconf 85' lang='lat' dir='ltr'>annuntiatione</span> <span class='ocrx_word' id='word_1_140' title='bbox 2856 3532 3366 3614; x_wconf 80' lang='lat' dir='ltr'>adhiberi..</span> 
     </span>
    </p>
   </div>
   <div class='ocr_carea' id='block_1_10' title="bbox 82 3800 3538 4730">
    <p class='ocr_par' dir='ltr' id='par_1_11' title="bbox 82 3800 3538 4730">
     <span class='ocr_line' id='line_1_20' title="bbox 416 3800 3538 3901; baseline -0.001 -23"><span class='ocrx_word' id='word_1_141' title='bbox 416 3802 563 3879; x_wconf 89' lang='lat' dir='ltr'>Nos</span> <span class='ocrx_word' id='word_1_142' title='bbox 608 3804 1020 3901; x_wconf 83' lang='lat' dir='ltr'>infrascripti</span> <span class='ocrx_word' id='word_1_143' title='bbox 1072 3806 1278 3878; x_wconf 90' lang='lat' dir='ltr'>totius</span> <span class='ocrx_word' id='word_1_144' title='bbox 1324 3802 1625 3894; x_wconf 66' lang='lat' dir='ltr'>Insulae„</span> <span class='ocrx_word' id='word_1_145' title='bbox 1669 3806 1844 3877; x_wconf 86' lang='lat' dir='ltr'>intra</span> <span class='ocrx_word' id='word_1_146' title='bbox 1896 3804 2206 3878; x_wconf 83' lang='lat' dir='ltr'>Dravum</span> <span class='ocrx_word' id='word_1_147' title='bbox 2242 3815 2312 3877; x_wconf 89' lang='lat' dir='ltr'>et</span> <span class='ocrx_word' id='word_1_148' title='bbox 2341 3803 2606 3877; x_wconf 87' lang='lat' dir='ltr'>Muram</span> <span class='ocrx_word' id='word_1_149' title='bbox 2659 3800 2910 3878; x_wconf 82' lang='lat' dir='ltr'>fluvios</span> <span class='ocrx_word' id='word_1_150' title='bbox 2964 3804 3435 3897; x_wconf 81' lang='lat' dir='ltr'>consistentis,</span> <span class='ocrx_word' id='word_1_151' title='bbox 3527 3819 3538 3828; x_wconf 89' lang='lat'><strong>·</strong></span> 
     </span>
     <span class='ocr_line' id='line_1_21' title="bbox 87 3906 3435 4004; baseline -0 -21"><span class='ocrx_word' id='word_1_152' title='bbox 87 3908 225 3984; x_wconf 86' lang='lat' dir='ltr'>sub</span> <span class='ocrx_word' id='word_1_153' title='bbox 296 3909 618 3984; x_wconf 88' lang='lat' dir='ltr'>Dominio</span> <span class='ocrx_word' id='word_1_154' title='bbox 669 3908 879 3981; x_wconf 89' lang='lat' dir='ltr'>Arcis</span> <span class='ocrx_word' id='word_1_155' title='bbox 935 3906 1403 4004; x_wconf 76' lang='lat' dir='ltr'>Gbaktornya.,</span> <span class='ocrx_word' id='word_1_156' title='bbox 1474 3907 1972 3980; x_wconf 88' lang='lat' dir='ltr'>Parochialium</span> <span class='ocrx_word' id='word_1_157' title='bbox 2029 3908 2498 3982; x_wconf 84' lang='lat' dir='ltr'>Ecclesiarum</span> <span class='ocrx_word' id='word_1_158' title='bbox 2565 3907 2934 3996; x_wconf 67' lang='lat' dir='ltr'>Rectores,</span> <span class='ocrx_word' id='word_1_159' title='bbox 3007 3907 3096 3980; x_wconf 85' lang='lat' dir='ltr'>ad</span> <span class='ocrx_word' id='word_1_160' title='bbox 3156 3910 3435 3982; x_wconf 84' lang='lat' dir='ltr'>instan-</span> 
     </span>
     <span class='ocr_line' id='line_1_22' title="bbox 85 4008 3434 4104; baseline 0.001 -16"><span class='ocrx_word' id='word_1_161' title='bbox 85 4018 263 4088; x_wconf 82' lang='lat' dir='ltr'>tiam</span> <span class='ocrx_word' id='word_1_162' title='bbox 314 4009 885 4087; x_wconf 87' lang='lat' dir='ltr'>Reverendorum</span> <span class='ocrx_word' id='word_1_163' title='bbox 937 4010 1211 4084; x_wconf 90' lang='lat' dir='ltr'>Patrum</span> <span class='ocrx_word' id='word_1_164' title='bbox 1265 4008 1668 4083; x_wconf 81' lang='lat' dir='ltr'>croatorum</span> <span class='ocrx_word' id='word_1_165' title='bbox 1723 4010 1998 4085; x_wconf 85' lang='lat' dir='ltr'>Ordinis</span> <span class='ocrx_word' id='word_1_166' title='bbox 2050 4010 2125 4085; x_wconf 90' lang='lat' dir='ltr'>S.</span> <span class='ocrx_word' id='word_1_167' title='bbox 2196 4011 2389 4084; x_wconf 90' lang='lat' dir='ltr'>Pauli</span> <span class='ocrx_word' id='word_1_168' title='bbox 2440 4012 2813 4104; x_wconf 78' lang='lat' dir='ltr'>Eremitae‚</span> <span class='ocrx_word' id='word_1_169' title='bbox 2883 4014 2956 4085; x_wconf 91' lang='lat' dir='ltr'>in</span> <span class='ocrx_word' id='word_1_170' title='bbox 3004 4009 3434 4090; x_wconf 78' lang='lat' dir='ltr'>Monasterio</span> 
     </span>
     <span class='ocr_line' id='line_1_23' title="bbox 89 4113 3433 4210; baseline -0.001 -17"><span class='ocrx_word' id='word_1_171' title='bbox 89 4115 607 4193; x_wconf 85' lang='lat' dir='ltr'>Chaktornensi</span> <span class='ocrx_word' id='word_1_172' title='bbox 676 4118 1137 4207; x_wconf 68' lang='lat' dir='ltr'>existentium,</span> <span class='ocrx_word' id='word_1_173' title='bbox 1219 4114 1536 4204; x_wconf 71' lang='lat' dir='ltr'>fatemur,</span> <span class='ocrx_word' id='word_1_174' title='bbox 1617 4122 2018 4189; x_wconf 81' lang='lat' dir='ltr'>attestamur</span> <span class='ocrx_word' id='word_1_175' title='bbox 2070 4123 2141 4188; x_wconf 90' lang='lat' dir='ltr'>et</span> <span class='ocrx_word' id='word_1_176' title='bbox 2206 4119 2776 4210; x_wconf 82' lang='lat' dir='ltr'>recognoscimus</span> <span class='ocrx_word' id='word_1_177' title='bbox 2845 4118 2918 4189; x_wconf 90' lang='lat' dir='ltr'>in</span> <span class='ocrx_word' id='word_1_178' title='bbox 2985 4113 3121 4188; x_wconf 84' lang='lat' dir='ltr'>fide</span> <span class='ocrx_word' id='word_1_179' title='bbox 3193 4124 3433 4189; x_wconf 87' lang='lat' dir='ltr'>nostra</span> 
     </span>
     <span class='ocr_line' id='line_1_24' title="bbox 89 4217 3430 4343; baseline -0.002 -47"><span class='ocrx_word' id='word_1_180' title='bbox 89 4220 536 4296; x_wconf 89' lang='lat' dir='ltr'>Sacerdotali</span> <span class='ocrx_word' id='word_1_181' title='bbox 577 4240 714 4343; x_wconf 48' lang='lat' dir='ltr'>per·</span> <span class='ocrx_word' id='word_1_182' title='bbox 735 4228 1183 4316; x_wconf 85' lang='lat' dir='ltr'>praesentes.</span> <span class='ocrx_word' id='word_1_183' title='bbox 1244 4217 1427 4313; x_wconf 82' lang='lat' dir='ltr'>quod</span> <span class='ocrx_word' id='word_1_184' title='bbox 1479 4221 1549 4292; x_wconf 93' lang='lat' dir='ltr'>in</span> <span class='ocrx_word' id='word_1_185' title='bbox 1583 4225 1727 4291; x_wconf 90' lang='lat' dir='ltr'>toto</span> <span class='ocrx_word' id='word_1_186' title='bbox 1781 4218 2108 4291; x_wconf 87' lang='lat' dir='ltr'>Districtu</span> <span class='ocrx_word' id='word_1_187' title='bbox 2159 4218 2514 4314; x_wconf 83' lang='lat' dir='ltr'>praefatae</span> <span class='ocrx_word' id='word_1_188' title='bbox 2564 4218 2840 4294; x_wconf 86' lang='lat' dir='ltr'>Insulae</span> <span class='ocrx_word' id='word_1_189' title='bbox 2889 4219 3128 4292; x_wconf 79' lang='lat' dir='ltr'>Dravo</span> <span class='ocrx_word' id='word_1_190' title='bbox 3184 4217 3430 4290; x_wconf 89' lang='lat' dir='ltr'>Mura-</span> 
     </span>
     <span class='ocr_line' id='line_1_25' title="bbox 87 4319 3428 4418; baseline -0.001 -20"><span class='ocrx_word' id='word_1_191' title='bbox 87 4319 551 4418; x_wconf 69' lang='lat' dir='ltr'>koz‚1ingua</span> <span class='ocrx_word' id='word_1_192' title='bbox 604 4326 805 4397; x_wconf 90' lang='lat' dir='ltr'>unice</span> <span class='ocrx_word' id='word_1_193' title='bbox 860 4324 1163 4395; x_wconf 88' lang='lat' dir='ltr'>croatica</span> <span class='ocrx_word' id='word_1_194' title='bbox 1208 4344 1335 4397; x_wconf 87' lang='lat' dir='ltr'>seu</span> <span class='ocrx_word' id='word_1_195' title='bbox 1367 4321 1766 4395; x_wconf 87' lang='lat' dir='ltr'>sclavonica</span> <span class='ocrx_word' id='word_1_196' title='bbox 1822 4326 1909 4395; x_wconf 91' lang='lat' dir='ltr'>sit</span> <span class='ocrx_word' id='word_1_197' title='bbox 1959 4321 2214 4394; x_wconf 84' lang='lat' dir='ltr'>Matrix</span> <span class='ocrx_word' id='word_1_198' title='bbox 2260 4332 2330 4395; x_wconf 88' lang='lat' dir='ltr'>et</span> <span class='ocrx_word' id='word_1_199' title='bbox 2378 4324 2714 4417; x_wconf 66' lang='lat' dir='ltr'>vulgaris,</span> <span class='ocrx_word' id='word_1_200' title='bbox 2765 4330 2905 4395; x_wconf 89' lang='lat' dir='ltr'>tam</span> <span class='ocrx_word' id='word_1_201' title='bbox 2949 4321 3175 4418; x_wconf 80' lang='lat' dir='ltr'>quoad</span> <span class='ocrx_word' id='word_1_202' title='bbox 3219 4344 3428 4395; x_wconf 91' lang='lat' dir='ltr'>com-</span> 
     </span>
     <span class='ocr_line' id='line_1_26' title="bbox 84 4423 3429 4528; baseline -0.001 -26"><span class='ocrx_word' id='word_1_203' title='bbox 84 4450 376 4502; x_wconf 76' lang='lat' dir='ltr'>munem</span> <span class='ocrx_word' id='word_1_204' title='bbox 425 4450 651 4515; x_wconf 74' lang='lat' dir='ltr'>usum,</span> <span class='ocrx_word' id='word_1_205' title='bbox 699 4448 900 4521; x_wconf 85' lang='lat' dir='ltr'>quam</span> <span class='ocrx_word' id='word_1_206' title='bbox 946 4423 1172 4520; x_wconf 80' lang='lat' dir='ltr'>quoad</span> <span class='ocrx_word' id='word_1_207' title='bbox 1209 4424 1637 4498; x_wconf 82' lang='lat' dir='ltr'>Sacramenti</span> <span class='ocrx_word' id='word_1_208' title='bbox 1672 4423 2144 4499; x_wconf 90' lang='lat' dir='ltr'>Poenitentiae</span> <span class='ocrx_word' id='word_1_209' title='bbox 2188 4435 2260 4498; x_wconf 91' lang='lat' dir='ltr'>et</span> <span class='ocrx_word' id='word_1_210' title='bbox 2291 4424 2705 4500; x_wconf 82' lang='lat' dir='ltr'>Matrimonii</span> <span class='ocrx_word' id='word_1_211' title='bbox 2744 4426 3429 4528; x_wconf 74' lang='lat' dir='ltr'>administrationem,</span> 
     </span>
     <span class='ocr_line' id='line_1_27' title="bbox 82 4526 3425 4653; baseline -0.001 -47"><span class='ocrx_word' id='word_1_212' title='bbox 82 4556 227 4606; x_wconf 85' lang='lat' dir='ltr'>nec</span> <span class='ocrx_word' id='word_1_213' title='bbox 283 4554 425 4605; x_wconf 91' lang='lat' dir='ltr'>non</span> <span class='ocrx_word' id='word_1_214' title='bbox 478 4529 1060 4653; x_wconf 87' lang='lat' dir='ltr'>praedicationem</span> <span class='ocrx_word' id='word_1_215' title='bbox 1109 4526 1327 4602; x_wconf 85' lang='lat' dir='ltr'>Verbi</span> <span class='ocrx_word' id='word_1_216' title='bbox 1377 4529 1511 4602; x_wconf 91' lang='lat' dir='ltr'>Dei</span> <span class='ocrx_word' id='word_1_217' title='bbox 1563 4529 1648 4602; x_wconf 88' lang='lat' dir='ltr'>ad</span> <span class='ocrx_word' id='word_1_218' title='bbox 1703 4531 2049 4627; x_wconf 71' lang='lat' dir='ltr'>populum,</span> <span class='ocrx_word' id='word_1_219' title='bbox 2131 4540 2329 4625; x_wconf 89' lang='lat' dir='ltr'>prout</span> <span class='ocrx_word' id='word_1_220' title='bbox 2380 4550 2549 4602; x_wconf 82' lang='lat' dir='ltr'>mox</span> <span class='ocrx_word' id='word_1_221' title='bbox 2601 4531 2853 4623; x_wconf 87' lang='lat' dir='ltr'>singuli</span> <span class='ocrx_word' id='word_1_222' title='bbox 2920 4539 3231 4605; x_wconf 88' lang='lat' dir='ltr'>nostrum</span> <span class='ocrx_word' id='word_1_223' title='bbox 3284 4528 3425 4603; x_wconf 83' lang='lat' dir='ltr'>do·-</span> 
     </span>
     <span class='ocr_line' id='line_1_28' title="bbox 82 4627 3170 4730; baseline -0 -22"><span class='ocrx_word' id='word_1_224' title='bbox 82 4637 417 4710; x_wconf 85' lang='lat' dir='ltr'>claraturi</span> <span class='ocrx_word' id='word_1_225' title='bbox 469 4656 730 4724; x_wconf 76' lang='lat' dir='ltr'>sumus,</span> <span class='ocrx_word' id='word_1_226' title='bbox 783 4644 855 4706; x_wconf 91' lang='lat' dir='ltr'>et</span> <span class='ocrx_word' id='word_1_227' title='bbox 904 4637 976 4705; x_wconf 91' lang='lat' dir='ltr'>in</span> <span class='ocrx_word' id='word_1_228' title='bbox 1026 4627 1230 4707; x_wconf 85' lang='lat' dir='ltr'>fidem</span> <span class='ocrx_word' id='word_1_229' title='bbox 1285 4632 1815 4730; x_wconf 88' lang='lat' dir='ltr'>subscripsimus</span> <span class='ocrx_word' id='word_1_230' title='bbox 1869 4633 2266 4730; x_wconf 77' lang='lat' dir='ltr'>sigillisque</span> <span class='ocrx_word' id='word_1_231' title='bbox 2318 4636 2574 4709; x_wconf 86' lang='lat' dir='ltr'>nostris</span> <span class='ocrx_word' id='word_1_232' title='bbox 2628 4631 3170 4728; x_wconf 83' lang='lat' dir='ltr'>obsignavimus.</span> 
     </span>
    </p>
   </div>
   <div class='ocr_carea' id='block_1_11' title="bbox 80 4836 3427 5460">
    <p class='ocr_par' dir='ltr' id='par_1_12' title="bbox 80 4836 3427 5460">
     <span class='ocr_line' id='line_1_29' title="bbox 408 4836 3427 4937; baseline -0.002 -22"><span class='ocrx_word' id='word_1_233' title='bbox 408 4841 562 4937; x_wconf 80' lang='lat' dir='ltr'>Ego</span> <span class='ocrx_word' id='word_1_234' title='bbox 634 4839 1020 4935; x_wconf 87' lang='lat' dir='ltr'>Stephanus</span> <span class='ocrx_word' id='word_1_235' title='bbox 1089 4840 1423 4929; x_wconf 72' lang='lat' dir='ltr'>Tatarics,</span> <span class='ocrx_word' id='word_1_236' title='bbox 1484 4838 1906 4912; x_wconf 85' lang='lat' dir='ltr'>Parochialis</span> <span class='ocrx_word' id='word_1_237' title='bbox 1955 4838 2319 4912; x_wconf 87' lang='lat' dir='ltr'>Ecclesiae</span> <span class='ocrx_word' id='word_1_238' title='bbox 2373 4838 2611 4913; x_wconf 85' lang='lat' dir='ltr'>Sancti</span> <span class='ocrx_word' id='word_1_239' title='bbox 2678 4837 3038 4912; x_wconf 78' lang='lat' dir='ltr'>Michaelis</span> <span class='ocrx_word' id='word_1_240' title='bbox 3089 4836 3427 4911; x_wconf 85' lang='lat' dir='ltr'>Archan-</span> 
     </span>
     <span class='ocr_line' id='line_1_30' title="bbox 82 4940 3423 5041; baseline -0.002 -21"><span class='ocrx_word' id='word_1_241' title='bbox 82 4946 235 5041; x_wconf 76' lang='lat' dir='ltr'>geli</span> <span class='ocrx_word' id='word_1_242' title='bbox 284 4943 417 5020; x_wconf 86' lang='lat' dir='ltr'>sub</span> <span class='ocrx_word' id='word_1_243' title='bbox 467 4946 658 5017; x_wconf 88' lang='lat' dir='ltr'>Arce</span> <span class='ocrx_word' id='word_1_244' title='bbox 710 4943 1150 5041; x_wconf 77' lang='lat' dir='ltr'>Chaktornya</span> <span class='ocrx_word' id='word_1_245' title='bbox 1202 4942 1463 5016; x_wconf 87' lang='lat' dir='ltr'>Rector</span> <span class='ocrx_word' id='word_1_246' title='bbox 1514 4954 1586 5016; x_wconf 89' lang='lat' dir='ltr'>et</span> <span class='ocrx_word' id='word_1_247' title='bbox 1638 4940 2410 5016; x_wconf 85' lang='lat' dir='ltr'>Vico-Archidiaconus</span> <span class='ocrx_word' id='word_1_248' title='bbox 2460 4946 2668 5017; x_wconf 87' lang='lat' dir='ltr'>totius</span> <span class='ocrx_word' id='word_1_249' title='bbox 2704 4941 3067 5016; x_wconf 86' lang='lat' dir='ltr'>Districtus</span> <span class='ocrx_word' id='word_1_250' title='bbox 3119 4940 3423 5033; x_wconf 73' lang='lat' dir='ltr'>Insulae,</span> 
     </span>
     <span class='ocr_line' id='line_1_31' title="bbox 82 5044 3425 5142; baseline -0.002 -18"><span class='ocrx_word' id='word_1_251' title='bbox 82 5056 265 5124; x_wconf 84' lang='lat' dir='ltr'>intra</span> <span class='ocrx_word' id='word_1_252' title='bbox 316 5049 627 5123; x_wconf 83' lang='lat' dir='ltr'>Dravum</span> <span class='ocrx_word' id='word_1_253' title='bbox 697 5058 766 5122; x_wconf 88' lang='lat' dir='ltr'>et</span> <span class='ocrx_word' id='word_1_254' title='bbox 817 5046 1083 5121; x_wconf 88' lang='lat' dir='ltr'>Muram</span> <span class='ocrx_word' id='word_1_255' title='bbox 1137 5049 1529 5136; x_wconf 79' lang='lat' dir='ltr'>existentis,</span> <span class='ocrx_word' id='word_1_256' title='bbox 1601 5045 1966 5118; x_wconf 86' lang='lat' dir='ltr'>Dioecesis</span> <span class='ocrx_word' id='word_1_257' title='bbox 2020 5044 2535 5140; x_wconf 85' lang='lat' dir='ltr'>Zagrabiensis.,</span> <span class='ocrx_word' id='word_1_258' title='bbox 2614 5056 2837 5122; x_wconf 87' lang='lat' dir='ltr'>testor</span> <span class='ocrx_word' id='word_1_259' title='bbox 2884 5047 2983 5118; x_wconf 88' lang='lat' dir='ltr'>uti</span> <span class='ocrx_word' id='word_1_260' title='bbox 3035 5066 3241 5142; x_wconf 87' lang='lat' dir='ltr'>supra</span> <span class='ocrx_word' id='word_1_261' title='bbox 3292 5067 3425 5117; x_wconf 89' lang='lat' dir='ltr'>re-</span> 
     </span>
     <span class='ocr_line' id='line_1_32' title="bbox 84 5147 3427 5251; baseline -0.002 -22"><span class='ocrx_word' id='word_1_262' title='bbox 84 5162 331 5251; x_wconf 84' lang='lat' dir='ltr'>spectu</span> <span class='ocrx_word' id='word_1_263' title='bbox 385 5155 684 5227; x_wconf 82' lang='lat' dir='ltr'>omnium</span> <span class='ocrx_word' id='word_1_264' title='bbox 733 5150 1219 5225; x_wconf 87' lang='lat' dir='ltr'>Parochiarum</span> <span class='ocrx_word' id='word_1_265' title='bbox 1286 5152 1494 5224; x_wconf 83' lang='lat' dir='ltr'>totius</span> <span class='ocrx_word' id='word_1_266' title='bbox 1564 5147 1838 5223; x_wconf 90' lang='lat' dir='ltr'>Insulae</span> <span class='ocrx_word' id='word_1_267' title='bbox 1886 5147 2268 5245; x_wconf 76' lang='lat' dir='ltr'>praefatae,</span> <span class='ocrx_word' id='word_1_268' title='bbox 2338 5149 2670 5242; x_wconf 85' lang='lat' dir='ltr'>Linguam</span> <span class='ocrx_word' id='word_1_269' title='bbox 2721 5148 3077 5224; x_wconf 86' lang='lat' dir='ltr'>Matricem</span> <span class='ocrx_word' id='word_1_270' title='bbox 3133 5159 3205 5222; x_wconf 89' lang='lat' dir='ltr'>et</span> <span class='ocrx_word' id='word_1_271' title='bbox 3255 5148 3427 5221; x_wconf 86' lang='lat' dir='ltr'>vul-</span> 
     </span>
     <span class='ocr_line' id='line_1_33' title="bbox 86 5250 3427 5352; baseline -0.001 -19"><span class='ocrx_word' id='word_1_272' title='bbox 86 5280 328 5352; x_wconf 80' lang='lat' dir='ltr'>garem</span> <span class='ocrx_word' id='word_1_273' title='bbox 386 5278 552 5330; x_wconf 88' lang='lat' dir='ltr'>esse</span> <span class='ocrx_word' id='word_1_274' title='bbox 606 5254 992 5328; x_wconf 88' lang='lat' dir='ltr'>Croaticam</span> <span class='ocrx_word' id='word_1_275' title='bbox 1045 5276 1172 5329; x_wconf 90' lang='lat' dir='ltr'>seu</span> <span class='ocrx_word' id='word_1_276' title='bbox 1226 5250 1736 5343; x_wconf 77' lang='lat' dir='ltr'>Sclavenicam‚</span> <span class='ocrx_word' id='word_1_277' title='bbox 1816 5272 2197 5347; x_wconf 86' lang='lat' dir='ltr'>omnesque</span> <span class='ocrx_word' id='word_1_278' title='bbox 2247 5252 2590 5327; x_wconf 88' lang='lat' dir='ltr'>Rectores</span> <span class='ocrx_word' id='word_1_279' title='bbox 2661 5253 2862 5344; x_wconf 89' lang='lat' dir='ltr'>hujus</span> <span class='ocrx_word' id='word_1_280' title='bbox 2941 5252 3218 5327; x_wconf 84' lang='lat' dir='ltr'>Insulae</span> <span class='ocrx_word' id='word_1_281' title='bbox 3272 5251 3427 5328; x_wconf 68' lang='lat' dir='ltr'>solu</span> 
     </span>
     <span class='ocr_line' id='line_1_34' title="bbox 80 5355 3427 5460; baseline -0.002 -24"><span class='ocrx_word' id='word_1_282' title='bbox 80 5362 319 5460; x_wconf 80' lang='lat' dir='ltr'>lingna</span> <span class='ocrx_word' id='word_1_283' title='bbox 377 5356 695 5434; x_wconf 85' lang='lat' dir='ltr'>Croatica</span> <span class='ocrx_word' id='word_1_284' title='bbox 748 5358 1194 5433; x_wconf 77' lang='lat' dir='ltr'>Sacramenta</span> <span class='ocrx_word' id='word_1_285' title='bbox 1249 5355 1724 5432; x_wconf 84' lang='lat' dir='ltr'>administrare</span> <span class='ocrx_word' id='word_1_286' title='bbox 1777 5376 1863 5427; x_wconf 89' lang='lat' dir='ltr'>ac</span> <span class='ocrx_word' id='word_1_287' title='bbox 1894 5355 2201 5430; x_wconf 90' lang='lat' dir='ltr'>Verbum</span> <span class='ocrx_word' id='word_1_288' title='bbox 2246 5355 2379 5431; x_wconf 89' lang='lat' dir='ltr'>Dei</span> <span class='ocrx_word' id='word_1_289' title='bbox 2430 5356 2862 5453; x_wconf 71' lang='lat' dir='ltr'>praedicare,</span> <span class='ocrx_word' id='word_1_290' title='bbox 2932 5367 3210 5453; x_wconf 89' lang='lat' dir='ltr'>praeter</span> <span class='ocrx_word' id='word_1_291' title='bbox 3259 5357 3427 5430; x_wconf 89' lang='lat' dir='ltr'>uni-</span> 
     </span>
    </p>
   </div>
   <div class='ocr_carea' id='block_1_12' title="bbox 2856 5485 3009 5559">
    <p class='ocr_par' dir='ltr' id='par_1_13' title="bbox 2856 5485 3009 5559">
     <span class='ocr_line' id='line_1_35' title="bbox 2856 5485 3009 5559; baseline 0.007 -1"><span class='ocrx_word' id='word_1_292' title='bbox 2856 5485 3009 5559; x_wconf 71' lang='lat'>46*</span> 
     </span>
    </p>
   </div>
  </div>
 </body>
</html>
