<?xml version="1.0" encoding="UTF-8"?>
<!DOCTYPE html PUBLIC "-//W3C//DTD XHTML 1.0 Transitional//EN"
    "http://www.w3.org/TR/xhtml1/DTD/xhtml1-transitional.dtd">
<html xmlns="http://www.w3.org/1999/xhtml" xml:lang="en" lang="en">
 <head>
  <title>
</title>
<meta http-equiv="Content-Type" content="text/html;charset=utf-8" />
  <meta name='ocr-system' content='tesseract 3.04.00' />
  <meta name='ocr-capabilities' content='ocr_page ocr_carea ocr_par ocr_line ocrx_word'/>
</head>
<body>
  <div class='ocr_page' id='page_1' title='image "./juraregnicroati00etcgoog/juraregnicroati00etcgoog_0459.png"; bbox 0 0 3950 5917; ppageno 0'>
   <div class='ocr_carea' id='block_1_1' title="bbox 15 44 22 626">
    <p class='ocr_par' dir='ltr' id='par_1_1' title="bbox 15 44 22 626">
     <span class='ocr_line' id='line_1_1' title="bbox 15 44 22 626; baseline 0 0"><span class='ocrx_word' id='word_1_1' title='bbox 15 44 22 626; x_wconf 95' lang='lat' dir='ltr'><strong> </strong></span> 
     </span>
    </p>
   </div>
   <div class='ocr_carea' id='block_1_2' title="bbox 3274 390 3454 466">
    <p class='ocr_par' dir='ltr' id='par_1_2' title="bbox 3274 390 3454 466">
     <span class='ocr_line' id='line_1_2' title="bbox 3274 390 3454 466; baseline 0.006 -1"><span class='ocrx_word' id='word_1_2' title='bbox 3274 390 3454 466; x_wconf 66' lang='grc' dir='ltr'><strong>409δ</strong></span> 
     </span>
    </p>
   </div>
   <div class='ocr_carea' id='block_1_3' title="bbox 18 598 3516 5372">
    <p class='ocr_par' dir='ltr' id='par_1_3' title="bbox 18 598 3439 3294">
     <span class='ocr_line' id='line_1_3' title="bbox 129 598 3439 698; baseline -0.001 -24"><span class='ocrx_word' id='word_1_3' title='bbox 129 623 263 698; x_wconf 81' lang='lat' dir='ltr'><strong>que</strong></span> <span class='ocrx_word' id='word_1_4' title='bbox 312 600 538 677; x_wconf 84' lang='lat' dir='ltr'><strong>Locus</strong></span> <span class='ocrx_word' id='word_1_5' title='bbox 589 598 975 677; x_wconf 74' lang='lat' dir='ltr'><strong>Mosssorin</strong></span> <span class='ocrx_word' id='word_1_6' title='bbox 1030 602 1117 677; x_wconf 90' lang='lat' dir='ltr'><strong>ad</strong></span> <span class='ocrx_word' id='word_1_7' title='bbox 1150 604 1367 676; x_wconf 87' lang='lat' dir='ltr'><strong>instar</strong></span> <span class='ocrx_word' id='word_1_8' title='bbox 1419 601 1702 675; x_wconf 89' lang='lat' dir='ltr'><strong>aliorum</strong></span> <span class='ocrx_word' id='word_1_9' title='bbox 1757 600 1888 676; x_wconf 85' lang='lat' dir='ltr'><strong>sibi</strong></span> <span class='ocrx_word' id='word_1_10' title='bbox 1938 605 2320 675; x_wconf 89' lang='lat' dir='ltr'><strong>vicinorum</strong></span> <span class='ocrx_word' id='word_1_11' title='bbox 2372 602 2678 675; x_wconf 89' lang='lat' dir='ltr'><strong>locorum</strong></span> <span class='ocrx_word' id='word_1_12' title='bbox 2732 601 3114 673; x_wconf 85' lang='lat' dir='ltr'><strong>militarium</strong></span> <span class='ocrx_word' id='word_1_13' title='bbox 3167 603 3236 673; x_wconf 88' lang='lat' dir='ltr'><strong>in</strong></span> <span class='ocrx_word' id='word_1_14' title='bbox 3271 600 3439 674; x_wconf 74' lang='lat' dir='ltr'><strong>No·-</strong></span> 
     </span>
     <span class='ocr_line' id='line_1_4' title="bbox 122 704 3430 801; baseline -0.001 -22"><span class='ocrx_word' id='word_1_15' title='bbox 122 728 283 779; x_wconf 82' lang='lat' dir='ltr'><strong>vnm</strong></span> <span class='ocrx_word' id='word_1_16' title='bbox 365 704 702 780; x_wconf 88' lang='lat' dir='ltr'><strong>fossatum</strong></span> <span class='ocrx_word' id='word_1_17' title='bbox 754 704 1047 779; x_wconf 76' lang='lat' dir='ltr'>Militare</span> <span class='ocrx_word' id='word_1_18' title='bbox 1128 709 1456 801; x_wconf 67' lang='lat' dir='ltr'><strong>erigatur,</strong></span> <span class='ocrx_word' id='word_1_19' title='bbox 1538 715 2044 801; x_wconf 88' lang='lat' dir='ltr'><strong>consequenter</strong></span> <span class='ocrx_word' id='word_1_20' title='bbox 2118 727 2269 778; x_wconf 89' lang='lat' dir='ltr'><strong>cum</strong></span> <span class='ocrx_word' id='word_1_21' title='bbox 2334 704 2644 779; x_wconf 88' lang='lat' dir='ltr'><strong>omnibus</strong></span> <span class='ocrx_word' id='word_1_22' title='bbox 2700 707 3211 800; x_wconf 88' lang='lat' dir='ltr'><strong>appertinentijs</strong></span> <span class='ocrx_word' id='word_1_23' title='bbox 3283 709 3430 777; x_wconf 89' lang='lat' dir='ltr'><strong>suis</strong></span> 
     </span>
     <span class='ocr_line' id='line_1_5' title="bbox 125 807 3434 906; baseline -0 -24"><span class='ocrx_word' id='word_1_24' title='bbox 125 807 557 903; x_wconf 84' lang='lat' dir='ltr'><strong>Confiniarijs</strong></span> <span class='ocrx_word' id='word_1_25' title='bbox 611 811 990 884; x_wconf 88' lang='lat' dir='ltr'><strong>usuandum</strong></span> <span class='ocrx_word' id='word_1_26' title='bbox 1046 820 1118 883; x_wconf 93' lang='lat' dir='ltr'><strong>et</strong></span> <span class='ocrx_word' id='word_1_27' title='bbox 1167 810 1656 906; x_wconf 86' lang='lat' dir='ltr'><strong>possidendum</strong></span> <span class='ocrx_word' id='word_1_28' title='bbox 1728 812 1828 902; x_wconf 85' lang='lat' dir='ltr'><strong>jta</strong></span> <span class='ocrx_word' id='word_1_29' title='bbox 1907 809 2234 898; x_wconf 63' lang='lat' dir='ltr'><strong>tradatur,</strong></span> <span class='ocrx_word' id='word_1_30' title='bbox 2307 819 2381 882; x_wconf 91' lang='lat' dir='ltr'><strong>ut</strong></span> <span class='ocrx_word' id='word_1_31' title='bbox 2445 812 2757 905; x_wconf 82' lang='lat' dir='ltr'><strong>exceptis</strong></span> <span class='ocrx_word' id='word_1_32' title='bbox 2827 809 2959 881; x_wconf 92' lang='lat' dir='ltr'><strong>illis</strong></span> <span class='ocrx_word' id='word_1_33' title='bbox 3032 810 3192 881; x_wconf 89' lang='lat' dir='ltr'><strong>dicti</strong></span> <span class='ocrx_word' id='word_1_34' title='bbox 3259 807 3434 881; x_wconf 80' lang='lat' dir='ltr'><strong>Loci</strong></span> 
     </span>
     <span class='ocr_line' id='line_1_6' title="bbox 126 912 3434 1009; baseline 0 -24"><span class='ocrx_word' id='word_1_35' title='bbox 126 912 708 1003; x_wconf 64' lang='lat' dir='ltr'><strong>inhabitatoribus,</strong></span> <span class='ocrx_word' id='word_1_36' title='bbox 782 917 893 1009; x_wconf 88' lang='lat' dir='ltr'><strong>qui</strong></span> <span class='ocrx_word' id='word_1_37' title='bbox 948 916 1274 988; x_wconf 89' lang='lat' dir='ltr'><strong>militares</strong></span> <span class='ocrx_word' id='word_1_38' title='bbox 1328 913 1475 985; x_wconf 85' lang='lat' dir='ltr'><strong>fieri</strong></span> <span class='ocrx_word' id='word_1_39' title='bbox 1529 924 1601 987; x_wconf 92' lang='lat' dir='ltr'><strong>et</strong></span> <span class='ocrx_word' id='word_1_40' title='bbox 1661 917 1731 985; x_wconf 93' lang='lat' dir='ltr'><strong>in</strong></span> <span class='ocrx_word' id='word_1_41' title='bbox 1782 913 2073 989; x_wconf 88' lang='lat' dir='ltr'><strong>futurum</strong></span> <span class='ocrx_word' id='word_1_42' title='bbox 2131 916 2413 988; x_wconf 87' lang='lat' dir='ltr'><strong>servitia</strong></span> <span class='ocrx_word' id='word_1_43' title='bbox 2466 914 2776 986; x_wconf 88' lang='lat' dir='ltr'><strong>militaria</strong></span> <span class='ocrx_word' id='word_1_44' title='bbox 2831 912 2915 985; x_wconf 88' lang='lat' dir='ltr'><strong>ad</strong></span> <span class='ocrx_word' id='word_1_45' title='bbox 2961 914 3186 1005; x_wconf 86' lang='lat' dir='ltr'><strong>jnstar</strong></span> <span class='ocrx_word' id='word_1_46' title='bbox 3238 913 3434 985; x_wconf 84' lang='lat' dir='ltr'><strong>alio-</strong></span> 
     </span>
     <span class='ocr_line' id='line_1_7' title="bbox 127 1015 3435 1114; baseline -0 -26"><span class='ocrx_word' id='word_1_47' title='bbox 127 1039 273 1089; x_wconf 82' lang='lat' dir='ltr'><strong>rum</strong></span> <span class='ocrx_word' id='word_1_48' title='bbox 316 1015 879 1091; x_wconf 85' lang='lat' dir='ltr'><strong>Confiniariorum</strong></span> <span class='ocrx_word' id='word_1_49' title='bbox 927 1028 1280 1114; x_wconf 87' lang='lat' dir='ltr'><strong>praestare</strong></span> <span class='ocrx_word' id='word_1_50' title='bbox 1324 1017 1693 1109; x_wconf 62' lang='lat' dir='ltr'><strong>voluerint„</strong></span> <span class='ocrx_word' id='word_1_51' title='bbox 1747 1018 1987 1113; x_wconf 81' lang='lat' dir='ltr'>reliqui</span> <span class='ocrx_word' id='word_1_52' title='bbox 2025 1040 2265 1090; x_wconf 92' lang='lat' dir='ltr'><strong>omnes</strong></span> <span class='ocrx_word' id='word_1_53' title='bbox 2301 1017 2417 1089; x_wconf 86' lang='lat' dir='ltr'><strong>vel</strong></span> <span class='ocrx_word' id='word_1_54' title='bbox 2455 1018 2539 1089; x_wconf 87' lang='lat' dir='ltr'><strong>ad</strong></span> <span class='ocrx_word' id='word_1_55' title='bbox 2580 1016 2907 1113; x_wconf 89' lang='lat' dir='ltr'><strong>Oppidum</strong></span> <span class='ocrx_word' id='word_1_56' title='bbox 2936 1017 3150 1091; x_wconf 87' lang='lat' dir='ltr'><strong>Szent</strong></span> <span class='ocrx_word' id='word_1_57' title='bbox 3183 1015 3435 1108; x_wconf 69' lang='lat' dir='ltr'><strong>Maria,</strong></span> 
     </span>
     <span class='ocr_line' id='line_1_8' title="bbox 18 1118 3438 1216; baseline -0 -22"><span class='ocrx_word' id='word_1_58' title='bbox 18 1171 19 1216; x_wconf 21' lang='lat' dir='ltr'><strong>p</strong></span> <span class='ocrx_word' id='word_1_59' title='bbox 122 1121 237 1194; x_wconf 85' lang='lat' dir='ltr'><strong>vel</strong></span> <span class='ocrx_word' id='word_1_60' title='bbox 272 1122 407 1193; x_wconf 91' lang='lat' dir='ltr'><strong>alia</strong></span> <span class='ocrx_word' id='word_1_61' title='bbox 445 1119 824 1195; x_wconf 89' lang='lat' dir='ltr'><strong>Cameralia</strong></span> <span class='ocrx_word' id='word_1_62' title='bbox 878 1120 1126 1194; x_wconf 82' lang='lat' dir='ltr'><strong>ibidem</strong></span> <span class='ocrx_word' id='word_1_63' title='bbox 1185 1123 1339 1195; x_wconf 91' lang='lat' dir='ltr'><strong>loca</strong></span> <span class='ocrx_word' id='word_1_64' title='bbox 1392 1131 1653 1210; x_wconf 73' lang='lat' dir='ltr'><strong>nostra,</strong></span> <span class='ocrx_word' id='word_1_65' title='bbox 1710 1118 2070 1194; x_wconf 84' lang='lat' dir='ltr'><strong>Comitatui</strong></span> <span class='ocrx_word' id='word_1_66' title='bbox 2122 1120 2484 1194; x_wconf 88' lang='lat' dir='ltr'><strong>Bachiensi</strong></span> <span class='ocrx_word' id='word_1_67' title='bbox 2539 1121 2948 1213; x_wconf 65' lang='lat' dir='ltr'><strong>adjacentia,</strong></span> <span class='ocrx_word' id='word_1_68' title='bbox 2995 1123 3196 1213; x_wconf 82' lang='lat' dir='ltr'><strong>juxta</strong></span> <span class='ocrx_word' id='word_1_69' title='bbox 3248 1120 3438 1193; x_wconf 83' lang='lat' dir='ltr'><strong>Dis-</strong></span> 
     </span>
     <span class='ocr_line' id='line_1_9' title="bbox 18 1223 3426 1320; baseline -0 -23"><span class='ocrx_word' id='word_1_70' title='bbox 18 1227 19 1314; x_wconf 75' lang='lat'><em>]</em></span> <span class='ocrx_word' id='word_1_71' title='bbox 124 1228 530 1320; x_wconf 80' lang='lat' dir='ltr'><strong>positionem</strong></span> <span class='ocrx_word' id='word_1_72' title='bbox 587 1224 963 1299; x_wconf 89' lang='lat' dir='ltr'><strong>Cameralis</strong></span> <span class='ocrx_word' id='word_1_73' title='bbox 1011 1223 1258 1298; x_wconf 82' lang='lat' dir='ltr'><strong>ibidem</strong></span> <span class='ocrx_word' id='word_1_74' title='bbox 1322 1225 1665 1298; x_wconf 79' lang='lat' dir='ltr'><strong>Praefecti</strong></span> <span class='ocrx_word' id='word_1_75' title='bbox 1718 1229 1933 1299; x_wconf 88' lang='lat' dir='ltr'><strong>nostri</strong></span> <span class='ocrx_word' id='word_1_76' title='bbox 2003 1229 2296 1298; x_wconf 88' lang='lat' dir='ltr'><strong>transire</strong></span> <span class='ocrx_word' id='word_1_77' title='bbox 2366 1236 2751 1316; x_wconf 80' lang='lat' dir='ltr'><strong>teneantur,</strong></span> <span class='ocrx_word' id='word_1_78' title='bbox 2822 1225 2954 1297; x_wconf 91' lang='lat' dir='ltr'><strong>boc</strong></span> <span class='ocrx_word' id='word_1_79' title='bbox 3008 1236 3076 1297; x_wconf 90' lang='lat' dir='ltr'><strong>et</strong></span> <span class='ocrx_word' id='word_1_80' title='bbox 3125 1224 3195 1297; x_wconf 94' lang='lat' dir='ltr'><strong>id</strong></span> <span class='ocrx_word' id='word_1_81' title='bbox 3247 1247 3426 1297; x_wconf 86' lang='lat' dir='ltr'><strong>vero</strong></span> 
     </span>
     <span class='ocr_line' id='line_1_10' title="bbox 122 1327 3434 1425; baseline 0 -25"><span class='ocrx_word' id='word_1_82' title='bbox 122 1339 255 1400; x_wconf 88' lang='lat' dir='ltr'><strong>tam</strong></span> <span class='ocrx_word' id='word_1_83' title='bbox 313 1328 527 1401; x_wconf 85' lang='lat' dir='ltr'><strong>Szent</strong></span> <span class='ocrx_word' id='word_1_84' title='bbox 577 1328 1030 1404; x_wconf 81' lang='lat' dir='ltr'><strong>Mariensibus</strong></span> <span class='ocrx_word' id='word_1_85' title='bbox 1087 1352 1285 1425; x_wconf 90' lang='lat' dir='ltr'><strong>qnam</strong></span> <span class='ocrx_word' id='word_1_86' title='bbox 1343 1333 1543 1401; x_wconf 90' lang='lat' dir='ltr'><strong>etiam</strong></span> <span class='ocrx_word' id='word_1_87' title='bbox 1616 1328 2161 1403; x_wconf 82' lang='lat' dir='ltr'><strong>Mosoriensibus</strong></span> <span class='ocrx_word' id='word_1_88' title='bbox 2235 1329 2487 1402; x_wconf 86' lang='lat' dir='ltr'><strong>Incolis</strong></span> <span class='ocrx_word' id='word_1_89' title='bbox 2559 1339 2629 1402; x_wconf 89' lang='lat' dir='ltr'><strong>et</strong></span> <span class='ocrx_word' id='word_1_90' title='bbox 2681 1327 3243 1402; x_wconf 87' lang='lat' dir='ltr'><strong>lnbabitatoribus</strong></span> <span class='ocrx_word' id='word_1_91' title='bbox 3297 1351 3434 1424; x_wconf 87' lang='lat' dir='ltr'><strong>per</strong></span> 
     </span>
     <span class='ocr_line' id='line_1_11' title="bbox 124 1430 3434 1528; baseline 0 -25"><span class='ocrx_word' id='word_1_92' title='bbox 124 1437 424 1528; x_wconf 88' lang='lat' dir='ltr'><strong>ipsorum</strong></span> <span class='ocrx_word' id='word_1_93' title='bbox 474 1432 837 1506; x_wconf 74' lang='lat' dir='ltr'><strong>Instantius</strong></span> <span class='ocrx_word' id='word_1_94' title='bbox 892 1434 1118 1506; x_wconf 90' lang='lat' dir='ltr'><strong>medio</strong></span> <span class='ocrx_word' id='word_1_95' title='bbox 1175 1431 1456 1525; x_wconf 87' lang='lat' dir='ltr'><strong>Consilij</strong></span> <span class='ocrx_word' id='word_1_96' title='bbox 1515 1437 1733 1507; x_wconf 88' lang='lat' dir='ltr'><strong>nostri</strong></span> <span class='ocrx_word' id='word_1_97' title='bbox 1783 1433 2009 1505; x_wconf 88' lang='lat' dir='ltr'><strong>Aulae</strong></span> <span class='ocrx_word' id='word_1_98' title='bbox 2070 1433 2307 1506; x_wconf 90' lang='lat' dir='ltr'><strong>Bellici</strong></span> <span class='ocrx_word' id='word_1_99' title='bbox 2362 1444 2431 1505; x_wconf 91' lang='lat' dir='ltr'><strong>et</strong></span> <span class='ocrx_word' id='word_1_100' title='bbox 2468 1430 2801 1506; x_wconf 78' lang='lat' dir='ltr'><strong>Gamerae</strong></span> <span class='ocrx_word' id='word_1_101' title='bbox 2839 1442 3120 1506; x_wconf 88' lang='lat' dir='ltr'><strong>nostrae</strong></span> <span class='ocrx_word' id='word_1_102' title='bbox 3155 1432 3434 1526; x_wconf 78' lang='lat' dir='ltr'><strong>Regiae·</strong></span> 
     </span>
     <span class='ocr_line' id='line_1_12' title="bbox 120 1535 3430 1633; baseline 0 -25"><span class='ocrx_word' id='word_1_103' title='bbox 120 1535 553 1630; x_wconf 84' lang='lat' dir='ltr'><strong>Hungaricae</strong></span> <span class='ocrx_word' id='word_1_104' title='bbox 605 1540 1031 1633; x_wconf 73' lang='lat' dir='ltr'><strong>tempestive·</strong></span> <span class='ocrx_word' id='word_1_105' title='bbox 1061 1546 1130 1609; x_wconf 88' lang='lat' dir='ltr'><strong>et</strong></span> <span class='ocrx_word' id='word_1_106' title='bbox 1156 1535 1243 1608; x_wconf 92' lang='lat' dir='ltr'><strong>ad</strong></span> <span class='ocrx_word' id='word_1_107' title='bbox 1272 1541 1614 1609; x_wconf 88' lang='lat' dir='ltr'><strong>minimum</strong></span> <span class='ocrx_word' id='word_1_108' title='bbox 1670 1536 1880 1611; x_wconf 90' lang='lat' dir='ltr'><strong>tribus</strong></span> <span class='ocrx_word' id='word_1_109' title='bbox 1935 1537 2054 1611; x_wconf 88' lang='lat' dir='ltr'><strong>vel</strong></span> <span class='ocrx_word' id='word_1_110' title='bbox 2090 1548 2380 1633; x_wconf 89' lang='lat' dir='ltr'><strong>quatvor</strong></span> <span class='ocrx_word' id='word_1_111' title='bbox 2420 1540 2813 1633; x_wconf 88' lang='lat' dir='ltr'><strong>septimanis</strong></span> <span class='ocrx_word' id='word_1_112' title='bbox 2853 1548 3008 1609; x_wconf 90' lang='lat' dir='ltr'><strong>ante</strong></span> <span class='ocrx_word' id='word_1_113' title='bbox 3045 1535 3430 1632; x_wconf 84' lang='lat' dir='ltr'><strong>praefixum</strong></span> 
     </span>
     <span class='ocr_line' id='line_1_13' title="bbox 122 1639 3428 1737; baseline 0 -25"><span class='ocrx_word' id='word_1_114' title='bbox 122 1643 542 1734; x_wconf 74' lang='lat' dir='ltr'><strong>migrationis</strong></span> <span class='ocrx_word' id='word_1_115' title='bbox 595 1641 982 1714; x_wconf 90' lang='lat' dir='ltr'><strong>Terminum</strong></span> <span class='ocrx_word' id='word_1_116' title='bbox 1020 1663 1144 1737; x_wconf 93' lang='lat' dir='ltr'><strong>pro</strong></span> <span class='ocrx_word' id='word_1_117' title='bbox 1181 1644 1481 1736; x_wconf 88' lang='lat' dir='ltr'><strong>ipsorum</strong></span> <span class='ocrx_word' id='word_1_118' title='bbox 1522 1644 1752 1714; x_wconf 88' lang='lat' dir='ltr'><strong>notitia</strong></span> <span class='ocrx_word' id='word_1_119' title='bbox 1793 1652 1860 1713; x_wconf 91' lang='lat' dir='ltr'><strong>et</strong></span> <span class='ocrx_word' id='word_1_120' title='bbox 1898 1641 2273 1713; x_wconf 84' lang='lat' dir='ltr'><strong>directione</strong></span> <span class='ocrx_word' id='word_1_121' title='bbox 2319 1639 2720 1737; x_wconf 86' lang='lat' dir='ltr'><strong>publicetur.</strong></span> <span class='ocrx_word' id='word_1_122' title='bbox 2792 1640 3160 1713; x_wconf 89' lang='lat' dir='ltr'><strong>Praeterea</strong></span> <span class='ocrx_word' id='word_1_123' title='bbox 3215 1643 3428 1713; x_wconf 85' lang='lat' dir='ltr'><strong>etiam</strong></span> 
     </span>
     <span class='ocr_line' id='line_1_14' title="bbox 125 1742 3422 1841; baseline 0 -26"><span class='ocrx_word' id='word_1_124' title='bbox 125 1742 188 1815; x_wconf 90' lang='lat' dir='ltr'><strong>id</strong></span> <span class='ocrx_word' id='word_1_125' title='bbox 242 1743 960 1818; x_wconf 81' lang='lat' dir='ltr'><strong>Szent-Mariensibus</strong></span> <span class='ocrx_word' id='word_1_126' title='bbox 1023 1744 1275 1818; x_wconf 88' lang='lat' dir='ltr'><strong>Incolis</strong></span> <span class='ocrx_word' id='word_1_127' title='bbox 1335 1744 1732 1817; x_wconf 87' lang='lat' dir='ltr'><strong>militaribus</strong></span> <span class='ocrx_word' id='word_1_128' title='bbox 1776 1747 2164 1836; x_wconf 87' lang='lat' dir='ltr'><strong>jutimetur:</strong></span> <span class='ocrx_word' id='word_1_129' title='bbox 2251 1745 2318 1816; x_wconf 91' lang='lat'><strong>1.</strong></span> <span class='ocrx_word' id='word_1_130' title='bbox 2376 1744 2792 1841; x_wconf 79' lang='lat' dir='ltr'><strong>Quod.ipsis</strong></span> <span class='ocrx_word' id='word_1_131' title='bbox 2863 1746 3145 1817; x_wconf 87' lang='lat' dir='ltr'><strong>ulterius</strong></span> <span class='ocrx_word' id='word_1_132' title='bbox 3217 1748 3422 1816; x_wconf 90' lang='lat' dir='ltr'><strong>etiam</strong></span> 
     </span>
     <span class='ocr_line' id='line_1_15' title="bbox 121 1847 3424 1943; baseline 0 -24"><span class='ocrx_word' id='word_1_133' title='bbox 121 1851 303 1943; x_wconf 92' lang='lat' dir='ltr'><strong>optio</strong></span> <span class='ocrx_word' id='word_1_134' title='bbox 360 1847 656 1920; x_wconf 89' lang='lat' dir='ltr'><strong>admissa</strong></span> <span class='ocrx_word' id='word_1_135' title='bbox 711 1853 822 1934; x_wconf 73' lang='lat' dir='ltr'><strong>sit,</strong></span> <span class='ocrx_word' id='word_1_136' title='bbox 886 1850 1002 1920; x_wconf 85' lang='lat' dir='ltr'><strong>vel</strong></span> <span class='ocrx_word' id='word_1_137' title='bbox 1056 1848 1316 1921; x_wconf 83' lang='lat' dir='ltr'><strong>Statum</strong></span> <span class='ocrx_word' id='word_1_138' title='bbox 1371 1849 1726 1920; x_wconf 89' lang='lat' dir='ltr'><strong>militarem</strong></span> <span class='ocrx_word' id='word_1_139' title='bbox 1779 1848 1899 1920; x_wconf 85' lang='lat' dir='ltr'><strong>vel</strong></span> <span class='ocrx_word' id='word_1_140' title='bbox 1949 1849 2449 1922; x_wconf 87' lang='lat' dir='ltr'><strong>Provincialem</strong></span> <span class='ocrx_word' id='word_1_141' title='bbox 2505 1849 2863 1942; x_wconf 74' lang='lat' dir='ltr'><strong>sequendi,</strong></span> <span class='ocrx_word' id='word_1_142' title='bbox 2919 1859 3424 1943; x_wconf 82' lang='lat' dir='ltr'><strong>consequenter</strong></span> 
     </span>
     <span class='ocr_line' id='line_1_16' title="bbox 109 1951 3416 2049; baseline 0.001 -28"><span class='ocrx_word' id='word_1_143' title='bbox 109 1953 305 2042; x_wconf 83' lang='lat' dir='ltr'><strong>juxta</strong></span> <span class='ocrx_word' id='word_1_144' title='bbox 359 1955 909 2048; x_wconf 90' lang='lat' dir='ltr'><strong>praerecensitas</strong></span> <span class='ocrx_word' id='word_1_145' title='bbox 962 1952 1464 2049; x_wconf 86' lang='lat' dir='ltr'><strong>Dispositiones</strong></span> <span class='ocrx_word' id='word_1_146' title='bbox 1544 1952 1660 2025; x_wconf 86' lang='lat' dir='ltr'><strong>vel</strong></span> <span class='ocrx_word' id='word_1_147' title='bbox 1730 1956 1798 2024; x_wconf 89' lang='lat' dir='ltr'><strong>in</strong></span> <span class='ocrx_word' id='word_1_148' title='bbox 1850 1951 2012 2024; x_wconf 92' lang='lat' dir='ltr'><strong>loco</strong></span> <span class='ocrx_word' id='word_1_149' title='bbox 2067 1961 2138 2024; x_wconf 90' lang='lat' dir='ltr'><strong>ut</strong></span> <span class='ocrx_word' id='word_1_150' title='bbox 2176 1952 2715 2024; x_wconf 86' lang='lat' dir='ltr'><strong>Provincialibus</strong></span> <span class='ocrx_word' id='word_1_151' title='bbox 2770 1951 3242 2048; x_wconf 73' lang='lat' dir='ltr'><strong>permanendi,</strong></span> <span class='ocrx_word' id='word_1_152' title='bbox 3298 1953 3416 2025; x_wconf 85' lang='lat' dir='ltr'><strong>vel</strong></span> 
     </span>
     <span class='ocr_line' id='line_1_17' title="bbox 117 2054 3419 2152; baseline 0 -26"><span class='ocrx_word' id='word_1_153' title='bbox 117 2064 187 2126; x_wconf 91' lang='lat' dir='ltr'><strong>ut</strong></span> <span class='ocrx_word' id='word_1_154' title='bbox 237 2054 633 2130; x_wconf 87' lang='lat' dir='ltr'><strong>militaribus</strong></span> <span class='ocrx_word' id='word_1_155' title='bbox 687 2055 773 2127; x_wconf 92' lang='lat' dir='ltr'><strong>ad</strong></span> <span class='ocrx_word' id='word_1_156' title='bbox 827 2054 1237 2129; x_wconf 87' lang='lat' dir='ltr'><strong>Confiniaria</strong></span> <span class='ocrx_word' id='word_1_157' title='bbox 1287 2056 1473 2129; x_wconf 90' lang='lat' dir='ltr'><strong>Loca</strong></span> <span class='ocrx_word' id='word_1_158' title='bbox 1526 2055 1962 2146; x_wconf 83' lang='lat' dir='ltr'><strong>transeundi3</strong></span> <span class='ocrx_word' id='word_1_159' title='bbox 2034 2055 2102 2128; x_wconf 85' lang='grc'><strong>2.</strong></span> <span class='ocrx_word' id='word_1_160' title='bbox 2137 2055 2334 2143; x_wconf 85' lang='lat' dir='ltr'><strong>Quod</strong></span> <span class='ocrx_word' id='word_1_161' title='bbox 2372 2056 2995 2129; x_wconf 83' lang='lat' dir='ltr'><strong>PraediumLudas</strong></span> <span class='ocrx_word' id='word_1_162' title='bbox 3034 2054 3118 2128; x_wconf 92' lang='lat' dir='ltr'><strong>ab</strong></span> <span class='ocrx_word' id='word_1_163' title='bbox 3153 2055 3419 2152; x_wconf 88' lang='lat' dir='ltr'><strong>Oppido</strong></span> 
     </span>
     <span class='ocr_line' id='line_1_18' title="bbox 116 2158 3422 2256; baseline 0 -26"><span class='ocrx_word' id='word_1_164' title='bbox 116 2158 617 2247; x_wconf 59' lang='lat' dir='ltr'><strong>sinent-Maria,</strong></span> <span class='ocrx_word' id='word_1_165' title='bbox 672 2164 782 2231; x_wconf 92' lang='lat' dir='ltr'><strong>cui</strong></span> <span class='ocrx_word' id='word_1_166' title='bbox 833 2161 1346 2256; x_wconf 84' lang='lat' dir='ltr'><strong>privilegialiter</strong></span> <span class='ocrx_word' id='word_1_167' title='bbox 1395 2182 1737 2232; x_wconf 83' lang='lat' dir='ltr'><strong>annexum</strong></span> <span class='ocrx_word' id='word_1_168' title='bbox 1794 2169 1923 2247; x_wconf 64' lang='grc' dir='ltr'><strong>θεῖ,</strong></span> <span class='ocrx_word' id='word_1_169' title='bbox 1981 2182 2406 2255; x_wconf 86' lang='lat' dir='ltr'><strong>nequaquam</strong></span> <span class='ocrx_word' id='word_1_170' title='bbox 2464 2161 2669 2234; x_wconf 87' lang='lat' dir='ltr'><strong>avelli</strong></span> <span class='ocrx_word' id='word_1_171' title='bbox 2724 2171 2793 2233; x_wconf 94' lang='lat' dir='ltr'><strong>et</strong></span> <span class='ocrx_word' id='word_1_172' title='bbox 2845 2164 3009 2255; x_wconf 89' lang='lat' dir='ltr'><strong>ipsis</strong></span> <span class='ocrx_word' id='word_1_173' title='bbox 3064 2163 3159 2233; x_wconf 90' lang='lat' dir='ltr'><strong>uti</strong></span> <span class='ocrx_word' id='word_1_174' title='bbox 3213 2161 3422 2232; x_wconf 89' lang='lat' dir='ltr'><strong>desi-</strong></span> 
     </span>
     <span class='ocr_line' id='line_1_19' title="bbox 114 2259 3418 2360; baseline 0 -24"><span class='ocrx_word' id='word_1_175' title='bbox 114 2262 465 2350; x_wconf 70' lang='lat' dir='ltr'><strong>derabant,</strong></span> <span class='ocrx_word' id='word_1_176' title='bbox 520 2262 606 2334; x_wconf 89' lang='lat' dir='ltr'><strong>ad</strong></span> <span class='ocrx_word' id='word_1_177' title='bbox 659 2265 1035 2336; x_wconf 88' lang='lat' dir='ltr'><strong>nsuandum</strong></span> <span class='ocrx_word' id='word_1_178' title='bbox 1087 2264 1234 2336; x_wconf 88' lang='lat' dir='ltr'><strong>dari</strong></span> <span class='ocrx_word' id='word_1_179' title='bbox 1288 2274 1359 2337; x_wconf 88' lang='lat' dir='ltr'><strong>et</strong></span> <span class='ocrx_word' id='word_1_180' title='bbox 1410 2264 1700 2336; x_wconf 89' lang='lat' dir='ltr'><strong>concedi</strong></span> <span class='ocrx_word' id='word_1_181' title='bbox 1750 2259 1994 2359; x_wconf 68' lang='lat' dir='ltr'><strong>possit,</strong></span> <span class='ocrx_word' id='word_1_182' title='bbox 2049 2264 2361 2359; x_wconf 90' lang='lat' dir='ltr'><strong>adeoque</strong></span> <span class='ocrx_word' id='word_1_183' title='bbox 2421 2273 2494 2336; x_wconf 91' lang='lat' dir='ltr'><strong>ut</strong></span> <span class='ocrx_word' id='word_1_184' title='bbox 2545 2265 2796 2336; x_wconf 88' lang='lat' dir='ltr'><strong>nullam</strong></span> <span class='ocrx_word' id='word_1_185' title='bbox 2853 2268 3164 2359; x_wconf 89' lang='lat' dir='ltr'><strong>poenitus</strong></span> <span class='ocrx_word' id='word_1_186' title='bbox 3220 2286 3418 2360; x_wconf 90' lang='lat' dir='ltr'><strong>spem</strong></span> 
     </span>
     <span class='ocr_line' id='line_1_20' title="bbox 113 2365 3422 2464; baseline 0 -26"><span class='ocrx_word' id='word_1_187' title='bbox 113 2366 370 2439; x_wconf 87' lang='lat' dir='ltr'><strong>idcirco</strong></span> <span class='ocrx_word' id='word_1_188' title='bbox 407 2365 701 2455; x_wconf 80' lang='lat' dir='ltr'><strong>faciant3</strong></span> <span class='ocrx_word' id='word_1_189' title='bbox 737 2366 784 2440; x_wconf 89' lang='lat'><strong>3</strong></span> <span class='ocrx_word' id='word_1_190' title='bbox 838 2367 1033 2455; x_wconf 85' lang='lat' dir='ltr'><strong>Quod</strong></span> <span class='ocrx_word' id='word_1_191' title='bbox 1071 2378 1392 2464; x_wconf 90' lang='lat' dir='ltr'><strong>respectu</strong></span> <span class='ocrx_word' id='word_1_192' title='bbox 1427 2371 1743 2461; x_wconf 89' lang='lat' dir='ltr'><strong>antiquae</strong></span> <span class='ocrx_word' id='word_1_193' title='bbox 1776 2366 2083 2439; x_wconf 88' lang='grc'>146000</span> <span class='ocrx_word' id='word_1_194' title='bbox 2110 2367 2524 2440; x_wconf 89' lang='lat' dir='ltr'><strong>florenorum</strong></span> <span class='ocrx_word' id='word_1_195' title='bbox 2552 2367 3061 2442; x_wconf 89' lang='lat' dir='ltr'><strong>Praetensionis</strong></span> <span class='ocrx_word' id='word_1_196' title='bbox 3089 2372 3422 2463; x_wconf 76' lang='lat' dir='ltr'><strong>ipsorum,</strong></span> 
     </span>
     <span class='ocr_line' id='line_1_21' title="bbox 115 2470 3418 2565; baseline 0.001 -23"><span class='ocrx_word' id='word_1_197' title='bbox 115 2474 173 2542; x_wconf 86' lang='lat' dir='ltr'><strong>si</strong></span> <span class='ocrx_word' id='word_1_198' title='bbox 224 2480 297 2542; x_wconf 92' lang='lat' dir='ltr'><strong>et</strong></span> <span class='ocrx_word' id='word_1_199' title='bbox 354 2473 425 2543; x_wconf 88' lang='lat' dir='ltr'><strong>in</strong></span> <span class='ocrx_word' id='word_1_200' title='bbox 470 2480 785 2565; x_wconf 89' lang='lat' dir='ltr'><strong>quantum</strong></span> <span class='ocrx_word' id='word_1_201' title='bbox 843 2471 1115 2544; x_wconf 85' lang='lat' dir='ltr'><strong>fundata</strong></span> <span class='ocrx_word' id='word_1_202' title='bbox 1172 2482 1387 2559; x_wconf 71' lang='lat' dir='ltr'><strong>esset,</strong></span> <span class='ocrx_word' id='word_1_203' title='bbox 1444 2472 1530 2543; x_wconf 91' lang='lat' dir='ltr'><strong>ad</strong></span> <span class='ocrx_word' id='word_1_204' title='bbox 1567 2470 1938 2544; x_wconf 87' lang='lat' dir='ltr'><strong>Consilium</strong></span> <span class='ocrx_word' id='word_1_205' title='bbox 1994 2482 2297 2545; x_wconf 88' lang='lat' dir='ltr'><strong>nostrum</strong></span> <span class='ocrx_word' id='word_1_206' title='bbox 2335 2471 2559 2544; x_wconf 89' lang='lat' dir='ltr'><strong>Aulae</strong></span> <span class='ocrx_word' id='word_1_207' title='bbox 2603 2471 2932 2544; x_wconf 89' lang='lat' dir='ltr'><strong>Bellicum</strong></span> <span class='ocrx_word' id='word_1_208' title='bbox 2969 2477 3418 2545; x_wconf 80' lang='lat' dir='ltr'><strong>remittantur.</strong></span> 
     </span>
     <span class='ocr_line' id='line_1_22' title="bbox 114 2572 3419 2671; baseline 0.001 -26"><span class='ocrx_word' id='word_1_209' title='bbox 114 2572 473 2646; x_wconf 87' lang='lat' dir='ltr'><strong>Caeterum</strong></span> <span class='ocrx_word' id='word_1_210' title='bbox 529 2574 775 2648; x_wconf 93' lang='lat' dir='ltr'><strong>modus</strong></span> <span class='ocrx_word' id='word_1_211' title='bbox 827 2576 1287 2648; x_wconf 85' lang='lat' dir='ltr'><strong>translationis</strong></span> <span class='ocrx_word' id='word_1_212' title='bbox 1342 2575 1671 2648; x_wconf 90' lang='lat' dir='ltr'><strong>dictorum</strong></span> <span class='ocrx_word' id='word_1_213' title='bbox 1725 2575 2133 2662; x_wconf 69' lang='lat' dir='ltr'><strong>Incolarum,</strong></span> <span class='ocrx_word' id='word_1_214' title='bbox 2208 2577 2318 2668; x_wconf 91' lang='lat' dir='ltr'><strong>qui</strong></span> <span class='ocrx_word' id='word_1_215' title='bbox 2371 2576 2652 2648; x_wconf 88' lang='lat' dir='ltr'><strong>ulterius</strong></span> <span class='ocrx_word' id='word_1_216' title='bbox 2724 2598 2993 2671; x_wconf 92' lang='lat' dir='ltr'><strong>quoque</strong></span> <span class='ocrx_word' id='word_1_217' title='bbox 3057 2576 3419 2649; x_wconf 86' lang='lat' dir='ltr'><strong>Militarem</strong></span> 
     </span>
     <span class='ocr_line' id='line_1_23' title="bbox 111 2671 3416 2776; baseline 0.001 -27"><span class='ocrx_word' id='word_1_218' title='bbox 111 2688 358 2750; x_wconf 88' lang='lat' dir='ltr'><strong>statum</strong></span> <span class='ocrx_word' id='word_1_219' title='bbox 429 2679 743 2773; x_wconf 90' lang='lat' dir='ltr'><strong>amplecti</strong></span> <span class='ocrx_word' id='word_1_220' title='bbox 795 2681 1058 2769; x_wconf 70' lang='lat' dir='ltr'><strong>volunt,</strong></span> <span class='ocrx_word' id='word_1_221' title='bbox 1130 2679 1351 2774; x_wconf 90' lang='lat' dir='ltr'><strong>quoad</strong></span> <span class='ocrx_word' id='word_1_222' title='bbox 1403 2678 1596 2752; x_wconf 90' lang='lat' dir='ltr'><strong>Bona</strong></span> <span class='ocrx_word' id='word_1_223' title='bbox 1649 2683 1951 2774; x_wconf 87' lang='lat' dir='ltr'><strong>ipsorum</strong></span> <span class='ocrx_word' id='word_1_224' title='bbox 2005 2678 2398 2766; x_wconf 67' lang='lat' dir='ltr'><strong>immobilia,</strong></span> <span class='ocrx_word' id='word_1_225' title='bbox 2468 2683 2534 2752; x_wconf 91' lang='lat' dir='ltr'><strong>in</strong></span> <span class='ocrx_word' id='word_1_226' title='bbox 2590 2679 2899 2776; x_wconf 84' lang='lat' dir='ltr'><strong>praefato</strong></span> <span class='ocrx_word' id='word_1_227' title='bbox 2955 2671 3219 2776; x_wconf 88' lang='lat' dir='ltr'><strong>Oppido</strong></span> <span class='ocrx_word' id='word_1_228' title='bbox 3273 2702 3416 2753; x_wconf 89' lang='lat' dir='ltr'><strong>no-</strong></span> 
     </span>
     <span class='ocr_line' id='line_1_24' title="bbox 111 2779 3412 2880; baseline 0 -26"><span class='ocrx_word' id='word_1_229' title='bbox 111 2791 251 2854; x_wconf 88' lang='lat' dir='ltr'><strong>stro</strong></span> <span class='ocrx_word' id='word_1_230' title='bbox 322 2779 654 2854; x_wconf 88' lang='lat' dir='ltr'><strong>hactenus</strong></span> <span class='ocrx_word' id='word_1_231' title='bbox 730 2785 1071 2878; x_wconf 83' lang='lat' dir='ltr'><strong>privative</strong></span> <span class='ocrx_word' id='word_1_232' title='bbox 1127 2807 1166 2854; x_wconf 92' lang='lat' dir='ltr'><strong>a</strong></span> <span class='ocrx_word' id='word_1_233' title='bbox 1221 2784 1521 2877; x_wconf 83' lang='lat' dir='ltr'><strong>Singulis</strong></span> <span class='ocrx_word' id='word_1_234' title='bbox 1591 2805 1947 2878; x_wconf 86' lang='lat' dir='ltr'><strong>possessa..</strong></span> <span class='ocrx_word' id='word_1_235' title='bbox 2031 2783 2336 2877; x_wconf 85' lang='lat' dir='ltr'><strong>(quoad)</strong></span> <span class='ocrx_word' id='word_1_236' title='bbox 2390 2782 2778 2856; x_wconf 86' lang='lat' dir='ltr'><strong>Ecclesiam</strong></span> <span class='ocrx_word' id='word_1_237' title='bbox 2839 2785 3013 2876; x_wconf 87' lang='lat' dir='ltr'><strong>jtem</strong></span> <span class='ocrx_word' id='word_1_238' title='bbox 3081 2788 3412 2880; x_wconf 74' lang='lat' dir='ltr'><strong>ipsorum,</strong></span> 
     </span>
     <span class='ocr_line' id='line_1_25' title="bbox 110 2883 3424 2984; baseline 0.001 -27"><span class='ocrx_word' id='word_1_239' title='bbox 110 2886 223 2957; x_wconf 89' lang='lat' dir='ltr'><strong>ille</strong></span> <span class='ocrx_word' id='word_1_240' title='bbox 298 2883 708 2958; x_wconf 85' lang='lat' dir='ltr'><strong>observetur</strong></span> <span class='ocrx_word' id='word_1_241' title='bbox 759 2887 1040 2978; x_wconf 81' lang='lat' dir='ltr'><strong>(ordo).,</strong></span> <span class='ocrx_word' id='word_1_242' title='bbox 1095 2909 1293 2981; x_wconf 91' lang='lat' dir='ltr'><strong>quem</strong></span> <span class='ocrx_word' id='word_1_243' title='bbox 1348 2886 1548 2980; x_wconf 83' lang='lat' dir='ltr'><strong>Regij</strong></span> <span class='ocrx_word' id='word_1_244' title='bbox 1609 2884 2072 2979; x_wconf 90' lang='lat' dir='ltr'><strong>Commissarij</strong></span> <span class='ocrx_word' id='word_1_245' title='bbox 2128 2891 2345 2960; x_wconf 91' lang='lat' dir='ltr'><strong>nostri</strong></span> <span class='ocrx_word' id='word_1_246' title='bbox 2397 2886 2613 2960; x_wconf 90' lang='lat' dir='ltr'><strong>Nobis</strong></span> <span class='ocrx_word' id='word_1_247' title='bbox 2667 2892 2733 2960; x_wconf 90' lang='lat' dir='ltr'><strong>in</strong></span> <span class='ocrx_word' id='word_1_248' title='bbox 2789 2892 3081 2983; x_wconf 89' lang='lat' dir='ltr'><strong>quinque</strong></span> <span class='ocrx_word' id='word_1_249' title='bbox 3154 2892 3424 2984; x_wconf 89' lang='lat' dir='ltr'><strong>punctis</strong></span> 
     </span>
     <span class='ocr_line' id='line_1_26' title="bbox 18 2988 3420 3089; baseline 0.001 -28"><span class='ocrx_word' id='word_1_250' title='bbox 18 2997 19 3034; x_wconf 71' lang='lat'>³</span> <span class='ocrx_word' id='word_1_251' title='bbox 111 2988 412 3062; x_wconf 90' lang='lat' dir='ltr'><strong>demisse</strong></span> <span class='ocrx_word' id='word_1_252' title='bbox 463 3000 983 3085; x_wconf 67' lang='lat' dir='ltr'><strong>proposuerunt,</strong></span> <span class='ocrx_word' id='word_1_253' title='bbox 1039 3013 1375 3086; x_wconf 88' lang='lat' dir='ltr'><strong>quemque</strong></span> <span class='ocrx_word' id='word_1_254' title='bbox 1430 2989 1555 3064; x_wconf 87' lang='lat' dir='ltr'><strong>sub</strong></span> <span class='ocrx_word' id='word_1_255' title='bbox 1591 2990 1702 3062; x_wconf 91' lang='lat' dir='ltr'><strong>die</strong></span> <span class='ocrx_word' id='word_1_256' title='bbox 1744 2990 1862 3063; x_wconf 84' lang='lat'><strong>18.</strong></span> <span class='ocrx_word' id='word_1_257' title='bbox 1901 2990 2253 3082; x_wconf 86' lang='lat' dir='ltr'><strong>Februarij</strong></span> <span class='ocrx_word' id='word_1_258' title='bbox 2312 3001 2382 3062; x_wconf 87' lang='lat' dir='ltr'><strong>et</strong></span> <span class='ocrx_word' id='word_1_259' title='bbox 2431 2991 2503 3062; x_wconf 84' lang='lat'><strong>8.</strong></span> <span class='ocrx_word' id='word_1_260' title='bbox 2557 2990 2778 3084; x_wconf 88' lang='lat' dir='ltr'><strong>Martij</strong></span> <span class='ocrx_word' id='word_1_261' title='bbox 2835 2996 3148 3087; x_wconf 86' lang='lat' dir='ltr'><strong>proxime</strong></span> <span class='ocrx_word' id='word_1_262' title='bbox 3200 3015 3420 3089; x_wconf 89' lang='lat' dir='ltr'><strong>prae-</strong></span> 
     </span>
     <span class='ocr_line' id='line_1_27' title="bbox 108 3093 3417 3190; baseline 0.001 -26"><span class='ocrx_word' id='word_1_263' title='bbox 108 3096 467 3166; x_wconf 89' lang='lat' dir='ltr'><strong>teritorum</strong></span> <span class='ocrx_word' id='word_1_264' title='bbox 522 3093 608 3165; x_wconf 91' lang='lat' dir='ltr'><strong>ad</strong></span> <span class='ocrx_word' id='word_1_265' title='bbox 642 3093 1146 3167; x_wconf 88' lang='lat' dir='ltr'><strong>Prothocollnm</strong></span> <span class='ocrx_word' id='word_1_266' title='bbox 1201 3093 1719 3168; x_wconf 76' lang='lat' dir='ltr'><strong>commissionis</strong></span> <span class='ocrx_word' id='word_1_267' title='bbox 1772 3104 2052 3167; x_wconf 89' lang='lat' dir='ltr'><strong>nostrae</strong></span> <span class='ocrx_word' id='word_1_268' title='bbox 2105 3094 2605 3167; x_wconf 89' lang='lat' dir='ltr'><strong>Articularicae</strong></span> <span class='ocrx_word' id='word_1_269' title='bbox 2655 3117 2781 3190; x_wconf 93' lang='lat' dir='ltr'><strong>per</strong></span> <span class='ocrx_word' id='word_1_270' title='bbox 2830 3106 3042 3168; x_wconf 86' lang='lat' dir='ltr'><strong>totum</strong></span> <span class='ocrx_word' id='word_1_271' title='bbox 3099 3098 3417 3170; x_wconf 90' lang='lat' dir='ltr'><strong>clemen-</strong></span> 
     </span>
     <span class='ocr_line' id='line_1_28' title="bbox 110 3195 1215 3294; baseline 0.001 -25"><span class='ocrx_word' id='word_1_272' title='bbox 110 3207 217 3269; x_wconf 90' lang='lat' dir='ltr'><strong>ter</strong></span> <span class='ocrx_word' id='word_1_273' title='bbox 267 3195 815 3294; x_wconf 79' lang='lat' dir='ltr'><strong>approbavimus,</strong></span> <span class='ocrx_word' id='word_1_274' title='bbox 922 3196 1009 3270; x_wconf 91' lang='lat' dir='ltr'><strong>Et</strong></span> <span class='ocrx_word' id='word_1_275' title='bbox 1061 3202 1215 3294; x_wconf 84' lang='lat' dir='ltr'><strong>qnia</strong></span> 
     </span>
    </p>

    <p class='ocr_par' dir='ltr' id='par_1_4' title="bbox 79 3299 3516 5372">
     <span class='ocr_line' id='line_1_29' title="bbox 416 3299 3419 3397; baseline 0 -25"><span class='ocrx_word' id='word_1_276' title='bbox 416 3300 777 3374; x_wconf 90' lang='lat' dir='ltr'><strong>Decimo</strong></span> <span class='ocrx_word' id='word_1_277' title='bbox 840 3312 1207 3396; x_wconf 78' lang='lat' dir='ltr'><strong>quarto,</strong></span> <span class='ocrx_word' id='word_1_278' title='bbox 1285 3299 1501 3374; x_wconf 86' lang='lat' dir='ltr'><strong>Nobis</strong></span> <span class='ocrx_word' id='word_1_279' title='bbox 1557 3303 1760 3372; x_wconf 85' lang='lat' dir='ltr'><strong>etiam</strong></span> <span class='ocrx_word' id='word_1_280' title='bbox 1821 3300 1887 3373; x_wconf 92' lang='lat' dir='ltr'><strong>id</strong></span> <span class='ocrx_word' id='word_1_281' title='bbox 1927 3299 2228 3374; x_wconf 90' lang='lat' dir='ltr'><strong>demisse</strong></span> <span class='ocrx_word' id='word_1_282' title='bbox 2268 3301 2556 3374; x_wconf 88' lang='lat' dir='ltr'><strong>relatum</strong></span> <span class='ocrx_word' id='word_1_283' title='bbox 2591 3302 2862 3389; x_wconf 71' lang='lat' dir='ltr'><strong>fuisset,</strong></span> <span class='ocrx_word' id='word_1_284' title='bbox 2916 3302 3096 3397; x_wconf 92' lang='lat' dir='ltr'><strong>quod</strong></span> <span class='ocrx_word' id='word_1_285' title='bbox 3136 3311 3419 3397; x_wconf 90' lang='lat' dir='ltr'><strong>propter</strong></span> 
     </span>
     <span class='ocr_line' id='line_1_30' title="bbox 106 3402 3405 3503; baseline -0.001 -25"><span class='ocrx_word' id='word_1_286' title='bbox 106 3404 527 3478; x_wconf 78' lang='lat' dir='ltr'><strong>differentias</strong></span> <span class='ocrx_word' id='word_1_287' title='bbox 596 3409 771 3477; x_wconf 92' lang='lat' dir='ltr'><strong>inter</strong></span> <span class='ocrx_word' id='word_1_288' title='bbox 830 3405 1157 3478; x_wconf 77' lang='lat' dir='ltr'><strong>Militares</strong></span> <span class='ocrx_word' id='word_1_289' title='bbox 1231 3415 1300 3477; x_wconf 93' lang='lat' dir='ltr'><strong>et</strong></span> <span class='ocrx_word' id='word_1_290' title='bbox 1370 3402 1629 3478; x_wconf 86' lang='lat' dir='ltr'><strong>Civiles</strong></span> <span class='ocrx_word' id='word_1_291' title='bbox 1701 3426 1827 3478; x_wconf 88' lang='lat' dir='ltr'><strong>seu</strong></span> <span class='ocrx_word' id='word_1_292' title='bbox 1877 3402 2176 3477; x_wconf 88' lang='lat' dir='ltr'><strong>Plebeos</strong></span> <span class='ocrx_word' id='word_1_293' title='bbox 2247 3405 2557 3497; x_wconf 88' lang='lat' dir='ltr'><strong>ejusdem</strong></span> <span class='ocrx_word' id='word_1_294' title='bbox 2631 3406 2870 3503; x_wconf 89' lang='lat' dir='ltr'><strong>Oppidi</strong></span> <span class='ocrx_word' id='word_1_295' title='bbox 2926 3407 3138 3478; x_wconf 85' lang='lat' dir='ltr'><strong>Szent</strong></span> <span class='ocrx_word' id='word_1_296' title='bbox 3186 3403 3405 3477; x_wconf 83' lang='lat' dir='ltr'><strong>Maria</strong></span> 
     </span>
     <span class='ocr_line' id='line_1_31' title="bbox 103 3507 3480 3604; baseline 0.002 -23"><span class='ocrx_word' id='word_1_297' title='bbox 103 3507 383 3588; x_wconf 86' lang='lat' dir='ltr'><strong>Incolas</strong></span> <span class='ocrx_word' id='word_1_298' title='bbox 435 3508 765 3581; x_wconf 86' lang='lat' dir='ltr'><strong>hactenus</strong></span> <span class='ocrx_word' id='word_1_299' title='bbox 826 3513 1171 3604; x_wconf 71' lang='lat' dir='ltr'><strong>vigentes,</strong></span> <span class='ocrx_word' id='word_1_300' title='bbox 1225 3532 1265 3581; x_wconf 90' lang='lat' dir='ltr'><strong>a</strong></span> <span class='ocrx_word' id='word_1_301' title='bbox 1319 3518 1628 3603; x_wconf 90' lang='lat' dir='ltr'><strong>tempore</strong></span> <span class='ocrx_word' id='word_1_302' title='bbox 1681 3511 1847 3603; x_wconf 90' lang='lat' dir='ltr'><strong>ipsis</strong></span> <span class='ocrx_word' id='word_1_303' title='bbox 1919 3507 2219 3602; x_wconf 86' lang='lat' dir='ltr'><strong>benigne</strong></span> <span class='ocrx_word' id='word_1_304' title='bbox 2292 3529 2786 3582; x_wconf 90' lang='lat' dir='ltr'><strong>concessorum</strong></span> <span class='ocrx_word' id='word_1_305' title='bbox 2858 3509 3411 3602; x_wconf 79' lang='lat' dir='ltr'><strong>Privilegiorum‚</strong></span> <span class='ocrx_word' id='word_1_306' title='bbox 3471 3583 3480 3588; x_wconf 87' lang='lat'>.</span> 
     </span>
     <span class='ocr_line' id='line_1_32' title="bbox 103 3611 3412 3707; baseline -0 -21"><span class='ocrx_word' id='word_1_307' title='bbox 103 3635 241 3686; x_wconf 90' lang='lat' dir='ltr'><strong>nec</strong></span> <span class='ocrx_word' id='word_1_308' title='bbox 291 3611 380 3684; x_wconf 93' lang='lat' dir='ltr'><strong>ad</strong></span> <span class='ocrx_word' id='word_1_309' title='bbox 449 3615 783 3685; x_wconf 89' lang='lat' dir='ltr'><strong>rationem</strong></span> <span class='ocrx_word' id='word_1_310' title='bbox 855 3617 1084 3707; x_wconf 90' lang='lat' dir='ltr'><strong>quanti</strong></span> <span class='ocrx_word' id='word_1_311' title='bbox 1156 3611 1777 3702; x_wconf 83' lang='lat' dir='ltr'><strong>Contributionalis.,</strong></span> <span class='ocrx_word' id='word_1_312' title='bbox 1851 3613 1974 3687; x_wconf 90' lang='lat' dir='ltr'><strong>sed</strong></span> <span class='ocrx_word' id='word_1_313' title='bbox 2043 3635 2272 3707; x_wconf 87' lang='lat' dir='ltr'><strong>neque</strong></span> <span class='ocrx_word' id='word_1_314' title='bbox 2309 3615 2414 3685; x_wconf 80' lang='lat' dir='ltr'><strong>&#39;in</strong></span> <span class='ocrx_word' id='word_1_315' title='bbox 2466 3622 2722 3686; x_wconf 88' lang='lat' dir='ltr'><strong>sortem</strong></span> <span class='ocrx_word' id='word_1_316' title='bbox 2797 3611 3202 3686; x_wconf 87' lang='lat' dir='ltr'><strong>Contractus</strong></span> <span class='ocrx_word' id='word_1_317' title='bbox 3257 3634 3412 3685; x_wconf 90' lang='lat' dir='ltr'><strong>cum</strong></span> 
     </span>
     <span class='ocr_line' id='line_1_33' title="bbox 103 3715 3408 3815; baseline -0 -26"><span class='ocrx_word' id='word_1_318' title='bbox 103 3715 396 3789; x_wconf 87' lang='lat' dir='ltr'><strong>Camera</strong></span> <span class='ocrx_word' id='word_1_319' title='bbox 444 3726 685 3791; x_wconf 89' lang='lat' dir='ltr'><strong>nostra</strong></span> <span class='ocrx_word' id='word_1_320' title='bbox 735 3719 882 3788; x_wconf 88' lang='lat' dir='ltr'><strong>initi</strong></span> <span class='ocrx_word' id='word_1_321' title='bbox 929 3716 1265 3812; x_wconf 89' lang='lat' dir='ltr'><strong>quidpiam</strong></span> <span class='ocrx_word' id='word_1_322' title='bbox 1320 3718 1679 3803; x_wconf 69' lang='lat' dir='ltr'><strong>solverint,</strong></span> <span class='ocrx_word' id='word_1_323' title='bbox 1753 3726 2260 3811; x_wconf 89' lang='lat' dir='ltr'><strong>consequenter</strong></span> <span class='ocrx_word' id='word_1_324' title='bbox 2328 3719 2664 3815; x_wconf 82' lang='lat' dir='ltr'><strong>aerarium</strong></span> <span class='ocrx_word' id='word_1_325' title='bbox 2735 3727 3041 3790; x_wconf 88' lang='lat' dir='ltr'><strong>nostrum</strong></span> <span class='ocrx_word' id='word_1_326' title='bbox 3110 3717 3408 3809; x_wconf 84' lang='lat' dir='ltr'><strong>Regium</strong></span> 
     </span>
     <span class='ocr_line' id='line_1_34' title="bbox 100 3819 3432 3917; baseline 0 -25"><span class='ocrx_word' id='word_1_327' title='bbox 100 3819 352 3915; x_wconf 86' lang='lat' dir='ltr'><strong>duplici</strong></span> <span class='ocrx_word' id='word_1_328' title='bbox 404 3819 608 3893; x_wconf 88' lang='lat' dir='ltr'><strong>modo</strong></span> <span class='ocrx_word' id='word_1_329' title='bbox 663 3820 750 3894; x_wconf 87' lang='lat' dir='ltr'><strong>ad</strong></span> <span class='ocrx_word' id='word_1_330' title='bbox 802 3842 1134 3916; x_wconf 89' lang='lat' dir='ltr'><strong>praesens</strong></span> <span class='ocrx_word' id='word_1_331' title='bbox 1188 3843 1313 3917; x_wconf 91' lang='lat' dir='ltr'><strong>per</strong></span> <span class='ocrx_word' id='word_1_332' title='bbox 1346 3823 1536 3916; x_wconf 88' lang='lat' dir='ltr'><strong>ipsos</strong></span> <span class='ocrx_word' id='word_1_333' title='bbox 1591 3819 2090 3893; x_wconf 89' lang='lat' dir='ltr'><strong>damnificatum</strong></span> <span class='ocrx_word' id='word_1_334' title='bbox 2145 3820 2388 3912; x_wconf 81' lang='lat' dir='ltr'><strong>fuerit3</strong></span> <span class='ocrx_word' id='word_1_335' title='bbox 2441 3844 2592 3893; x_wconf 88' lang='lat' dir='ltr'><strong>cnm</strong></span> <span class='ocrx_word' id='word_1_336' title='bbox 2632 3830 2856 3893; x_wconf 90' lang='lat' dir='ltr'><strong>autem</strong></span> <span class='ocrx_word' id='word_1_337' title='bbox 2907 3819 3043 3893; x_wconf 89' lang='lat' dir='ltr'><strong>boc</strong></span> <span class='ocrx_word' id='word_1_338' title='bbox 3086 3823 3432 3913; x_wconf 31' lang='lat' dir='ltr'><strong>injustum«</strong></span> 
     </span>
     <span class='ocr_line' id='line_1_35' title="bbox 97 3921 3432 4020; baseline -0.001 -24"><span class='ocrx_word' id='word_1_339' title='bbox 97 3927 381 3996; x_wconf 89' lang='lat' dir='ltr'><strong>omnino</strong></span> <span class='ocrx_word' id='word_1_340' title='bbox 451 3926 564 4013; x_wconf 74' lang='lat' dir='ltr'><strong>sit,</strong></span> <span class='ocrx_word' id='word_1_341' title='bbox 634 3932 708 3996; x_wconf 88' lang='lat' dir='ltr'><strong>ut</strong></span> <span class='ocrx_word' id='word_1_342' title='bbox 773 3921 1261 3997; x_wconf 78' lang='lat' dir='ltr'><strong>beneficiorum</strong></span> <span class='ocrx_word' id='word_1_343' title='bbox 1331 3926 1498 4020; x_wconf 91' lang='lat' dir='ltr'><strong>ipsis</strong></span> <span class='ocrx_word' id='word_1_344' title='bbox 1553 3923 2069 4018; x_wconf 84' lang='lat' dir='ltr'><strong>privilegialiter</strong></span> <span class='ocrx_word' id='word_1_345' title='bbox 2140 3946 2632 4000; x_wconf 88' lang='lat' dir='ltr'><strong>concessorum</strong></span> <span class='ocrx_word' id='word_1_346' title='bbox 2706 3947 2901 3999; x_wconf 88' lang='lat' dir='ltr'><strong>usum</strong></span> <span class='ocrx_word' id='word_1_347' title='bbox 2974 3924 3272 3997; x_wconf 84' lang='lat' dir='ltr'><strong>habeant</strong></span> <span class='ocrx_word' id='word_1_348' title='bbox 3342 3934 3432 3996; x_wconf 86' lang='lat' dir='ltr'><strong>et.</strong></span> 
     </span>
     <span class='ocr_line' id='line_1_36' title="bbox 98 4025 3408 4124; baseline 0 -24"><span class='ocrx_word' id='word_1_349' title='bbox 98 4026 354 4101; x_wconf 85' lang='lat' dir='ltr'><strong>abinde</strong></span> <span class='ocrx_word' id='word_1_350' title='bbox 402 4027 817 4123; x_wconf 87' lang='lat' dir='ltr'><strong>praestanda</strong></span> <span class='ocrx_word' id='word_1_351' title='bbox 868 4049 1008 4101; x_wconf 90' lang='lat' dir='ltr'><strong>non</strong></span> <span class='ocrx_word' id='word_1_352' title='bbox 1059 4038 1429 4124; x_wconf 75' lang='lat' dir='ltr'><strong>praestent,</strong></span> <span class='ocrx_word' id='word_1_353' title='bbox 1499 4027 1665 4099; x_wconf 91' lang='lat' dir='ltr'><strong>Ideo</strong></span> <span class='ocrx_word' id='word_1_354' title='bbox 1719 4025 2018 4121; x_wconf 83' lang='lat' dir='ltr'><strong>benigne</strong></span> <span class='ocrx_word' id='word_1_355' title='bbox 2071 4029 2511 4116; x_wconf 68' lang='lat' dir='ltr'><strong>resolvimus,</strong></span> <span class='ocrx_word' id='word_1_356' title='bbox 2567 4039 2639 4102; x_wconf 87' lang='lat' dir='ltr'><strong>ut</strong></span> <span class='ocrx_word' id='word_1_357' title='bbox 2687 4030 2889 4124; x_wconf 81' lang='lat' dir='ltr'><strong>Regij</strong></span> <span class='ocrx_word' id='word_1_358' title='bbox 2937 4028 3408 4120; x_wconf 79' lang='lat' dir='ltr'><strong>Commissarij</strong></span> 
     </span>
     <span class='ocr_line' id='line_1_37' title="bbox 95 4129 3412 4228; baseline 0 -24"><span class='ocrx_word' id='word_1_359' title='bbox 95 4135 319 4207; x_wconf 87' lang='lat' dir='ltr'><strong>nostri</strong></span> <span class='ocrx_word' id='word_1_360' title='bbox 369 4153 495 4227; x_wconf 89' lang='lat' dir='ltr'><strong>pro</strong></span> <span class='ocrx_word' id='word_1_361' title='bbox 531 4129 758 4205; x_wconf 83' lang='lat' dir='ltr'><strong>futuro</strong></span> <span class='ocrx_word' id='word_1_362' title='bbox 804 4153 928 4205; x_wconf 90' lang='lat' dir='ltr'><strong>eas</strong></span> <span class='ocrx_word' id='word_1_363' title='bbox 980 4132 1484 4228; x_wconf 88' lang='lat' dir='ltr'><strong>Dispositiones</strong></span> <span class='ocrx_word' id='word_1_364' title='bbox 1536 4130 1817 4221; x_wconf 84' lang='lat' dir='ltr'><strong>faciant,</strong></span> <span class='ocrx_word' id='word_1_365' title='bbox 1870 4140 1944 4204; x_wconf 88' lang='lat' dir='ltr'><strong>ut</strong></span> <span class='ocrx_word' id='word_1_366' title='bbox 1996 4131 2239 4206; x_wconf 90' lang='lat' dir='ltr'><strong>demtis</strong></span> <span class='ocrx_word' id='word_1_367' title='bbox 2294 4133 2714 4221; x_wconf 69' lang='lat' dir='ltr'><strong>militaribus,</strong></span> <span class='ocrx_word' id='word_1_368' title='bbox 2770 4132 3016 4208; x_wconf 90' lang='lat' dir='ltr'><strong>abinde</strong></span> <span class='ocrx_word' id='word_1_369' title='bbox 3070 4133 3156 4206; x_wconf 93' lang='lat' dir='ltr'><strong>ad</strong></span> <span class='ocrx_word' id='word_1_370' title='bbox 3210 4131 3412 4206; x_wconf 93' lang='lat' dir='ltr'><strong>Con-</strong></span> 
     </span>
     <span class='ocr_line' id='line_1_38' title="bbox 102 4233 3410 4333; baseline 0.001 -27"><span class='ocrx_word' id='word_1_371' title='bbox 102 4234 265 4309; x_wconf 85' lang='lat' dir='ltr'><strong>finia</strong></span> <span class='ocrx_word' id='word_1_372' title='bbox 319 4238 613 4309; x_wconf 90' lang='lat' dir='ltr'><strong>transire</strong></span> <span class='ocrx_word' id='word_1_373' title='bbox 667 4236 946 4310; x_wconf 91' lang='lat' dir='ltr'><strong>ulterius</strong></span> <span class='ocrx_word' id='word_1_374' title='bbox 999 4258 1271 4331; x_wconf 92' lang='lat' dir='ltr'><strong>quoque</strong></span> <span class='ocrx_word' id='word_1_375' title='bbox 1329 4233 1747 4324; x_wconf 79' lang='lat' dir='ltr'><strong>volentibus,</strong></span> <span class='ocrx_word' id='word_1_376' title='bbox 1817 4237 2062 4331; x_wconf 87' lang='lat' dir='ltr'><strong>reliqui</strong></span> <span class='ocrx_word' id='word_1_377' title='bbox 2127 4236 2456 4333; x_wconf 87' lang='lat' dir='ltr'><strong>Oppidani</strong></span> <span class='ocrx_word' id='word_1_378' title='bbox 2537 4238 2848 4331; x_wconf 88' lang='lat' dir='ltr'><strong>ejusdem</strong></span> <span class='ocrx_word' id='word_1_379' title='bbox 2919 4238 3058 4312; x_wconf 90' lang='lat' dir='ltr'><strong>loci</strong></span> <span class='ocrx_word' id='word_1_380' title='bbox 3128 4237 3410 4309; x_wconf 87' lang='lat' dir='ltr'><strong>Incolae</strong></span> 
     </span>
     <span class='ocr_line' id='line_1_39' title="bbox 91 4338 3404 4436; baseline 0.001 -24"><span class='ocrx_word' id='word_1_381' title='bbox 91 4361 181 4412; x_wconf 85' lang='lat' dir='ltr'><strong>ea</strong></span> <span class='ocrx_word' id='word_1_382' title='bbox 238 4361 417 4433; x_wconf 89' lang='lat' dir='ltr'><strong>qnae</strong></span> <span class='ocrx_word' id='word_1_383' title='bbox 467 4341 635 4434; x_wconf 86' lang='lat' dir='ltr'><strong>ipsis</strong></span> <span class='ocrx_word' id='word_1_384' title='bbox 702 4343 951 4434; x_wconf 84' lang='lat' dir='ltr'><strong>vigore</strong></span> <span class='ocrx_word' id='word_1_385' title='bbox 1023 4340 1300 4413; x_wconf 88' lang='lat' dir='ltr'><strong>antelati</strong></span> <span class='ocrx_word' id='word_1_386' title='bbox 1370 4338 1774 4413; x_wconf 86' lang='lat' dir='ltr'><strong>Contractus</strong></span> <span class='ocrx_word' id='word_1_387' title='bbox 1852 4350 1925 4413; x_wconf 91' lang='lat' dir='ltr'><strong>et</strong></span> <span class='ocrx_word' id='word_1_388' title='bbox 1978 4338 2406 4414; x_wconf 87' lang='lat' dir='ltr'><strong>obtentorum</strong></span> <span class='ocrx_word' id='word_1_389' title='bbox 2478 4340 3001 4436; x_wconf 81' lang='lat' dir='ltr'><strong>Privilegiorum</strong></span> <span class='ocrx_word' id='word_1_390' title='bbox 3067 4340 3404 4414; x_wconf 85' lang='lat' dir='ltr'><strong>solvenda</strong></span> 
     </span>
     <span class='ocr_line' id='line_1_40' title="bbox 90 4442 3411 4541; baseline -0 -24"><span class='ocrx_word' id='word_1_391' title='bbox 90 4453 167 4517; x_wconf 87' lang='lat' dir='ltr'><strong>et</strong></span> <span class='ocrx_word' id='word_1_392' title='bbox 221 4442 632 4539; x_wconf 85' lang='lat' dir='ltr'><strong>praestanda</strong></span> <span class='ocrx_word' id='word_1_393' title='bbox 686 4442 1077 4518; x_wconf 87' lang='lat' dir='ltr'><strong>incumbunt</strong></span> <span class='ocrx_word' id='word_1_394' title='bbox 1129 4465 1369 4534; x_wconf 78' lang='lat' dir='ltr'><strong>onera,</strong></span> <span class='ocrx_word' id='word_1_395' title='bbox 1424 4442 1511 4517; x_wconf 89' lang='lat' dir='ltr'><strong>de</strong></span> <span class='ocrx_word' id='word_1_396' title='bbox 1562 4452 1873 4538; x_wconf 89' lang='lat' dir='ltr'><strong>tempore</strong></span> <span class='ocrx_word' id='word_1_397' title='bbox 1919 4446 1990 4516; x_wconf 90' lang='lat' dir='ltr'><strong>iu</strong></span> <span class='ocrx_word' id='word_1_398' title='bbox 2041 4453 2308 4541; x_wconf 90' lang='lat' dir='ltr'><strong>tempus</strong></span> <span class='ocrx_word' id='word_1_399' title='bbox 2359 4449 2489 4517; x_wconf 87' lang='lat' dir='ltr'><strong>rite</strong></span> <span class='ocrx_word' id='word_1_400' title='bbox 2525 4455 2877 4541; x_wconf 86' lang='lat' dir='ltr'><strong>praestent</strong></span> <span class='ocrx_word' id='word_1_401' title='bbox 2930 4456 3000 4518; x_wconf 91' lang='lat' dir='ltr'><strong>et</strong></span> <span class='ocrx_word' id='word_1_402' title='bbox 3036 4445 3411 4535; x_wconf 81' lang='lat' dir='ltr'><strong>exolvant3</strong></span> 
     </span>
     <span class='ocr_line' id='line_1_41' title="bbox 87 4545 3516 4645; baseline 0 -25"><span class='ocrx_word' id='word_1_403' title='bbox 87 4568 221 4644; x_wconf 86' lang='lat' dir='ltr'><strong>pro</strong></span> <span class='ocrx_word' id='word_1_404' title='bbox 274 4550 645 4642; x_wconf 89' lang='lat' dir='ltr'><strong>praeterito</strong></span> <span class='ocrx_word' id='word_1_405' title='bbox 699 4557 927 4619; x_wconf 89' lang='lat' dir='ltr'><strong>tamen</strong></span> <span class='ocrx_word' id='word_1_406' title='bbox 981 4545 1221 4620; x_wconf 88' lang='lat' dir='ltr'><strong>eadem</strong></span> <span class='ocrx_word' id='word_1_407' title='bbox 1277 4546 1625 4644; x_wconf 87' lang='lat' dir='ltr'><strong>Oppidana</strong></span> <span class='ocrx_word' id='word_1_408' title='bbox 1682 4547 2143 4622; x_wconf 86' lang='lat' dir='ltr'><strong>Communitas</strong></span> <span class='ocrx_word' id='word_1_409' title='bbox 2199 4552 2510 4645; x_wconf 84' lang='lat' dir='ltr'><strong>exceptis</strong></span> <span class='ocrx_word' id='word_1_410' title='bbox 2567 4552 2702 4640; x_wconf 84' lang='lat' dir='ltr'><strong>(uti</strong></span> <span class='ocrx_word' id='word_1_411' title='bbox 2752 4553 3201 4645; x_wconf 89' lang='lat' dir='ltr'><strong>praemissum</strong></span> <span class='ocrx_word' id='word_1_412' title='bbox 3257 4551 3408 4642; x_wconf 81' lang='lat' dir='ltr'><strong>est)</strong></span> <span class='ocrx_word' id='word_1_413' title='bbox 3509 4561 3516 4572; x_wconf 57' lang='lat'>²</span> 
     </span>
     <span class='ocr_line' id='line_1_42' title="bbox 87 4649 3405 4748; baseline 0.001 -25"><span class='ocrx_word' id='word_1_414' title='bbox 87 4651 179 4723; x_wconf 88' lang='lat' dir='ltr'><strong>ad</strong></span> <span class='ocrx_word' id='word_1_415' title='bbox 237 4660 485 4725; x_wconf 88' lang='lat' dir='ltr'><strong>statum</strong></span> <span class='ocrx_word' id='word_1_416' title='bbox 549 4650 903 4724; x_wconf 88' lang='lat' dir='ltr'><strong>militarem</strong></span> <span class='ocrx_word' id='word_1_417' title='bbox 974 4649 1251 4725; x_wconf 89' lang='lat' dir='ltr'><strong>uberius</strong></span> <span class='ocrx_word' id='word_1_418' title='bbox 1305 4655 1510 4723; x_wconf 90' lang='lat' dir='ltr'><strong>etiam</strong></span> <span class='ocrx_word' id='word_1_419' title='bbox 1564 4655 1855 4725; x_wconf 87' lang='lat' dir='ltr'><strong>transire</strong></span> <span class='ocrx_word' id='word_1_420' title='bbox 1906 4651 2323 4743; x_wconf 74' lang='lat' dir='ltr'><strong>volentibus,</strong></span> <span class='ocrx_word' id='word_1_421' title='bbox 2394 4657 2666 4726; x_wconf 89' lang='lat' dir='ltr'><strong>nonnisi</strong></span> <span class='ocrx_word' id='word_1_422' title='bbox 2721 4655 2889 4726; x_wconf 90' lang='lat' dir='ltr'><strong>duas</strong></span> <span class='ocrx_word' id='word_1_423' title='bbox 2943 4652 3405 4748; x_wconf 84' lang='lat' dir='ltr'><strong>praefatorum</strong></span> 
     </span>
     <span class='ocr_line' id='line_1_43' title="bbox 84 4753 3404 4852; baseline 0.001 -24"><span class='ocrx_word' id='word_1_424' title='bbox 84 4754 395 4829; x_wconf 86' lang='lat' dir='ltr'><strong>Onerum</strong></span> <span class='ocrx_word' id='word_1_425' title='bbox 443 4754 924 4843; x_wconf 79' lang='lat' dir='ltr'><strong>Tertialitates,</strong></span> <span class='ocrx_word' id='word_1_426' title='bbox 980 4754 1105 4828; x_wconf 89' lang='lat' dir='ltr'><strong>sub</strong></span> <span class='ocrx_word' id='word_1_427' title='bbox 1156 4758 1357 4826; x_wconf 88' lang='lat' dir='ltr'><strong>trium</strong></span> <span class='ocrx_word' id='word_1_428' title='bbox 1411 4753 1747 4828; x_wconf 84' lang='lat' dir='ltr'><strong>Mensium</strong></span> <span class='ocrx_word' id='word_1_429' title='bbox 1802 4756 2038 4851; x_wconf 89' lang='lat' dir='ltr'><strong>Spatio</strong></span> <span class='ocrx_word' id='word_1_430' title='bbox 2091 4760 2257 4852; x_wconf 89' lang='lat' dir='ltr'><strong>ipsis</strong></span> <span class='ocrx_word' id='word_1_431' title='bbox 2296 4779 2334 4828; x_wconf 95' lang='lat' dir='ltr'><strong>a</strong></span> <span class='ocrx_word' id='word_1_432' title='bbox 2370 4756 2565 4829; x_wconf 90' lang='lat' dir='ltr'><strong>dictis</strong></span> <span class='ocrx_word' id='word_1_433' title='bbox 2613 4757 2858 4851; x_wconf 71' lang='lat' dir='ltr'><strong>Regiis</strong></span> <span class='ocrx_word' id='word_1_434' title='bbox 2898 4755 3404 4830; x_wconf 87' lang='lat' dir='ltr'><strong>Commissariis</strong></span> 
     </span>
     <span class='ocr_line' id='line_1_44' title="bbox 81 4856 3398 4954; baseline 0 -22"><span class='ocrx_word' id='word_1_435' title='bbox 81 4861 352 4934; x_wconf 89' lang='lat' dir='ltr'><strong>nostris</strong></span> <span class='ocrx_word' id='word_1_436' title='bbox 431 4861 839 4954; x_wconf 88' lang='lat' dir='ltr'><strong>tempestive</strong></span> <span class='ocrx_word' id='word_1_437' title='bbox 912 4859 1281 4931; x_wconf 85' lang='lat' dir='ltr'><strong>intimando</strong></span> <span class='ocrx_word' id='word_1_438' title='bbox 1354 4869 1424 4931; x_wconf 91' lang='lat' dir='ltr'><strong>et</strong></span> <span class='ocrx_word' id='word_1_439' title='bbox 1485 4856 1961 4953; x_wconf 81' lang='lat' dir='ltr'><strong>praefigendo,</strong></span> <span class='ocrx_word' id='word_1_440' title='bbox 2033 4861 2370 4932; x_wconf 85' lang='lat' dir='ltr'><strong>exolvere</strong></span> <span class='ocrx_word' id='word_1_441' title='bbox 2440 4870 2776 4949; x_wconf 74' lang='lat' dir='ltr'><strong>teneatur,</strong></span> <span class='ocrx_word' id='word_1_442' title='bbox 2849 4871 2919 4934; x_wconf 90' lang='lat' dir='ltr'><strong>et</strong></span> <span class='ocrx_word' id='word_1_443' title='bbox 2970 4860 3104 4932; x_wconf 91' lang='lat' dir='ltr'><strong>hoc</strong></span> <span class='ocrx_word' id='word_1_444' title='bbox 3176 4860 3398 4933; x_wconf 91' lang='lat' dir='ltr'><strong>eidem</strong></span> 
     </span>
     <span class='ocr_line' id='line_1_45' title="bbox 84 4961 3402 5059; baseline -0.001 -22"><span class='ocrx_word' id='word_1_445' title='bbox 84 4966 558 5037; x_wconf 87' lang='lat' dir='ltr'><strong>communitati</strong></span> <span class='ocrx_word' id='word_1_446' title='bbox 630 4984 781 5034; x_wconf 90' lang='lat' dir='ltr'><strong>cum</strong></span> <span class='ocrx_word' id='word_1_447' title='bbox 838 4985 921 5035; x_wconf 90' lang='lat' dir='ltr'><strong>ea</strong></span> <span class='ocrx_word' id='word_1_448' title='bbox 976 4985 1315 5059; x_wconf 87' lang='lat' dir='ltr'><strong>expressa</strong></span> <span class='ocrx_word' id='word_1_449' title='bbox 1373 4961 1913 5036; x_wconf 88' lang='lat' dir='ltr'><strong>Comminatione</strong></span> <span class='ocrx_word' id='word_1_450' title='bbox 1994 4966 2403 5055; x_wconf 81' lang='lat' dir='ltr'><strong>iniungatur‚</strong></span> <span class='ocrx_word' id='word_1_451' title='bbox 2476 4964 2656 5058; x_wconf 86' lang='lat' dir='ltr'><strong>quod</strong></span> <span class='ocrx_word' id='word_1_452' title='bbox 2728 4967 2859 5038; x_wconf 89' lang='lat' dir='ltr'><strong>nisi</strong></span> <span class='ocrx_word' id='word_1_453' title='bbox 2925 4963 3084 5038; x_wconf 89' lang='lat' dir='ltr'><strong>huic</strong></span> <span class='ocrx_word' id='word_1_454' title='bbox 3136 4964 3402 5059; x_wconf 86' lang='lat' dir='ltr'><strong>Dispo-</strong></span> 
     </span>
     <span class='ocr_line' id='line_1_46' title="bbox 85 5063 3442 5165; baseline 0 -24"><span class='ocrx_word' id='word_1_455' title='bbox 85 5070 324 5142; x_wconf 86' lang='lat' dir='ltr'><strong>sitioni</strong></span> <span class='ocrx_word' id='word_1_456' title='bbox 396 5089 522 5163; x_wconf 93' lang='lat' dir='ltr'><strong>pro</strong></span> <span class='ocrx_word' id='word_1_457' title='bbox 572 5064 883 5163; x_wconf 86' lang='lat' dir='ltr'><strong>praefixo</strong></span> <span class='ocrx_word' id='word_1_458' title='bbox 955 5067 1275 5141; x_wconf 88' lang='lat' dir='ltr'><strong>Termino</strong></span> <span class='ocrx_word' id='word_1_459' title='bbox 1347 5063 1811 5141; x_wconf 84' lang='lat' dir='ltr'><strong>satisfecerint</strong></span> <span class='ocrx_word' id='word_1_460' title='bbox 1863 5075 1933 5138; x_wconf 93' lang='lat' dir='ltr'><strong>et</strong></span> <span class='ocrx_word' id='word_1_461' title='bbox 1986 5067 2380 5140; x_wconf 84' lang='lat' dir='ltr'><strong>exolvenda</strong></span> <span class='ocrx_word' id='word_1_462' title='bbox 2433 5087 2578 5165; x_wconf 82' lang='lat' dir='ltr'><strong>pro</strong></span> <span class='ocrx_word' id='word_1_463' title='bbox 2642 5073 3007 5163; x_wconf 87' lang='lat' dir='ltr'><strong>praeterito</strong></span> <span class='ocrx_word' id='word_1_464' title='bbox 3079 5072 3401 5162; x_wconf 83' lang='lat' dir='ltr'><strong>integra-</strong></span> <span class='ocrx_word' id='word_1_465' title='bbox 3421 5095 3442 5114; x_wconf 82' lang='lat'><strong>··</strong></span> 
     </span>
     <span class='ocr_line' id='line_1_47' title="bbox 79 5168 3399 5267; baseline -0 -22"><span class='ocrx_word' id='word_1_466' title='bbox 79 5170 245 5245; x_wconf 84' lang='lat' dir='ltr'><strong>liter</strong></span> <span class='ocrx_word' id='word_1_467' title='bbox 298 5170 718 5260; x_wconf 77' lang='lat' dir='ltr'><strong>exolverint‚</strong></span> <span class='ocrx_word' id='word_1_468' title='bbox 771 5168 1154 5243; x_wconf 89' lang='lat' dir='ltr'><strong>Educillnm</strong></span> <span class='ocrx_word' id='word_1_469' title='bbox 1208 5180 1279 5244; x_wconf 90' lang='lat' dir='ltr'><strong>et</strong></span> <span class='ocrx_word' id='word_1_470' title='bbox 1327 5168 1688 5242; x_wconf 82' lang='lat' dir='ltr'><strong>Macellum</strong></span> <span class='ocrx_word' id='word_1_471' title='bbox 1742 5173 2044 5265; x_wconf 90' lang='lat' dir='ltr'><strong>ipsorum</strong></span> <span class='ocrx_word' id='word_1_472' title='bbox 2097 5193 2221 5267; x_wconf 91' lang='lat' dir='ltr'><strong>pro</strong></span> <span class='ocrx_word' id='word_1_473' title='bbox 2276 5181 2468 5267; x_wconf 90' lang='lat' dir='ltr'><strong>parte</strong></span> <span class='ocrx_word' id='word_1_474' title='bbox 2522 5170 2855 5245; x_wconf 87' lang='lat' dir='ltr'><strong>Camerae</strong></span> <span class='ocrx_word' id='word_1_475' title='bbox 2908 5183 3189 5246; x_wconf 87' lang='lat' dir='ltr'><strong>nostrae</strong></span> <span class='ocrx_word' id='word_1_476' title='bbox 3241 5172 3399 5244; x_wconf 89' lang='lat' dir='ltr'><strong>Re-</strong></span> 
     </span>
     <span class='ocr_line' id='line_1_48' title="bbox 80 5272 3395 5372; baseline -0.001 -22"><span class='ocrx_word' id='word_1_477' title='bbox 80 5279 248 5372; x_wconf 76' lang='lat' dir='ltr'><strong>giae</strong></span> <span class='ocrx_word' id='word_1_478' title='bbox 301 5274 581 5349; x_wconf 87' lang='lat' dir='ltr'><strong>indilate</strong></span> <span class='ocrx_word' id='word_1_479' title='bbox 635 5272 1168 5370; x_wconf 82' lang='lat' dir='ltr'><strong>occupabuntur,</strong></span> <span class='ocrx_word' id='word_1_480' title='bbox 1222 5285 1294 5347; x_wconf 89' lang='lat' dir='ltr'><strong>et</strong></span> <span class='ocrx_word' id='word_1_481' title='bbox 1341 5294 1558 5371; x_wconf 90' lang='lat' dir='ltr'><strong>usque</strong></span> <span class='ocrx_word' id='word_1_482' title='bbox 1610 5273 1984 5370; x_wconf 88' lang='lat' dir='ltr'><strong>plenariam</strong></span> <span class='ocrx_word' id='word_1_483' title='bbox 2030 5275 2372 5349; x_wconf 86' lang='lat' dir='ltr'><strong>talismodi</strong></span> <span class='ocrx_word' id='word_1_484' title='bbox 2404 5279 2878 5348; x_wconf 86' lang='lat' dir='ltr'><strong>restantiarum</strong></span> <span class='ocrx_word' id='word_1_485' title='bbox 2910 5275 3395 5349; x_wconf 87' lang='lat' dir='ltr'><strong>Exolutionem</strong></span> 
     </span>
    </p>
   </div>
   <div class='ocr_carea' id='block_1_4' title="bbox 81 5377 3394 5582">
    <p class='ocr_par' dir='ltr' id='par_1_5' title="bbox 81 5377 3394 5582">
     <span class='ocr_line' id='line_1_49' title="bbox 81 5377 3394 5476; baseline -0.003 -16"><span class='ocrx_word' id='word_1_486' title='bbox 81 5377 726 5476; x_wconf 66' lang='lat' dir='ltr'><strong>sequestrabuntur,</strong></span> <span class='ocrx_word' id='word_1_487' title='bbox 806 5377 932 5452; x_wconf 86' lang='lat' dir='ltr'><strong>sed</strong></span> <span class='ocrx_word' id='word_1_488' title='bbox 998 5401 1224 5474; x_wconf 87' lang='lat' dir='ltr'><strong>neque</strong></span> <span class='ocrx_word' id='word_1_489' title='bbox 1276 5383 1345 5452; x_wconf 93' lang='lat' dir='ltr'><strong>in</strong></span> <span class='ocrx_word' id='word_1_490' title='bbox 1402 5400 1526 5453; x_wconf 88' lang='lat' dir='ltr'><strong>usu</strong></span> <span class='ocrx_word' id='word_1_491' title='bbox 1579 5380 1744 5474; x_wconf 92' lang='lat' dir='ltr'><strong>ipsis</strong></span> <span class='ocrx_word' id='word_1_492' title='bbox 1799 5400 2293 5454; x_wconf 86' lang='lat' dir='ltr'><strong>concessorum</strong></span> <span class='ocrx_word' id='word_1_493' title='bbox 2345 5379 2795 5474; x_wconf 81' lang='lat' dir='ltr'><strong>benignorum</strong></span> <span class='ocrx_word' id='word_1_494' title='bbox 2870 5380 3394 5476; x_wconf 82' lang='lat' dir='ltr'><strong>Privilegiorum</strong></span> 
     </span>
     <span class='ocr_line' id='line_1_50' title="bbox 295 5482 2982 5582; baseline -0.003 -14"><span class='ocrx_word' id='word_1_495' title='bbox 295 5512 449 5580; x_wconf 72' lang='lat' dir='ltr'><strong>(Para</strong></span> <span class='ocrx_word' id='word_1_496' title='bbox 482 5512 522 5566; x_wconf 87' lang='lat' dir='ltr'><strong>l.</strong></span> <span class='ocrx_word' id='word_1_497' title='bbox 557 5512 729 5567; x_wconf 69' lang='lat' dir='ltr'><strong>privil.</strong></span> <span class='ocrx_word' id='word_1_498' title='bbox 764 5522 817 5567; x_wconf 78' lang='lat' dir='ltr'><strong>et</strong></span> <span class='ocrx_word' id='word_1_499' title='bbox 850 5511 1065 5582; x_wconf 74' lang='lat' dir='ltr'><strong>uben.)</strong></span> <span class='ocrx_word' id='word_1_500' title='bbox 2882 5482 2982 5559; x_wconf 77' lang='lat'><strong>52</strong></span> 
     </span>
    </p>
   </div>
  </div>
 </body>
</html>
