3950 5917
3299 429 3457 525 '395

145 657 383 753 reliqua
464 656 921 730 haereditaria
974 655 1221 752 Regna
1277 666 1349 731 et
1398 656 1712 730 Ditiones
1768 666 2049 731 nostrae
2122 655 2208 728 ad
2264 656 2758 753 supportandas
2828 655 3136 753 publicas
3190 679 3458 731 neccs-

28 835 29 840 ,
145 764 390 852 sitates,
459 759 757 834 Tribntis
821 782 947 833 seu
1018 758 1602 834 Praestationibns
1674 762 1819 835 suis
1900 760 2169 834 solicite
2238 768 2685 856 prompteque
2766 771 3281 852 concurrerent,
3360 764 3460 836 ita

28 865 29 940 J
145 867 331 938 etiam
382 862 607 937 hocce
667 873 975 937 nostrum
1024 861 1346 937 Croatiae
1393 863 1734 957 Regnum,
1789 861 2354 938 concurrentibus
2404 866 2966 960 proportionatim
3003 863 3459 941 Varasdiensi

28 973 31 1026 ἐ
145 976 206 1042 et
252 965 785 1040 Carlostadiensi
841 964 1388 1058 GeneralatibuS,
1440 965 1790 1062 Bonisque
1848 965 2343 1055 Cameralibus,
2421 969 2554 1038 iam
2638 967 2933 1062 alioquin
3007 977 3115 1040 sat
3184 967 3295 1040 diu
3366 966 3456 1041 ab

143 1071 502 1146 istiusmodi
538 1067 1056 1143 contributione
1096 1068 1357 1158 liberis,
1410 1068 1667 1165 Viginti
1722 1079 2012 1166 quatuor
2063 1071 2246 1144 mille
2299 1068 2602 1144 florenos
2658 1080 2894 1166 parato
2950 1091 3117 1145 aere
3167 1071 3454 1168 persol-

144 1184 347 1265 veret,
418 1173 540 1246 vel
597 1172 791 1246 Militi
860 1196 948 1247 eo
1004 1176 1139 1245 iam
1195 1173 1534 1248 destinato
1613 1175 1930 1247 alimenta
1988 1184 2057 1246 et
2110 1173 2461 1271 Stipendia
2532 1171 3115 1264 subministraret3
3183 1174 3454 1247 Fideli-

140 1285 300 1350 tates
352 1286 585 1350 autem
635 1276 959 1370 Vestrae,
1025 1286 1272 1352 tenore
1328 1276 1630 1353 demisse
1681 1276 2055 1352 Instantiae
2109 1300 2306 1368 suae,
2357 1280 2726 1373 praeterito
2779 1276 3022 1351 Mense
3073 1275 3454 1351 Februario

28 1459 29 1468 χ
140 1379 335 1455 Nobis
398 1383 977 1477 jutroporrectae,
1053 1379 1475 1455 Concursum
1549 1385 1764 1477 parati
1836 1383 2020 1454 aeris
2069 1382 2622 1477 praeeligissent,
2701 1382 2955 1476 talique
3018 1390 3222 1477 pacto
3290 1381 3457 1457 nihil

28 1489 29 1520 ¹
140 1484 301 1557 aliud
372 1494 690 1570 restaret,
767 1505 966 1578 quam
1022 1493 1093 1555 ut
1150 1485 1338 1576 juter
1388 1484 1782 1557 Fidelitates
1837 1483 2128 1557 Vestras
2183 1494 2251 1556 et
2311 1483 2660 1579 praefatos
2717 1482 3168 1558 Generalatus
3223 1507 3452 1580 quae-

136 1592 301 1684 piam
348 1595 641 1661 eatenus
714 1589 1064 1683 proportio
1146 1598 1440 1661 eruatur.
1548 1587 1723 1661 Hinc
1772 1607 1899 1685 pro
1947 1589 2226 1680 ,interim
2285 1583 2372 1659 *et
2421 1607 2639 1683 usqne
2695 1586 2853 1660 dum
2903 1590 3128 1681 magis
3197 1593 3452 1661 exacta

138 1701 199 1763 et
244 1702 561 1765 accurata
615 1691 977 1787 Proportio
1030 1714 1154 1787 pro
1208 1691 1435 1765 futuro
1490 1703 1682 1766 eruta
1736 1690 1966 1780 fuerit,
2030 1692 2407 1766 elementer
2474 1691 2672 1768 hisce
2711 1691 3143 1782 ordinamus,
3197 1701 3270 1763 ut
3318 1690 3451 1764 Fi-

135 1794 434 1870 delitates
487 1794 809 1882 Vestrae,
885 1796 1168 1869 inclusis
1218 1800 1421 1868 etiam
1476 1797 1687 1869 Bonis
1740 1798 1995 1869 nostris
2053 1794 2543 1887 Cameralibus,
2615 1799 2683 1868 in
2738 1798 3004 1890 gremio
3057 1794 3449 1867 Earundem

86 1897 390 1992 tamus,
466 1899 551 1970 ad
627 1899 1093 1971 exolutionem
1164 1922 1286 1995 pro
1359 1910 1677 1972 currente
1730 1899 1951 1971 hocce
2005 1898 2276 1970 Militari
2328 1899 2534 1972 Anno
2590 1899 3022 1974 desideratae
3097 1899 3267 1970 alias
3343 1907 3451 1971 sat

28 2013 29 2066 ;
134 2002 517 2075 moderatae
571 2002 827 2095 Viginti
900 2012 1191 2096 quatuor
1235 2003 1510 2075 millium
1566 2002 1979 2075 florenorum
2038 2001 2388 2092 Summae,
2459 2005 2529 2075 in
2579 2001 2795 2075 tribus
2858 2000 3169 2094 ejusdem
3225 2001 3452 2087 Quin-

133 2106 507 2196 talitatibus,
564 2128 689 2179 seu
744 2105 1273 2192 Quatuordecim
1330 2108 1510 2178 mille
1565 2105 2075 2202 quadringentis
2130 2105 2411 2180 florenis
2465 2104 2973 2195 Rhenensibus,
3040 2108 3205 2177 citra
3264 2107 3453 2179 ulte-

28 2227 29 2234 ’
132 2212 392 2281 trierem
478 2232 739 2282 moram
820 2209 1097 2282 realiter
1176 2232 1260 2281 ac
1314 2208 1635 2282 effective
1716 2207 2195 2305 praestandam
2272 2220 2720 2282 concurrant:
2805 2208 3096 2283 residuis
3188 2207 3450 2284 duabus

128 2308 685 2400 Quintalitatibus,
741 2333 867 2385 sen
901 2311 1318 2386 restantibus
1354 2311 1625 2386 Novem
1681 2313 1863 2384 mille
1902 2315 2255 2387 sexcentis
2310 2310 2590 2386 florenis
2647 2313 2844 2386 dictis
2899 2310 3162 2385 duobus
3199 2312 3443 2384 Gene-

28 2409 29 2416 ’
129 2414 441 2489 relatibus
493 2419 854 2512 impositiS,
909 2420 979 2488 in
1032 2415 1414 2511 ijsdemque
1472 2415 1932 2490 desumendis.
2039 2412 2117 2488 ln
2170 2416 2435 2511 reliquo
2487 2411 2882 2491 Fidelitates
2918 2414 3207 2490 Vestras
3258 2415 3445 2487 Gra-

129 2521 207 2590 tia
256 2529 497 2592 nostru
552 2515 1177 2612 Caesareo-Regia
1231 2518 1531 2612 benigne
1586 2519 2121 2616 complectimur.
2191 2516 2440 2592 Datum
2479 2523 2546 2592 in
2594 2517 2882 2593 Ciuitate
2936 2527 3172 2593 nostra
3211 2516 3439 2592 Vien-

128 2643 205 2692 na
254 2623 610 2712 Austriae,
684 2623 794 2696 die
846 2622 1205 2695 undecima
1261 2622 1523 2699 Mensis
1579 2623 1863 2720 Aprilis,
1936 2622 2144 2696 Anno
2197 2621 2470 2697 Domini
2539 2624 2898 2696 millesimo
2965 2624 3444 2720 septingente—

130 2728 288 2799 simo
341 2729 691 2821 vigesimo
741 2738 1005 2822 quarto.

430 2929 777 3006 Carolus
832 2954 919 3003 m.
978 2953 1047 3027 p.

28 3093 31 3098 ,
1780 3036 2137 3125 Ladislans
2191 3035 2501 3109 Adamus
2556 3034 2632 3110 C.
2686 3033 2969 3135 Erdiidy
3022 3057 3109 3111 m.
3172 3057 3237 3134 p.

28 3111 31 3266 f
2195 3151 2486 3220 api-copus
2517 3150 2800 3206 nmen-10.

2039 3327 2382 3425 Joseplius
2435 3328 2674 3402 Keller
2727 3352 2814 3402 m.
2869 3349 2932 3425 p.

1591 3640 1658 3710 A
1715 3653 1960 3736 terqo:

419 3820 885 3906 Reverendis,
964 3817 1519 3910 Honorabilibus,
1600 3817 2105 3915 spectabilibus
2185 3841 2270 3891 ac
2316 3815 2730 3912 Magnificis,
2803 3815 3193 3910 magnificis
3263 3818 3438 3910 jtem

28 3922 435 4020 Egregijs
506 3936 578 3999 et
624 3923 1011 4012 Nobilibus,
1062 3946 1200 3997 nec
1261 3945 1401 3996 uon
1452 3922 1903 3998 Prudentibus
1956 3944 2047 3996 ac
2100 3920 2661 4019 Circumspectis,
2729 3920 2816 3997 N.
2883 3919 2969 3996 Ν.
3033 3921 3440 4014 Regnorum

114 4026 1409 4208 gffizffirxgnNgffilsmztiisszusCroatiae,
1488 4023 1910 4102 sclavoniae
1980 4025 2343 4102 Universis
2393 4025 2697 4104 Statibus
2770 4036 2842 4102 et
2891 4024 3255 4101 Ordmibue
3308 4029 3440 4098 ὡς.

625 4338 742 4412 Ex
790 4336 1062 4412 Officio.
1167 4336 1647 4412 Varasdinum.

1620 4571 1734 4664 (L.
1812 4571 1928 4664 S.)

109 4828 372 4900 originale
407 4831 463 4882 in
497 4828 729 4884 Arcbivo
764 4826 935 4897 Regni
969 4823 1224 4882 croatiae.
1277 4826 1408 4881 Acta
1442 4824 1613 4897 Regni
1649 4824 1839 4896 congr.
1882 4823 2035 4878 1⁷2⁴.
2071 4821 2157 4876 Νι.
2193 4822 2244 4876 3.
