3950 5917
461 398 573 486 66

466 628 704 697 mm,
757 606 948 682 iuxta
1000 622 1203 704 quam
1257 609 1367 674 est
1413 622 1615 691 crux,
1663 608 1735 674 et
1784 600 1974 684 iuxta
2028 624 2183 678 eam
2238 610 2350 678 est
2398 609 2582 682 meta
2633 610 2886 680 mma.
2992 603 3264 684 Deinde
3315 602 3679 682 descendit
3718 605 3808 679 ad

461 718 676 832 eaput
706 707 947 798 fontis,
1000 710 1114 802 qni
1150 703 1512 780 chioberia
1547 703 1818 795 dicitur,
1872 708 1988 806 qui
2022 705 2183 781 fons
2220 706 2457 780 diuidit
2488 717 2743 781 terram
2777 706 3011 782 Endre
3046 729 3089 779 a
3126 718 3309 782 terra
3345 707 3686 804 predicta,
3733 720 3806 782 et

466 816 578 888 sic
630 810 1121 888 descendendo
1174 831 1302 905 per
1345 807 1667 899 eundem,
1717 807 1990 883 diuertit
2041 810 2524 905 aliquantulum
2578 832 2828 886 uersus
2863 810 3295 886 occidentem
3348 811 3439 884 ad
3475 821 3806 899 ιιιοιιωιιι

464 926 543 994 et
592 914 689 990 ibi
740 924 852 989 est
902 912 1112 988 arbor
1162 921 1494 986 castanea
1567 914 2076 1006 crucesignato,
2144 917 2334 986 iuxta
2388 935 2592 1009 quam
2641 923 2753 988 est
2804 924 2985 987 meta
3035 924 3289 988 terrea.
3392 915 3666 990 Deinde
3718 916 3810 987 ad

462 1041 805 1092 cacumen
882 1019 1135 1091 montis
1207 1013 1518 1090 eiusdem
1584 1014 1900 1111 procedit
1965 1038 2215 1090 uersus
2284 1016 2666 1108 meridiem,
2736 1016 3105 1092 diuidendo
3172 1028 3429 1094 terram
3499 1018 3808 1092 ecclesie

466 1120 978 1216 Zagrabiensis.
1031 1118 1301 1194 Deinde
1343 1140 1471 1215 per
1505 1122 1725 1213 girum
1779 1118 1866 1191 ad
1913 1119 2347 1193 occidentem
2375 1121 2856 1216 aliquantulum
2909 1120 3288 1213 dinei-titur,
3325 1131 3397 1195 et
3419 1119 3515 1194 ibi
3563 1126 3814 1195 transit

464 1226 785 1314 riuulum,
838 1228 954 1320 qui
1002 1233 1294 1302 uocatur
1343 1221 1937 1318 Nezniohpotoka,
1993 1234 2064 1297 et
2114 1222 2276 1298 inde
2330 1222 2771 1299 ascendendo
2826 1228 3146 1321 superius
3191 1223 3281 1298 de
3332 1233 3518 1299 terra
3570 1224 3810 1298 Endre

465 1350 600 1427 per
649 1329 902 1402 uallem
954 1326 1041 1402 ad
1094 1329 1426 1401 uerticem
1478 1329 1679 1402 unius
1732 1330 2009 1417 montis,
2062 1325 2155 1399 ibi
2210 1337 2320 1404 est
2368 1337 2573 1400 meta.
2678 1327 2856 1402 Hinc
2908 1328 3296 1424 separando
3348 1349 3478 1423 per
3521 1338 3807 1401 ueteres

464 1442 693 1507 metas
744 1442 1000 1505 terram
1046 1428 1349 1518 Gremla,
1405 1428 1765 1504 descendit
1798 1429 1885 1503 ad
1917 1429 2237 1512 arborem
2293 1452 2428 1524 que
2479 1440 2771 1506 vocatur
2819 1430 3014 1520 Hier,
3070 1442 3141 1504 et
3184 1430 3276 1504 ibi
3312 1441 3423 1505 est
3467 1441 3684 1523 meta,
3736 1443 3810 1504 et

458 1535 655 1612 cadit
687 1538 759 1610 in
794 1539 1002 1625 uiam,
1058 1554 1190 1629 que
1245 1536 1390 1606 exit
1437 1532 1525 1606 de
1559 1533 1721 1606 uilla
1759 1531 2058 1610 Gremla.
2110 1534 2380 1607 Deinde
2428 1556 2555 1630 per
2604 1534 2900 1609 eandem
2951 1557 3200 1610 uersus
3245 1533 3601 1610 meridiem
3629 1556 3806 1631 pro·-

460 1638 657 1714 cedit
706 1637 797 1712 ad
851 1659 1163 1733 campum
1215 1636 1306 1709 ad
1359 1646 1610 1709 metem
1661 1645 1982 1712 terream.
2062 1637 2231 1712 Inde
2284 1639 2765 1732 aliquantulum
2821 1636 3094 1713 diuertit
3146 1637 3235 1713 ad
3290 1641 3637 1713 sinistram
3682 1661 3811 1734 per

458 1745 653 1820 uiam
708 1751 781 1818 et
847 1745 1161 1839 peruenit
1227 1740 1313 1813 ad
1365 1739 1679 1836 paludes,
1752 1763 1885 1835 que
1935 1739 2167 1814 Hlaka
2230 1741 2568 1830 dicuntur,
2637 1739 2728 1814 ibi
2801 1751 2911 1815 est
2978 1751 3182 1815 meta.
3260 1741 3458 1815 quta
3510 1739 3808 1815 eandem

462 1845 767 1922 Mlakam
801 1869 842 1918 a
879 1849 1153 1920 sinistra
1206 1853 1399 1940 parte
1449 1843 1636 1917 uadit
1686 1843 1774 1917 ad
1824 1843 2150 1918 arborem
2209 1848 2433 1936 nucis,
2489 1844 2582 1918 ibi
2634 1855 2743 1917 est
2793 1855 2996 1917 meta.
3050 1845 3320 1920 Deinde
3375 1844 3462 1917 ad
3516 1843 3811 1919 samba-

458 1972 656 2041 cum,
710 1947 836 2025 sub
891 1971 1026 2045 quo
1081 1957 1192 2022 est
1243 1957 1424 2021 meta
1477 1957 1725 2020 terrea.
1778 1947 2049 2023 Dehinc
2100 1951 2403 2022 metatim
2453 1948 2767 2044 procedit
2808 1960 2879 2021 et
2913 1947 3095 2021 cadit
3125 1951 3197 2022 in
3232 1947 3507 2021 fluuium
3560 1947 3809 2034 Zawe‚

473 2052 639 2130 inde
710 2050 800 2126 ad
866 2062 1122 2127 metam
1174 2055 1475 2148 priorem
1530 2049 1914 2141 descendit,
1986 2062 2059 2126 et
2129 2055 2234 2126 sic
2310 2056 2729 2126 terminatur.
2835 2051 2928 2124 Ut
2976 2055 3183 2146 igitur
3234 2052 3413 2125 dicta
3466 2051 3810 2126 ordinatio

457 2166 709 2232 nostra
787 2166 860 2230 et
936 2156 1273 2229 dictorum
1335 2154 1618 2229 libertas
1687 2154 2027 2250 hospitum
2099 2154 2292 2229 firma
2365 2165 2436 2227 et
2501 2153 2911 2229 inuiolabilis
2968 2166 3300 2252 perpetuo
3370 2165 3805 2252 perseueret,

467 2259 1403 2487 mitisffffissffzssxff
1424 2257 3808 2460 vir‘ssssfflffiessuffffnuffissffi32¹¹&23⁰&ssssssss

458 2470 597 2557 εἰσ
668 2467 823 2539 aule
885 2476 1125 2540 nostre
1177 2463 1591 2557 Cancelarij.‚
1662 2465 1867 2538 electi
1934 2470 2004 2540 in
2057 2467 2673 2563 Archiepiscopum
2729 2465 3211 2541 Colocensem.
3316 2465 3808 2539 Bartholomeo

468 2570 1227 2665 Quinquoeoelesiensi‚
1308 2566 1502 2642 Cleto
1558 2568 1912 2661 Agriensi,
1986 2569 2334 2666 Stephano
2388 2569 2862 2663 Zagrabiensi.,
2910 2570 3398 2644 Bari-bolomeo
3449 2569 3806 2657 Nih-icosi,

469 2672 703 2748 Blasio
759 2670 1244 2763 Chenadiensi‚
1312 2671 1698 2768 Episcopis.
1752 2672 2129 2746 Benedicto
2181 2673 2625 2749 Waradiensi
2677 2685 2748 2747 et
2797 2675 3139 2769 postulato
3189 2675 3558 2748 Jeuriensi.
3634 2673 3808 2745 Ste-

466 2777 696 2874 phano
749 2777 1111 2850 Waciensi
1165 2786 1236 2850 et
1283 2776 1625 2871 postulato
1679 2778 1750 2849 in
1801 2775 2418 2874 Archiepiscopum
2473 2776 3047 2871 strigoniensem,
3102 2779 3441 2852 ecclesias
3495 2776 3612 2849 dei
3665 2800 3806 2868 gu-

462 2877 935 2955 bernantibus.
1038 2879 1309 2953 Dilecto
1366 2889 1663 2972 cognato
1715 2889 1957 2953 nostro
2011 2881 2324 2955 Jobanne
2393 2881 2671 2975 Angelo
2753 2881 3030 2955 domino
3102 2881 3375 2977 Syrmie
3428 2891 3500 2953 et
3551 2883 3806 2953 comite

466 2982 861 3056 Bochiensi.
956 2982 1278 3057 Ladislao
1354 2984 1675 3079 palatino.
1779 2982 2057 3057 Matheo
2136 2985 2670 3057 Tauarnicorum
2728 2995 2800 3057 et
2867 2988 3120 3057 comite
3173 2983 3650 3081 Soproniensi.
3706 3025 3801 3037 —-

452 3126 576 3180 Ἴ·-
629 3127 731 3137 ·-
776 3085 1265 3181 dapiferatum,
1316 3093 1388 3158 et
1440 3090 1693 3160 comite
1744 3086 2096 3174 Nitriensi,
2148 3087 2483 3161 Mauricio
2535 3091 3040 3184 pincernarum,
3097 3086 3447 3184 Stephano
3503 3087 3808 3183 Agaso-

466 3211 633 3264 num
690 3192 1054 3283 magistris,
1141 3190 1456 3263 Arnoldo
1511 3190 1958 3286 symigiensi,
2015 3192 2225 3265 Paulo
2277 3191 2596 3282 Albensi,
2651 3195 3093 3286 magistratus
3148 3203 3218 3264 et
3270 3195 3636 3267 comitatus
3685 3202 3812 3263 te-

471 3292 811 3367 nentibus
865 3293 1073 3368 Anno
1129 3292 1214 3365 ab
1266 3294 1746 3367 lncamatione
1800 3293 2054 3368 domini
2102 3296 2470 3370 Millesimo
2524 3295 2995 3370 ducentesimo
3050 3295 3598 3390 Quadragesimo
3654 3293 3814 3370 Se·-

460 3397 723 3469 oundo.
779 3396 1271 3471 Sextodecimo
1324 3397 1473 3471 Kal.
1509 3396 1938 3471 Decembris,
1987 3398 2213 3493 Regni
2265 3401 2484 3473 nostri
2534 3399 2741 3473 Anno
2796 3410 3072 3474 octavo.

1132 3615 1353 3693 (Baua
1386 3636 1591 3681 aurea
1622 3619 1911 3699 pendens
1955 3638 2097 3681 cum
2141 3621 2561 3700 inscriptione
2606 3639 2686 3682 ea:
2729 3637 2863 3681 mm
2903 3626 3142 3700 parte.)

460 3854 745 3925 originalis
783 3857 997 3911 membr.
1031 3859 1085 3911 in
1121 3858 1364 3913 Archivio
1402 3856 1628 3912 Civitatis
1662 3858 2024 3929 Zagrabiensis
2059 3858 2117 3912 Ν.
2160 3861 2204 3913 1.
