3950 5917
3326 430 3434 504 85·

1563 950 1984 1035 LXIX·-

970 1258 1177 1331 Am
1230 1257 1467 1331 12⁷5.
1537 1259 1655 1331 aee
1713 1258 1786 1331 4.
1863 1280 2092 1332 nom
2141 1254 2570 1332 Decembre.
2655 1204 2660 1211 ⁸

175 1534 643 1616 ladislaus
704 1535 834 1618 IV.
914 1535 1120 1619 Rex
1196 1540 1616 1645 populos
1680 1538 2159 1643 Stephani
2222 1540 2420 1620 filii
2483 1538 3034 1643 Michaelis,
3098 1542 3190 1618 in
3252 1536 3432 1617 Ba-

177 1683 351 1752 natu
396 1673 946 1757 Slavoniae
1007 1676 1610 1783 habitanteS,
1674 1703 1714 1756 a
1779 1681 2349 1757 marturinis
2412 1686 2503 1757 et
2563 1703 2605 1756 a
2664 1676 3149 1780 zaluZina,
3213 1674 3429 1756 Sla-

571 1818 940 1894 voniae
1002 1815 1261 1896 Bano
1322 1816 1878 1922 pendenda,
1971 1821 2444 1897 immunes
2511 1814 2977 1895 declarat.

420 2086 810 2180 Ladislaus,
864 2087 975 2162 dei
1027 2091 1260 2184 gracia
1313 2089 1687 2184 Hungarie,
1754 2088 2136 2181 Dalmacie,
2204 2085 2523 2179 Groacie,
2590 2087 2836 2176 Rame,
2909 2086 3180 2180 Seruio,
3252 2087 3429 2161 Gal-

174 2188 313 2279 licis,
354 2189 790 2282 Lodomerie,
847 2189 1200 2283 Cumanie,
1251 2192 1709 2289 Bulgarieqne
1760 2192 1938 2266 Rex.
2022 2190 2347 2265 Omnibus
2402 2190 2651 2265 Christi
2702 2190 3014 2266 fidelibus
3064 2201 3428 2289 presentes

176 2291 380 2368 litteras
424 2298 868 2392 inspecturis,
917 2297 1205 2370 salutem
1256 2300 1327 2371 in
1380 2301 1673 2371 omnium
1745 2297 2128 2370 Saloatore.
2233 2296 2526 2370 Prouida
2596 2319 2841 2392 regum
2908 2282 3432 2393 circumspectso

174 2418 392 2471 norum
440 2399 898 2491 subditorum,
971 2400 1099 2474 sibi
1152 2398 1441 2474 fideliter
1503 2401 1995 2485 famulantium,
2067 2399 2396 2496 obsequia
2465 2399 2671 2473 debet
2739 2405 3137 2498 prospicere
3211 2401 3428 2473 oculis

178 2502 407 2595 pictatia,
457 2514 527 2577 et
578 2526 962 2577 occurrere
1017 2503 1279 2578 eisdem
1348 2503 1675 2599 largifluis
1730 2504 2064 2595 manibuS,
2136 2514 2336 2599 atque
2407 2502 2770 2596 donatiuis,
2840 2514 2919 2579 vt
2972 2527 3058 2577 eo
3112 2504 3431 2601 exemplo

178 2603 265 2676 nffi
302 2610 424 2679 suis
472 2608 906 2682 naturalibus
959 2608 1268 2682 Dominis
1321 2608 1676 2682 addiscant
1728 2631 1814 2681 eo
1871 2608 2276 2703 diligencius
2331 2608 2662 2682 famulari.
2771 2607 3066 2681 Proinde
3119 2607 3208 2681 ad
3261 2611 3430 2682 vni-

176 2726 491 2803 tersorum,
541 2722 695 2785 tam
748 2716 1207 2808 presencium,
1261 2735 1461 2808 quam
1512 2724 1941 2809 posterorum
1995 2715 2316 2786 noticiam
2372 2712 2605 2785 harum
2659 2715 2844 2786 serie
2895 2714 3209 2786 uolumus
3262 2734 3437 2808 per-

180 2815 394 2887 uenire:
453 2815 665 2904 Quod
719 2816 1147 2891 attendentes
1200 2814 1564 2890 fidelitates
1616 2827 1689 2890 et
1743 2819 2087 2890 meritoria
2158 2816 2514 2912 obsequia,
2585 2826 2656 2889 et
2707 2816 3123 2913 obsequiosa
3197 2820 3436 2890 merita

178 2910 459 3011 Stephani,
511 2920 643 2994 filii
681 2917 1036 2993 Michaelis
1064 2974 1083 2994 .
1113 2975 1132 2993 .
1161 2975 1180 2993 .
1235 2922 1479 3009 nostri,
1530 2943 1663 3016 que
1698 2919 1876 2994 idem
1922 2919 2216 2993 Domino
2255 2919 2628 3016 Stephano,
2680 2923 2854 3017 patri
2906 2932 3145 2994 nostro
3197 2920 3437 2994 karis-

178 3018 339 3109 si-o,
378 3024 554 3097 clare
606 3025 1162 3111 recordacionis,
1208 3033 1280 3096 et
1328 3023 1529 3097 nobis
1582 3048 1667 3097 ac
1715 3046 1937 3119 regno
1991 3023 2339 3120 Hungarie
2392 3028 2461 3096 in
2514 3024 2806 3098 diuersis
2860 3024 3436 3122 expeditionibus,

178 3142 298 3195 eun
338 3131 502 3201 omni
559 3128 858 3201 feruore
909 3126 1248 3201 fidelitatis
1301 3127 1630 3220 exhibuit,
1686 3139 1755 3201 et
1805 3127 2170 3223 impendit3
2220 3128 2538 3201 volentes
2594 3128 2815 3202 eidem
2872 3130 3145 3225 aliquali
3194 3152 3437 3203 remu·-

184 3233 502 3304 meionis
555 3236 805 3327 gracia
860 3234 932 3305 in
982 3236 1707 3328 recompensacionem
1761 3253 2040 3305 suorum
2094 3235 2524 3307 seruitiorum
2577 3234 3028 3330 respondere,
3081 3235 3245 3306 licet
3280 3256 3438 3306 ma-

178 3330 288 3402 iora
329 3333 682 3411 debuisset
726 3340 1152 3432 promereri3
1205 3346 1428 3410 tamen
1486 3358 1579 3409 ex
1630 3334 2087 3409 munificentia
2141 3338 2334 3429 regia
2389 3341 2768 3430 statuimus,
2824 3347 2896 3410 et
2938 3340 3438 3429 concessimus,

175 3442 237 3506 vt
271 3440 468 3533 populi
519 3439 844 3514 eiusdem
896 3440 1250 3537 Stephani,
1302 3443 1371 3514 in
1421 3439 1670 3514 banatu
1721 3439 2092 3513 Sclauonie
2146 3444 2516 3532 constituti,
2591 3441 2950 3513 collectam
3020 3444 3437 3515 marturina-

172 3559 289 3610 πω
329 3550 390 3614 et
432 3544 867 3627 victualium,
923 3568 1057 3640 que
1106 3543 1426 3618 Zolusma
1484 3545 1874 3638 (malatina)
1926 3554 2375 3642 nuncupatur,
2429 3545 2608 3618 bano
2664 3544 3034 3619 Sclauonie
3089 3568 3215 3643 pro
3249 3555 3439 3618 tem-

170 3662 304 3737 pore
346 3652 719 3722 constituto
772 3649 1153 3722 nullatenus
1226 3649 1502 3722 soluere
1569 3658 1967 3739 teneantur3
2039 3649 2164 3723 sed
2219 3649 2303 3722 ab
2358 3649 2742 3724 huiusmodi
2811 3650 3103 3724 collecta
3167 3654 3441 3746 excepti

172 3750 391 3840 ponitus
438 3762 509 3825 et
558 3756 871 3847 exempti
938 3752 1353 3843 habeantur3
1420 3752 1545 3827 sed
1613 3753 1822 3846 ijdem
1891 3755 2123 3850 populi
2194 3754 2417 3827 eidem
2443 3753 2867 3851 ‘Stephano,
2935 3755 3230 3829 Domino
3288 3778 3440 3846 sno,

170 3862 327 3945 punt
371 3854 595 3930 eidem
660 3854 998 3929 videbitur
1049 3856 1403 3954 expedire,
1456 3860 1527 3930 in
1581 3856 1820 3931 eadem
1876 3859 2169 3932 collecta
2225 3859 2519 3932 debeant
2569 3858 3016 3955 respondere.
3087 3859 3182 3931 Vt
3215 3869 3443 3932 autem

170 3951 499 4032 huiusmodi
555 3962 802 4056 gracia
853 3982 979 4055 per
1012 3983 1143 4034 nos
1196 3960 1421 4034 eidem
1475 3961 1657 4034 facta
1696 3971 1768 4036 et
1802 3983 2170 4051 concessa,
2221 3961 2433 4034 robur
2485 3961 2787 4035 obtineat
2836 3971 3165 4059 perpetue
3220 3961 3441 4035 firmi-

168 4063 312 4149 Εἰς
360 4073 427 4136 et
472 4088 571 4137 ne
627 4086 964 4160 processu
1034 4074 1412 4162 temporum
1464 4088 1592 4160 per
1642 4069 2025 4162 quempiam
2092 4068 2313 4161 possit
2372 4065 2492 4138 vel
2563 4065 2814 4139 debeat
2874 4069 2943 4137 in
2997 4068 3259 4137 irritum
3313 4087 3442 4138 re-

168 4169 385 4257 uenti,
437 4179 557 4240 aut
613 4171 1042 4264 aliquatenus
1095 4172 1477 4258 retractari,
1542 4179 1904 4266 presentes
1960 4171 2432 4241 concessimus
2502 4170 2767 4243 litteras
2837 4168 3168 4264 dupplicis
3241 4169 3446 4261 sigilli

166 4273 341 4341 meu-i
388 4275 768 4345 munimine
822 4271 1200 4346 roboratas.
1280 4273 1526 4346 Datum
1579 4295 1705 4369 per
1755 4295 1996 4345 manus
2049 4272 2463 4346 venerabilis
2519 4276 2650 4346 viri
2699 4272 3010 4367 Magistri
3062 4271 3443 4364 Benedicti,

168 4381 365 4447 mete
394 4375 904 4471 strigoniensis
938 4375 1258 4451 Ecclesia
1294 4376 1524 4469 electi,
1560 4377 1867 4451 eiusdem
1904 4377 2042 4450 loci
2079 4375 2359 4452 Comitis
2394 4380 2728 4475 perpetui,
2781 4377 3119 4473 Prepositi
3154 4375 3446 4451 Buden-

168 4476 268 4563 εἰς,
308 4477 482 4553 Aule
530 4489 782 4551 nostre
823 4477 1478 4573 vice-Gancellarii,
1532 4481 1761 4556 dilecti
1794 4490 1866 4555 et
1899 4479 2121 4556 fidelis
2158 4485 2399 4574 nostri,
2451 4505 2631 4555 anno
2677 4481 2949 4555 Domini
2983 4478 3448 4555 MGGLXXV.

166 4573 258 4649 IV.
300 4602 515 4655 nonas
574 4581 1007 4675 Decembris,
1054 4583 1431 4659 indictione
1482 4590 1722 4677 tercia,
1787 4589 1990 4679 regni
2042 4597 2266 4659 antem
2317 4589 2537 4660 nostri
2590 4607 2770 4660 anno
2827 4594 3088 4680 quarto.
3193 4584 3446 4659 Vene-

166 4680 449 4759 nbihbus
501 4684 849 4777 Patribus,
902 4687 1250 4784 Stephano
1306 4686 1676 4763 Colocensi
1728 4699 1798 4762 et
1847 4690 2118 4762 Joanne
2171 4690 2559 4786 Spalatensi
2610 4689 3220 4786 Archiepiscopis3
3271 4689 3444 4764 Phi-

168 4781 319 4880 lippo
378 4788 745 4881 vaciensi,
816 4792 995 4866 aule¹
1040 4792 1335 4865 Domine
1402 4793 1698 4887 Regine,
1773 4789 2130 4866 Consortis
2200 4804 2437 4867 nostre
2507 4792 2897 4880 karissime,
2968 4790 3443 4869 Cancellario:

168 4884 277 4958 lob
322 4890 1082 4990 Qninqneecclesiensi,
1152 4895 1563 4970 Lodomerio
1615 4896 2051 4986 Varadiensi,
2122 4896 2507 4994 Thymoteo
2559 4895 3035 4990 Zagrabiensi,
3106 4897 3444 4993 Dionysio

166 4988 496 5085 ltu-tensi,
570 4997 779 5071 Petro
848 4999 1323 5091 Transiluano,
1398 5001 1734 5094 Gregorio
1807 4997 2290 5091 Chanadiensi,
2358 4999 2748 5098 Episcopis,
2821 5011 2892 5076 et
2941 5001 3148 5075 Petro
3219 5000 3446 5075 electo

170 5102 229 5165 ά
267 5098 668 5173 confirmato
714 5100 1266 5200 Wesprimiensi,
1317 5103 1674 5178 Ecclesias
1725 5103 1855 5178 Dei
1902 5103 2196 5177 feliciter
2243 5103 2800 5199 gubernantibus.
2851 5105 3057 5179 Petro
3109 5103 3447 5195 Palatino,

172 5193 401 5275 Gutta
451 5202 930 5301 supruniensi,
983 5218 1055 5281 et
1086 5208 1331 5282 Judice
1367 5207 1863 5299 Cumanornm3
1915 5207 2174 5281 Tboma
2227 5207 2421 5281 Bano
2453 5213 2665 5284 totius
2701 5208 3097 5296 Sclauonie,
3147 5204 3447 5300 Wgrino

174 5294 536 5402 chwoda
597 5307 1067 5402 Transiluano,
1140 5309 1404 5387 comite
1458 5313 1544 5386 de
1593 5311 1875 5402 Zonuk3
1943 5308 2248 5404 Matheo,
2315 5311 2647 5409 Magistro
2718 5311 3252 5386 Tauarnicornm
3303 5333 3448 5387 no-

172 5412 475 5503 *ωιιις
526 5410 906 5511 Stephano,
941 5414 1274 5513 Magistro
1290 5416 1782 5515 -Dapiferorum
1820 5425 2236 5513 nostrorum,
2286 5414 2564 5495 Comite
2585 5418 2983 5509 Borsiensi3
3033 5414 3242 5493 Petro
3281 5415 3455 5493 Ma-
