3950 5917
29 386 37 681 ‚
1124 520 1213 542 ,,
3311 472 3470 547 2.

121 673 711 766 aliorumcumque
767 671 1075 744 locorum
1130 674 1800 757 circumvicinorum,
1875 672 2435 768 superadendas3
2505 679 2906 771 praemissis
2955 675 3134 751 binis
3189 699 3463 751 annua-

123 772 306 846 libus
376 772 720 864 nundinis,
791 784 993 869 prout
1044 778 1112 847 ὡ
1164 772 1683 848 baebdomadali
1754 774 1938 865 foro,
1992 780 2298 871 gratiose
2372 776 2837 854 addiiciendas
2912 778 3250 854 duximus.
3355 781 3465 855 De

126 884 411 950 caetero
468 885 695 949 autem
745 876 1213 973 praeinsertas
1264 878 1527 951 litteras
1582 876 2207 953 confirmationales
2269 881 2737 976 privilegiales
2790 905 2929 956 non
2982 881 3270 958 abrasas
3322 906 3463 958 non

127 979 546 1055 cancellatas
598 1000 826 1075 neque
892 982 961 1053 iu
1017 981 1242 1076 aliqua
1297 983 1402 1054 sui
1470 991 1665 1075 parte
1715 992 2104 1077 suspectae,
2177 981 2303 1057 sed
2357 987 2540 1057 omni
2590 1006 2877 1081 prorsus
2929 989 3100 1059 vitio
3150 1010 3237 1059 ac
3289 1008 3462 1061 sus-

31 1096 32 1115 *
123 1086 399 1179 picione
454 1092 801 1172 carentes,
851 1083 1330 1179 praesentibus
1381 1086 1638 1157 nostris
1688 1083 1931 1160 litteris
1982 1085 2549 1182 privilegialibus,
2612 1086 2701 1162 de
2753 1086 2974 1163 verbo
3029 1088 3118 1162 ad
3169 1089 3459 1164 verbum

118 1190 273 1260 sine
329 1184 770 1259 diminutione
825 1187 890 1259 tt
943 1195 1312 1280 augmento
1361 1185 1635 1282 aliquali
1683 1190 1983 1262 insertas
2036 1193 2104 1262 ὡ
2154 1192 2543 1284 inscriptas,
2611 1191 2836 1286 quoad
2891 1213 3133 1266 omues
3188 1215 3453 1267 earun-

120 1288 279 1363 dem
335 1292 820 1378 continentias,
890 1289 1232 1363 clausulas
1284 1294 1352 1363 ὡ
1405 1290 1755 1383 articulos,
1825 1302 2114 1365 eatenus
2185 1302 2517 1388 quatenus
2572 1293 2862 1368 eaedem
2914 1299 3046 1369 rite
3096 1300 3164 1369 ὡ
3213 1296 3450 1391 legiti-

119 1414 232 1465 me
287 1395 595 1466 existunt
646 1401 1032 1485 enuntiatae,
1082 1392 1485 1489 viribusque
1536 1415 1774 1468 earum
1812 1398 2090 1468 veritas
2141 1395 2590 1489 suffragatum
2645 1420 2730 1470 ac
2771 1399 2841 1471 in
2889 1407 3208 1493 quantum
3246 1399 3457 1474 iidem

124 1499 327 1568 cives
380 1499 448 1568 cc
498 1494 989 1570 inhabitatores
1042 1494 1640 1572 Carlostadieuses
1692 1501 1765 1570 in
1816 1497 2202 1572 huiusmodi
2271 1498 2648 1573 libertatum
2704 1503 2768 1574 tic
2817 1505 3456 1596 praerogativarum

122 1603 453 1672 continuo
523 1620 654 1672 usn
726 1600 1056 1673 hactenus
1127 1602 1610 1695 perstitissent,
1688 1606 2274 1698 persisterentque
2344 1605 2548 1675 etiam
2618 1601 2706 1675 de
2777 1607 3159 1698 praesenti,
3240 1615 3462 1697 rataS,

120 1712 388 1796 gratas,
442 1706 510 1775 ὡ
553 1711 837 1798 accepta
890 1701 1250 1795 habentes,
1304 1702 1856 1800 approbavimus,
1928 1703 2409 1779 roboravimus
2462 1710 2530 1778 tic
2580 1704 3094 1798 ratificavimus,
3170 1730 3255 1780 ac
3323 1730 3451 1832 pro

31 1864 32 1867 η
123 1805 371 1878 iisdem
428 1801 709 1879 Civibus
764 1803 1455 1895 Carlostadiensibus,
1532 1810 1971 1905 ipsorumque
2024 1811 2320 1903 posteris
2392 1832 2479 1881 ac
2531 1809 3057 1886 successoribus
3109 1814 3457 1887 universis

124 1916 460 2005 perpetuo
513 1909 870 2000 valituras,
941 1913 1247 2005 gratiose
1302 1909 1898 2000 confirmavimus3
1976 1913 2184 1984 immo
2237 1910 2741 2001 transferimus,
2823 1913 3321 2009 superadImus,
3399 1918 3463 1989 tic

120 2021 594 2108 acceptamus,
665 2010 1146 2110 approbamus,
1214 2012 1649 2104 roboramus,
1719 1966 2270 2112 ratifi’camusque
2326 2020 2391 2088 cc
2446 2014 2967 2090 confirmamus·
3047 2018 3246 2092 salvo
3291 2020 3454 2112 jure

118 2117 352 2190 alieno
426 2116 661 2189 barum
714 2126 1100 2190 nostrarum
1156 2114 1448 2191 Secreto
1502 2114 1745 2212 sigillo
1797 2127 2067 2211 nostro,
2153 2139 2287 2213 quo
2339 2125 2416 2189 ut
2469 2119 2633 2192 Rem
2687 2120 3107 2214 Hemqareae
3174 2128 3457 2210 utemur,

31 2264 34 2309 [
116 2223 182 2292 ἰιι
253 2219 583 2314 pendenti
656 2223 1242 2311 communitamm,
1320 2223 1571 2315 vigore
1626 2225 1692 2296 dc
1742 2225 2134 2296 testimonio
2205 2221 2598 2294 litterarum.
2706 2223 2950 2295 Datum
3018 2247 3143 2318 per
3211 2246 3456 2299 manus

31 2318 34 2347 “
120 2322 345 2397 fidelis
399 2325 641 2410 nostri,
696 2324 897 2396 nobis
950 2324 1206 2414 dilecti,
1259 2323 1656 2399 Reverendi
1713 2322 1996 2418 Georgii
2047 2324 2262 2421 Lipay
2315 2325 2402 2398 de
2457 2324 2780 2416 Zombor,
2833 2326 3159 2423 Episcopi
3194 2326 3463 2400 Eccle-

122 2432 273 2499 siae
329 2427 700 2522 Agrieusis
754 2431 1061 2524 perpetui
1115 2426 1396 2501 Comitis
1438 2427 1525 2500 de
1568 2428 1834 2520 Heves,
1891 2426 2276 2502 Consiliarii
2331 2433 2576 2516 nostri,
2631 2433 2696 2501 <ic
2737 2430 2964 2502 Aulae
3022 2438 3299 2504 nostrae
3335 2453 3463 2526 per

124 2530 548 2624 Hungariam
622 2529 1049 2604 Cancellarii.
1154 2531 1230 2604 In
1304 2529 1596 2605 Civitate
1675 2542 1911 2605 nostra
1985 2533 2252 2605 Vienna
2327 2533 2673 2605 Austriae.
2780 2533 2911 2604 Die
2992 2532 3117 2606 26.
3196 2532 3459 2608 Mensis

120 2634 313 2722 Julii,
368 2633 577 2708 Anno
631 2634 902 2707 Domini
961 2633 1184 2708 1629.
1236 2633 1634 2729 Regnorum
1688 2645 2078 2710 nostrorum
2133 2636 2524 2729 Hungariae
2576 2635 2718 2726 111.‚
2772 2636 3187 2731 reliquorum
3241 2635 3458 2726 xlv„

31 2788 32 2797 κ
128 2737 511 2811 Bobemiae
565 2760 739 2812 vero
794 2761 974 2811 anno
1029 2737 1176 2811 ΧΙΙ.

31 2920 34 3067 J
337 2942 810 3019 Ferdinaudus
861 2967 949 3016 m.
997 2967 1063 3040 p.

29 3080 43 3557 b
2218 3097 2566 3193 Georgius
2626 3098 2904 3196 Lippay·
2937 3123 3027 3173 ma
3085 3125 3149 3196 pt

2398 3216 2696 3284 Bru-ow
2728 3216 3018 3286 Agrum.-

2110 3389 2528 3463 Laurentius
2585 3390 3008 3486 Fames-tm
3049 3413 3137 3464 m.
3190 3411 3257 3486 p.

1639 3599 1754 3691 (ι.
1831 3596 1946 3688 S.)

1281 3802 1355 3866 ln
1383 3803 1610 3864 datm
1640 3800 1945 3881 inferior-⁶
1985 3801 2275 3881 mar-9682
2293 3824 2313 3860 .-

440 3991 962 4070 Gollationatum
1017 4018 1171 4069 cum
1226 3994 1566 4089 originali,
1622 3990 2004 4066 Carlostad.
2060 3992 2189 4064 Die
2249 3991 2368 4063 19.
2424 3990 2588 4083 Maj,
2648 3990 2871 4064 1753.

1644 4198 1759 4293 a.
1833 4195 1948 4287 s.)

2654 4350 2745 4424 Μ.
2827 4351 2910 4423 Η.

2439 4466 2663 4523 Genera!
2697 4467 2915 4522 Andilor
2948 4466 3114 4522 ucat.

124 4647 361 4703 xmus
397 4643 533 4701 ms:-
553 4643 943 4699 Pacuuium·
978 4662 1029 4720 p.
1080 4641 1205 4697 m:

29 5310 37 5811 Ι
