3950 5917
3284 429 3444 514 273

154 657 575 744 Mensem,
611 655 1072 729 Secretarium
1129 649 1605 727 consiliarium
1655 649 2005 739 Nostrum,
2062 650 2173 722 cui
2241 650 2731 738 commisimus,
2804 658 2875 722 nt
2924 646 3230 722 fidelitati
3280 658 3444 721 tuae

157 761 449 837 nonnulla
500 769 735 835 nostro
788 762 1069 833 nomine
1118 756 1395 830 referat.
1461 753 1953 829 committimus
2006 755 2261 848 itaque,
2297 763 2369 826 ut
2405 756 2477 825 in
2513 752 2645 839 his,
2697 774 2832 848 que
2866 749 3170 848 prefatus
3206 741 3447 825 orator

158 874 377 939 noster
420 863 690 953 dixerit,
745 861 1007 938 eisdem
1061 860 1266 934 iidem
1317 857 1660 934 indubiam
1713 857 2041 932 adhibere
2093 855 2372 931 debeas.
2479 856 2723 930 Datum
2776 853 3013 932 Budas
3081 843 3445 930 Dominica'

156 971 438 1066 proxim
490 977 648 1042 ante
700 963 953 1042 festum
1002 963 1092 1044 Β.
1133 965 1447 1059 Diomsij.
1552 963 1760 1038 Anno
1814 961 2089 1037 Domini
2141 959 2369 1034 1525.

1616 1193 1674 1255 A
1734 1202 1957 1273 ter-90.-

432 1387 801 1485 Mngniflco
853 1387 1227 1464 Francisco
1282 1387 1371 1460 de
1421 1387 1758 1484 Bathyan,
1835 1385 2236 1484 Regnorum
2289 1393 2679 1458 nostrorum
2729 1383 3136 1474 Dalmatiae,
3209 1382 3445 1457 Oroa-

152 1498 270 1566 tite
332 1504 403 1568 et
470 1493 854 1568 slavonico
918 1492 1114 1566 Bono
1195 1515 1280 1565 ac
1344 1485 1828 1580 Pincernarum
1908 1499 2296 1565 nostrorum
2377 1485 2735 1583 Regalium
2816 1486 3176 1582 Magistro,
3255 1485 3444 1561 fideli

153 1594 324 1670 nobis
373 1596 646 1671 dilecto.

152 1821 386 1894 Origimlc
417 1826 472 1877 in
506 1824 738 1878 Archiv«,
774 1823 1170 1877 Komcndiensi
1202 1822 1281 1876 111.
1318 1822 1569 1892 Principis
1604 1822 1670 1875 dc
1704 1822 1978 1892 Batthyan.

1395 2410 2164 2497 cmxxxvn.

428 2707 643 2778 Anno
702 2703 941 2777 1525.
1021 2704 1234 2776 Festo
1291 2700 1376 2777 Β.
1428 2703 1753 2799 Phihppi
1797 2711 1869 2776 et
1918 2669 2179 2775 Jacobs
2241 2702 2757 2796 Apostolorum.
2844 2702 3119 2777 Budas.

144 2966 685 3047 Ludovicus
755 2966 848 3046 11.
942 2964 1139 3046 Rex
1231 2965 1787 3045 Francisco
1881 2991 1920 3045 a
2006 2965 2487 3070 Bathyan‚
2581 2965 2847 3046 Bano
2941 2966 3442 3074 Oroatiae,

144 3107 241 3184 ob
296 3107 557 3186 bene
620 3117 837 3183 acta
903 3116 994 3183 et
1052 3115 1481 3183 tractata
1541 3109 1633 3183 in
1694 3102 2021 3210 Regni
2083 3105 2631 3185 Slavoniae
2726 3104 3057 3186 diaeta
3123 3132 3444 3212 nego--

145 3249 257 3322 tia
319 3245 1155 3349 complacentiam
1217 3266 1479 3321 suam
1544 3246 2035 3348 exprimit,
2100 3244 2616 3348 eidemque
2666 3241 3134 3324 Joannem
3177 3236 3441 3358 Tffia⁴hy

1346 3380 1842 3487 collegam
1906 3385 2223 3461 mittit.

1986 3641 2363 3705 Commi-uio
2400 3641 2678 3723 propria
2718 3644 2986 3706 Domini
3021 3642 3232 3724 cht's.

635 3861 1052 3954 Ludovicus,
1100 3861 1234 3936 Dei
1290 3858 1522 3934 Gratia
1576 3860 1737 3933 Rex
1787 3859 2181 3955 Hungariae
2237 3870 2308 3935 et
2357 3859 2732 3934 Bohemiae
2786 3864 2913 3934 dcc.

428 4071 801 4167 Magnifice
853 4071 1074 4145 fidelis
1152 4068 1353 4145 nobis
1431 4069 1703 4142 dilecte.
1807 4068 1909 4140 Ea
1964 4090 2142 4164 quae
2218 4089 2346 4164 per
2394 4078 2465 4142 te
2544 4080 2697 4142 acta
2779 4080 2933 4143 sunt
3000 4072 3071 4141 in
3121 4072 3439 4165 proxime

130 4181 479 4270 praeterito
562 4177 808 4249 Diaeta
879 4180 946 4248 in
1018 4173 1417 4262 Sclavonia,
1490 4182 1560 4246 et
1630 4195 1725 4245 ex
1791 4173 2032 4245 litteris
2105 4183 2174 4245 et
2217 4169 2338 4245 'ex
2405 4177 2672 4247 nunciis
2742 4177 2876 4247 tuis
2947 4173 3435 4264 intelleximus,

132 4303 292 4375 quae
341 4281 550 4356 nobis
602 4279 808 4354 valde
858 4279 1275 4376 placuerunt.
1381 4276 1748 4351 Hortamur
1798 4281 2028 4372 itaque
2076 4276 2467 4350 fidelitatem
2519 4287 2729 4364 tuam,
2781 4289 2856 4349 ut
2908 4299 3020 4366 ea,
3075 4300 3251 4371 quae
3294 4277 3436 4353 bc·-

129 4407 209 4458 nc
257 4389 572 4483 caepisti,
642 4384 820 4457 bene
891 4385 1096 4456 etiam
1177 4386 1559 4472 continues,
1639 4393 1709 4454 et
1760 4381 1848 4456 ad
1900 4379 2152 4453 bonum
2212 4377 2420 4454 finem
2471 4389 2586 4454 tua
2663 4380 2992 4455 industria
3069 4382 3435 4477 perducas.

129 4486 350 4563 Placet
402 4500 477 4562 et
528 4488 691 4562 illud
744 4484 987 4577 Nobis,
1058 4486 1241 4581 quod
1292 4486 1616 4559 Banatum
1668 4487 1973 4560 Joannes
2027 4484 2270 4580 Thahy
2318 4483 2697 4576 reddidisti,
2767 4508 2924 4559 nam
2976 4507 3107 4559 nos
3162 4508 3436 4582 quoque

130 4592 341 4667 eidem
391 4593 509 4666 hic
562 4591 974 4666 reddidimus
1028 4602 1288 4664 etcum
1321 4592 1438 4663 illo
1495 4613 1917 4666 conservare
1972 4592 2248 4663 omnino
2298 4588 2639 4678 volumus,
2694 4612 2918 4685 neque
2951 4593 3311 4686 patiemur,
3364 4601 3440 4665 ut

131 4697 493 4771 authoritas
545 4696 800 4771 Nostra
844 4694 930 4767 ab
973 4695 1151 4769 illius
1205 4695 1492 4768 aemulis
1546 4703 1616 4768 et
1666 4695 2085 4769 adversariis
2165 4693 2627 4768 conculcetur.
2732 4693 2886 4766 Hoc
2938 4703 3164 4768 autem
3215 4693 3438 4771 Nobis

129 4801 321 4874 valde
375 4801 716 4897 displicet,
784 4799 965 4896 quod
1015 4821 1175 4895 pars
1226 4800 1342 4873 illa
1395 4798 1692 4874 adversa
1743 4821 1855 4888 ea,
1908 4820 2086 4893 quae
2158 4798 2456 4873 dicturus
2504 4798 2601 4871 illi
2654 4820 2836 4889 eras,
2909 4797 3145 4871 audire
3197 4800 3436 4873 noluit.

130 4901 259 4976 Sed
294 4915 571 5000 praeter
602 4905 1025 4978 voluntatem
1068 4914 1250 4978 tuam
1287 4901 1675 4992 disucessit,
1726 4901 1821 4993 id,
1875 4900 2057 4996 quod
2093 4902 2362 4975 silentio
2413 4904 2793 4997 praeterire
2843 4902 3183 4977 nolumus.
3233 4902 3435 4976 Nunc

130 5010 345 5101 itaque
408 5012 797 5084 remisimus
850 5007 938 5080 ad
988 5019 1058 5081 te
1109 5006 1493 5080 Iohannem
1544 5006 1787 5100 Thahy
1837 5002 2191 5099 collegam
2242 5015 2449 5079 tuum.
2521 5006 2665 5080 Des
2716 5009 2944 5102 itaque
2999 5027 3304 5105 operam,
3358 5014 3433 5079 ut

124 5111 259 5200 J‘am
326 5112 601 5187 tandem
666 5112 755 5186 ab
808 5109 1121 5187 omnibus
1186 5114 1258 5184 in
1309 5109 1567 5182 Banum
1640 5110 2066 5203 suscipiatur.
2168 5108 2537 5205 Postquam
2610 5120 2838 5184 autem
2905 5114 3111 5185 toties
3181 5107 3431 5183 hortati

137 5223 205 5284 et
246 5219 554 5311 requisiti
596 5216 924 5310 judicium
977 5238 1075 5290 ex
1123 5224 1318 5311 parte
1393 5215 1606 5308 ipsius
1674 5211 2006 5286 Johannis
2073 5211 2315 5309 Thahy
2381 5217 2534 5307 ejus
2605 5214 2986 5290 adversarii
3059 5222 3429 5309 acceptare

136 5332 556 5412 recusarunt,
623 5319 841 5395 Nobis
902 5342 1044 5395 non
1093 5319 1390 5411 videtur,
1458 5327 1533 5390 ut
1591 5319 1738 5412 ipse
1791 5315 2142 5391 Johannes
2194 5314 2437 5412 Thahy
2484 5326 2624 5390 tam
2692 5321 2998 5394 strictum
3065 5318 3432 5410 Iudicium,-

134 5421 219 5494 nd
265 5422 455 5519 quod
525 5448 605 5503 se
690 5423 1045 5516 offerebat,
1125 5422 1356 5501 subire
1431 5420 1718 5522 posthac
1796 5431 2124 5517 cogam-3
2194 5419 2319 5494 sed
2373 5424 2486 5517 qui
2539 5443 2693 5496 cum
2741 5445 2830 5497 eo
2878 5445 3094 5517 agere
3164 5423 3432 5518 volunt,

326 5556 547 5624 (ru-1.
580 5558 758 5614 rrivn.
789 5566 845 5613 οι
874 5558 1096 5627 mort)
2907 5526 3007 5599 35
