3950 5917
501 395 509 410 ¹
606 403 613 414 ο

499 421 509 436 0

520 445 527 458 ς
576 443 587 454 ο

502 525 1005 604 secundum
1075 524 1637 619 Privilegia,
1711 547 1753 595 a
1824 520 2439 619 predecessoribus
2515 526 2774 599 nostris
2829 522 3092 599 eisdem
3170 544 3552 612 concessa,
3638 520 3807 596 nobis

502 629 901 704 fidelitatem
980 628 1277 701 debitam
1359 627 1832 701 obseruarent.
1942 628 2247 714 Quorum
2320 630 2503 701 uotis
2572 626 2876 722 benigno
2932 637 3425 702 concurrentes
3507 648 3806 714 assensu,

502 733 735 807 habito
790 732 1096 826 diligenti
1145 741 1541 807 nostrorum
1593 723 1970 827 prin'cipum
2026 731 2346 821 consilio,
2418 729 2853 805 decreuimus
2903 731 3450 827 promittendum,
3521 753 3614 802 ac
3666 752 3811 824 pro-

502 841 790 911 missum
844 833 1381 926 obseruandum,
1462 834 1646 929 quod
1700 837 2259 923 mancationem,
2340 856 2542 930 quam
2597 836 2992 908 carissimus
3047 834 3263 908 frater
3315 843 3555 907 noster
3609 832 3808 904 felicis

501 943 837 1013 memorie
888 938 1082 1012 Rex
1137 937 1702 1012 Colomanus
1783 961 1937 1011 cum
1993 936 2258 1012 eisdem
2331 940 2659 1011 maturius
2714 937 3178 1022 ordinauerat,
3256 947 3473 1010 ratam
3528 934 3814 1009 habere-
3863 967 3866 1056 5

502 1064 659 1116 mus
713 1053 787 1117 et
836 1041 1127 1132 firmam,
1199 1052 1271 1116 et
1322 1042 1599 1115 effectui
1670 1043 1904 1137 sepius
1956 1062 2086 1137 per
2140 1041 2430 1114 eosdem
2477 1040 2888 1137 postulatam
2967 1040 3360 1115 faceremus
3437 1042 3815 1134 mancipari.
3865 1059 3868 1132 ‘1

502 1143 715 1219 Cuius
768 1148 1245 1219 conuentionis
1301 1147 1486 1219 serie
1539 1147 1963 1218 continetur:
2020 1143 2202 1240 quod
2258 1143 2602 1218 mediante
2654 1143 2840 1218 fideli
2892 1154 3132 1218 nostro
3184 1144 3492 1233 homine,
3566 1165 3815 1216 secun·
3869 1171 3870 1236 χ

505 1249 665 1326 dum
719 1250 1080 1322 consilium
1159 1245 1527 1345 proborum
1578 1251 1883 1321 uirorum
1932 1250 2005 1320 in
2055 1246 2266 1324 Jadra
2320 1250 2786 1339 existentium,
2867 1258 3119 1321 tantam
3202 1270 3537 1321 summam
3617 1269 3820 1343 pecu·
3871 1273 3872 1298 ¹

502 1356 665 1438 nie,
746 1375 878 1448 qua
958 1352 1331 1425 destructio
1409 1354 1624 1442 muri,
1705 1352 1821 1423 uel
1870 1354 2065 1424 ruina
2135 1367 2235 1423 ex
2303 1360 2496 1447 parte
2575 1354 2783 1426 maris
2853 1351 2942 1425 ad
3012 1351 3320 1425 nostrum
3402 1350 3822 1423 commodum
3873 1375 3874 1380 ¹

504 1466 579 1529 et
629 1455 965 1529 honorem
1017 1455 1249 1528 ualeat
1296 1457 1630 1550 reparari,
1685 1455 1851 1529 dare
1901 1464 2240 1527 tenemur.
2327 1454 2419 1526 Et
2467 1458 2748 1552 insuper
2799 1465 3051 1528 terram
3102 1460 3444 1528 iacentem
3501 1477 3543 1525 a
3580 1452 3825 1549 Nedyri

506 1580 727 1653 usque
789 1558 1080 1653 Reguna
1101 1612 1125 1649 ,
1204 1569 1437 1655 preter
1514 1558 1727 1648 illam,
1809 1581 2008 1653 quam
2083 1558 2291 1632 modo
2361 1558 2760 1653 possident3
2833 1561 3000 1631 item
3056 1562 3370 1655 superius
3449 1580 3677 1653 usque
3753 1554 3826 1626 ad

506 1660 912 1734 martindam
964 1666 1036 1735 in
1089 1684 1306 1753 mare,
1377 1671 1610 1758 preter
1687 1671 1941 1735 terram
2014 1665 2465 1758 pertinentem
2518 1661 2606 1735 ad
2662 1660 3065 1737 Comitatum
3120 1662 3392 1750 Nonae,
3463 1672 3539 1734 et
3590 1672 3828 1732 terram

505 1764 718 1855 Jubil,
790 1787 923 1860 que
997 1775 1107 1839 est
1156 1764 1715 1861 Hospitaliorum,
1788 1788 1960 1862 quas
2033 1765 2299 1841 eisdem
2368 1783 2509 1839 non
2580 1766 3009 1840 contulimus.
3113 1766 3412 1842 Predicti
3484 1786 3666 1839 uero
3715 1763 3830 1835 Ja-

511 1868 805 1962 drenses
866 1866 1211 1941 debebunt
1261 1869 1459 1944 nobis
1518 1879 1589 1942 et
1632 1866 2160 1944 successoribus
2210 1873 2470 1945 nostris
2541 1872 2837 1943 seruicia
2909 1892 3187 1944 camere
3257 1873 3454 1962 regie
3523 1887 3834 1944 commu-

509 1975 691 2046 niter
740 1971 1110 2061 exhibere,
1194 1972 1570 2048 secundum
1643 1973 1825 2069 quod
1893 1996 2032 2047 avo
2086 1983 2326 2048 nostro
2395 1973 2630 2048 inclite
2695 1973 3200 2048 recordationis
3251 1973 3421 2045 Bele
3474 1976 3634 2066 regi
3687 1994 3835 2044 ser-

510 2079 691 2147 uicia
745 2085 815 2147 et
868 2074 1259 2149 fidelitatem
1340 2086 1726 2176 semarunt,
1809 2079 2006 2151 salva
2085 2075 2425 2168 libertate,
2505 2097 2708 2173 quam
2762 2076 2848 2152 ab
2904 2077 3153 2151 eodem
3203 2076 3373 2150 Bela
3439 2075 3835 2148 habuerunt.

513 2180 603 2253 Ut
653 2181 859 2272 igitur
911 2176 1090 2252 dicte
1144 2183 1249 2252 rei
1305 2183 1526 2255 series
1579 2184 1998 2255 inconcussa
2051 2191 2476 2277 permaneat,
2555 2182 2818 2255 litteras
2881 2191 3159 2283 nostras
3213 2181 3478 2256 eisdem
3535 2201 3836 2252 conces-

518 2286 733 2358 simus
808 2306 1019 2355 auree
1054 2281 1271 2356 ,bulle
1341 2295 1583 2358 nostre
1651 2288 2112 2382 impressione
2192 2283 2573 2358 roboratas.
2678 2283 2928 2364 Datum
2997 2289 3066 2358 in
3140 2283 3335 2358 Clitia
3407 2306 3534 2381 per
3607 2304 3838 2354 manus

516 2385 954 2466 Venerabilis
1007 2386 1229 2461 Patris
1283 2387 1611 2484 Stephani
1661 2388 2031 2463 Veniensis
2083 2386 2438 2485 Episcopi,
2513 2387 2760 2461 eodem
2810 2388 3162 2464 Vaciense
3213 2392 3285 2461 in
3337 2388 3837 2482 Archiepisco-

518 2512 679 2586 pum
730 2487 1306 2584 strigoniensem,
1378 2491 1757 2564 Benedicto
1826 2491 2122 2565 Albensi
2187 2494 2536 2588 preposito
2599 2495 2670 2565 in
2714 2492 3331 2590 Archiepiscopum
3385 2490 3840 2568 Colocensem

518 2592 906 2691 postulatis,
985 2593 1401 2670 Reuerendo
1454 2594 1942 2670 Bartholomeo
2001 2597 2300 2690 quinque
2350 2594 2830 2688 Ecclesiense,
2883 2606 2956 2669 et
3006 2596 3492 2669 Bartholomeo
3547 2595 3844 2692 Vespri-

520 2700 817 2786 miense,
872 2695 1222 2792 Stephano
1277 2696 1775 2790 Zagrabiense,
1827 2697 2219 2794 Episcopis,
2301 2709 2372 2772 et
2425 2700 2578 2792 alijs
2629 2699 2991 2774 Ecclesiae
3045 2700 3177 2773 Dei
3231 2699 3527 2773 feliciter
3577 2697 3842 2791 guber·-

520 2798 860 2874 nantibus.
917 2791 1228 2874 Arnaldo
1283 2800 1593 2874 Palatino
1648 2811 1721 2875 et
1771 2799 2040 2875 Comite
2095 2800 2539 2896 simigiense,
2591 2803 2907 2878 Dionisio
2960 2804 3181 2892 Bano,
3236 2803 3603 2877 Laurentio
3642 2802 3842 2896 Voy-

522 2897 737 2990 uoda,
790 2901 1066 2976 Matheo
1120 2906 1621 2980 tauarnicorum
1675 2914 2095 2992 nostrorum,
2151 2903 2487 2980 Railando
2541 2905 3446 3002 dapiferorum‘nostrorum
3501 2909 3844 3001 magistris

468 3049 489 3064 ι
530 3002 985 3078 existentibus
1058 3017 1128 3079 et
1197 3009 1352 3099 alijs
1423 3012 1863 3103 magistratus
1937 3021 2007 3083 et
2083 3006 2458 3084 Comitatus
2531 3010 2757 3104 Regni
2826 3016 3043 3085 nostri
3123 3009 3531 3084 tenentibus.
3641 3011 3842 3082 Anno

519 3105 629 3182 ab.
666 3106 1143 3184 lucarnatione
1221 3109 1498 3184 Domini
1577 3112 1938 3187 millesimo
2017 3113 2512 3188 Ducentesimo
2594 3113 3160 3210 quadragesimo·
3207 3114 3541 3206 secundo,
3625 3113 3845 3206 Regni

526 3219 753 3283 autem
802 3217 1021 3287 nostri
1076 3236 1256 3287 anno
1313 3218 1624 3310 septimo.
2923 3237 2938 3252 ·

524 3437 605 3489 Ex
640 3438 762 3491 Hac.
802 3438 1074 3495 Paetorum
1112 3442 1245 3497 libro
1283 3445 1470 3512 primo,
1506 3460 1627 3513 pag.
1670 3444 1790 3510 1¹73,
1826 3444 1877 3496 in
1916 3443 2143 3495 Archivo
2183 3444 2477 3498 Viennensi.

2086 4039 2306 4134 111.

1520 4327 1728 4398 Anno
1790 4325 2028 4399 1248.
2083 4327 2167 4398 In
2221 4329 2452 4400 ausula
2505 4329 2871 4423 Leporem.
2981 4321 2984 4326 ⁴

533 4584 832 4678 Maria
895 4555 1277 4690 Regina
1374 4588 1951 4691 hospitibus
2018 4594 2109 4668 in
2175 4588 2750 4674 Virovitica
2834 4595 3383 4698 privilegia
3471 4596 3864 4677 tribuit.

850 4854 1093 4946 Maria,
1147 4856 1278 4928 Dei
1331 4861 1566 4950 gracia
1619 4859 1886 4951 Regina
1940 4861 2316 4954 Hungarie,
2393 4862 2707 4939 omnibus
2763 4862 3014 4939 Christi
3067 4865 3404 4954 fidelibus,
3478 4878 3618 4942 tam
3695 4895 3871 4968 pre-

536 4956 844 5032 sentibus
899 4980 1100 5054 quam
1136 4964 1464 5056 posteris,
1515 4971 1908 5058 presentem
1960 4968 2278 5060 paginam
2334 4968 2768 5063 inspecturis,
2824 4970 3115 5043 salutem
3160 4974 3230 5045 in
3266 4972 3501 5047 salutis
3558 4986 3874 5049 auctore.

537 5060 655 5133 Ad
706 5066 1187 5136 universorum
1266 5069 1588 5138 noticiam
1663 5077 1905 5139 tenore
1975 5071 2411 5164 presencium
2464 5073 2784 5147 volumus
2835 5077 3234 5169 pervenire,
3305 5076 3487 5172 quod
3539 5099 3676 5151 nos
3731 5079 3879 5152 ho-

538 5162 826 5259 spitibus
905 5171 1161 5242 nostris
1243 5168 1330 5242 de
1409 5169 1880 5245 Vereuche
1959 5177 2404 5267 congregatis
2456 5186 2527 5249 et
2579 5179 3086 5272 congregandis
3165 5180 3461 5254 eandem
3535 5180 3880 5258 libertatis

545 5265 1023 5342 condicionem
1078 5269 1395 5348 duximus
1450 5273 1921 5368 ordinandam,
1976 5299 2178 5371 quam
2226 5275 2531 5375 hospites
2585 5279 2673 5354 de
2725 5279 3071 5377 Sugust
3122 5305 3220 5357 ex
3260 5275 3484 5382 Regia
3537 5284 3882 5386 benigni-
