3950 5917
1886 903 2597 1032 &mvl

1557 1194 1793 1272 1⁷20.
1846 1195 1964 1270 aee
2016 1195 2147 1308 ss.
2201 1200 2526 1295 Aug-³12:
2594 1194 2923 1269 vm

567 1452 987 1535 Carolus
1066 1454 1206 1536 m.
1298 1454 1501 1537 Rex
1604 1468 2286 1562 contractum,
2407 1460 2668 1537 inter
2757 1457 3250 1546 Carnes-au
3343 1457 3850 1540 laterici-i·

568 1579 1043 1714 Augu-iae
1127 1603 1223 1673 et
1301 1592 1768 1677 Croatiae
1854 1593 2204 1680 Status
2298 1598 2691 1675 ratione
2767 1594 3245 1678 bonorum
3321 1593 3849 1712 Zrinjiano-

1191 1729 2126 1838 Frangepani·crum
2187 1735 2645 1838 inuitum,
2708 1731 3265 1836 confirmat.

568 2016 992 2092 CAROLVS
1061 2018 1175 2092 vl.
1259 2018 1410 2092 um
1462 2023 1680 2113 gratia
1753 2020 2018 2094 electus
2084 2018 2543 2093 Romanorum
2597 2019 2974 2116 Imperator
3023 2018 3321 2117 Semper
3367 2020 3738 2124 Augustus,
3783 2040 3848 2088 ac

1003 2120 1441 2212 Germaniae,
1494 2122 1996 2219 Hispaniarum,
2048 2123 2470 2216 Hungariae‚
2523 2122 3036 2220 Bohemiaeque
3084 2130 3214 2197 dcc.
3274 2122 3490 2197 Rex.'

880 2341 1303 2432 Reverendi,
1359 2343 1841 2433 Honorabiles,
1887 2344 2318 2441 spectabiles
2356 2368 2442 2417 ac
2476 2344 2848 2438 magnifici,
2892 2342 3242 2440 Magniflci
3277 2347 3439 2418 item
3475 2349 3543 2417 ὡ
3576 2343 3848 2439 &regit

568 2447 882 2535 Nobiles,
935 2470 1070 2522 nec
1141 2470 1278 2521 non
1332 2446 1711 2520 Prudentes
1766 2471 1851 2519 ac
1905 2447 2422 2544 circumspecti,
2476 2448 2750 2521 Fideles
2802 2447 3017 2524 Nobis
3070 2448 3320 2522 dilecti.
3425 2447 3585 2520 Rite
3634 2448 3850 2520 memi-

568 2553 796 2623 nerint
846 2550 1241 2625 Fidelitates
1297 2550 1620 2640 Vestrae,
1694 2551 2124 2645 qualemnam
2178 2551 2615 2624 Contractum
2667 2555 2852 2626 circa
2889 2551 3082 2624 Bona
3129 2550 3464 2624 Maritima
3517 2550 3850 2623 Zriniauo-

568 2659 637 2727 dc
687 2647 1515 2751 Frangepano-ssFiscalia‚
1567 2654 1872 2751 alioquin
1920 2654 2228 2750 legitimo
2262 2652 2696 2729 venditionis
2748 2655 2970 2729 Titulo
3006 2677 3132 2752 per
3164 2654 3440 2730 Fiscum
3473 2654 3754 2746 Regium
3795 2652 3852 2722 in

565 2757 922 2832 luterioris
998 2757 1324 2831 Austriae
1379 2755 1737 2830 Camerata
1793 2756 1938 2832 Suo
1995 2759 2202 2832 modo
2254 2760 2608 2848 translata,
2679 2764 2745 2831 in
2801 2758 3007 2831 Anno
3063 2758 3286 2830 adhuc
3354 2757 3629 2830 Domini
3683 2752 3848 2827 1695

567 2883 729 2932 cum
806 2859 1157 2934 modofata
1240 2857 1527 2934 Camera
1602 2863 1940 2935 iniverint.
2068 2859 2321 2938 Contra
2393 2861 2775 2954 cujusmodi
2846 2862 3410 2933 Transactionem
3482 2864 3550 2932 ὦ
3620 2857 3852 2954 quidem

570 2964 839 3035 ratione
895 2987 1178 3036 onerum
1231 2964 1944 3039 Extraordinariorum
2002 2988 2041 3037 a
2096 2963 2678 3061 praespecificatis
2730 2964 2941 3037 Bonis
2996 2968 3065 3036 iu
3119 2963 3411 3036 medium
3459 2961 3854 3036 Fidelitatum

566 3066 974 3158 vestrarum
1027 3067 1617 3164 praestantiorum„
1674 3068 1829 3142 dum
1883 3069 2209 3148 nonnulla
2255 3071 2666 3163 gravamina
2709 3089 2806 3140 ex
2839 3077 3033 3163 parte
3084 3065 3499 3162 praelibatae
3558 3064 3857 3138 Gamerae

569 3171 882 3246 Genitori
937 3181 1172 3246 nostro
1225 3170 1812 3248 desideratissimo
1867 3173 2221 3264 gloriosae
2301 3176 2672 3252 memoriae
2737 3171 3135 3266 Imperatori
3186 3174 3253 3246 dc
3304 3169 3482 3263 Regi
3540 3164 3854 3264 Leopoldu

568 3272 876 3350 demisse
928 3284 1444 3369 repraesentata
1498 3279 1913 3364 extitissent„
1964 3275 2205 3352 Eidem
2259 3275 2560 3368 benigue
2615 3278 2837 3352 visum
2890 3274 3040 3362 fuit„
3091 3272 3237 3348 Sub
3290 3273 3470 3348 nam
3527 3273 3685 3347 Diei
3732 3270 3856 3352 De-

570 3380 796 3449 cimae
849 3375 1112 3452 Mensis
1165 3377 1387 3468 Martij
1445 3376 1628 3451 Anni
1687 3377 1887 3451 1703
1955 3380 2331 3451 clementer
2398 3378 2798 3452 resolvere:
2909 3377 2996 3458 Ut
3065 3386 3414 3472 praetacta
3483 3376 3850 3468 gravamina

573 3484 644 3553 in
720 3502 911 3554 novo
993 3478 1429 3574 Congressu‚
1512 3481 1710 3554 isthic
1764 3481 2076 3554 Viennae
2131 3483 2455 3554 Austriae
2534 3481 2971 3562 instituendo,
3050 3483 3528 3559 examinentur
3582 3484 3648 3551 dc
3689 3480 3852 3569 juxta

568 3604 863 3678 aequum
945 3589 1011 3656 dc
1053 3586 1311 3676 justum
1368 3585 1704 3657 tollantur.
1810 3584 1899 3656 Et
1950 3586 2111 3656 licet
2165 3585 2542 3657 istiusmodi
2618 3583 3057 3676 Congressns
3125 3595 3381 3669 cotum„
3455 3595 3574 3653 aut
3646 3587 3856 3675 expost

568 3689 777 3759 etiam
831 3685 920 3759 ob
975 3687 1248 3759 diversa
1307 3698 1593 3760 eatenus
1647 3690 2168 3760 intervenientia
2229 3688 2703 3783 impedimenta
2759 3691 3009 3759 institui
3084 3690 3556 3781 nequivisset;
3630 3684 3856 3757 Fideli-

570 3799 752 3864 tates
805 3789 1239 3863 nihilominus
1294 3791 1587 3863 Vestrae
1644 3791 1728 3862 ad
1783 3791 2290 3886 implementum
2339 3792 2848 3887 praeallegatae
2905 3791 3413 3862 Transactiouis
3468 3811 3710 3861 coram
3755 3784 3855 3857 1³⁹1-

570 3891 731 3965 dele
794 3904 1059 3978 nostro„
1133 3892 1525 3988 Spectabile
1581 3919 1663 3964 ac
1716 3892 2083 3988 Magnifico
2141 3894 2405 3966 Gemite
2459 3895 2726 3966 Joanne
2781 3893 3218 3965 Draskovich
3273 3893 3358 3965 de
3430 3891 3861 3984 Trakostyan.

570 3993 947 4068 Comitatus
1020 3996 1106 4068 de
1159 3996 1380 4090 Valpo
1447 3997 1784 4091 Supremo
1840 3997 2134 4090 Comite,
2225 3996 2803 4070 Cubiculariorum
2880 4008 3289 4069 nostrorum*
3349 3995 3720 4079 Regalium
3769 4013 3864 4086 per

572 4099 994 4189 Hungariam
1049 4098 1410 4192 magistre,
1467 4100 1789 4173 Generali
1846 4105 2008 4173 item
2063 4101 2298 4197 Campi
2376 4099 2788 4174 Mareschali
2857 4099 3416 4185 Locumentente„
3493 4097 3860 4171 Cainerario

573 4206 642 4274 dc
696 4202 1104 4276 Consiliario
1159 4213 1422 4280 nostro.
1480 4215 1714 4276 centra
1771 4204 2149 4301 praefatam
2188 4202 2548 4276 Cameram
2587 4214 2889 4276 nostram
2945 4203 3295 4275 Interioris
3334 4201 3670 4275 Austriae
3720 4220 3858 4295 pro·-

573 4316 963 4397 cesserunQ
1019 4306 1462 4401 Eandemque
1518 4331 1612 4379 ex
1654 4318 2020 4403 praetensa
2075 4307 2402 4399 Ejusdem
2457 4306 2901 4381 Contumacia
2955 4311 3021 4379 in
3078 4317 3264 4379 certa
3321 4306 3610 4378 Summa
3663 4304 3856 4376 Pecu-

572 4411 790 4481 niaria
847 4414 1167 4483 convinci
1220 4409 1550 4500 curando,
1602 4410 1992 4503 hujusmodi
2048 4414 2508 4484 convictivam
2566 4409 2989 4483 Sententiam
3055 4432 3179 4507 per
3231 4409 3490 4482 realem
3550 4410 3855 4482 Bonorum

570 4511 1033 4588 Ozalicnsium
1107 4514 1719 4610 apprehensionem
1775 4518 1843 4586 in
1898 4517 2141 4605 maJ'ori
2193 4525 2387 4609 parte
2441 4518 2509 4586 in
2562 4512 3063 4586 Executionem
3128 4535 3400 4608 quoque
3474 4515 3723 4586 summi
3767 4507 3854 4579 le-

569 4627 839 4701 cerunt,
892 4617 1266 4689 resultante
1322 4617 1542 4689 adhuc
1589 4616 2021 4689 Executione
2077 4618 2386 4710 Benigno
2442 4617 2764 4690 Mandato
2819 4626 3084 4702 nostro,
3158 4615 3600 4689 attentandas
3655 4615 3854 4703 cnjus·

570 4723 755 4815 piam
814 4724 879 4793 iu
930 4720 1142 4792 Bonis
1199 4718 1665 4794 Cameralibus
1732 4720 2181 4793 Executionis
2262 4721 2725 4817 Suspensorio
2801 4724 3357 4815 superveniente,
3430 4742 3656 4814 usque
3708 4716 3851 4788 ulte-

574 4825 829 4896 riorem
887 4846 975 4896 eo
1046 4827 1113 4896 in
1167 4845 1376 4920 passu
1441 4822 1989 4918 subsequendam
2041 4825 2419 4915 Benignam
2468 4823 2983 4897 Resolutionem
3037 4833 3341 4897 nostram
3413 4825 3481 4894 in
3539 4824 3850 4916 Suspenso

575 4927 839 4999 relicta.
946 4925 1203 5014 Quibus
1255 4927 1481 5000 taliter
1533 4931 1775 5019 gestis„
1841 4951 1926 4998 ac
1972 4938 2103 4999 tam
2161 4928 2214 5000 F
2219 4926 2623 4999 idelitatibus
2675 4926 2973 5012 Vestris,
3031 4949 3227 5020 quam
3283 4929 3484 4998 etiam
3547 4921 3849 5020 praefatae

574 5028 914 5102 Camerae
973 5040 1249 5104 nostrae
1288 5031 1413 5104 sub
1469 5030 1762 5104 decursu
1815 5032 1998 5103 Anni
2053 5034 2365 5127 proxime
2417 5032 2762 5126 praeteriti
2803 5030 3005 5102 1719
3060 5028 3361 5102 demisse
3419 5029 3507 5101 ad
3552 5027 3850 5119 majesta-

571 5140 715 5206 tem
769 5144 1071 5207 nostram
1124 5132 1658 5223 recurrentibus,
1712 5138 1778 5207 dc
1816 5157 1908 5207 ex
1947 5135 2287 5208 nonnullis
2333 5137 2400 5207 in
2439 5133 2727 5206 medium
2784 5132 3094 5206 adductis
3141 5131 3542 5220 rationibus„
3599 5127 3850 5203 antelata

573 5236 847 5329 quidem
903 5235 1191 5309 Camera
1246 5249 1479 5311 nostra
1533 5259 1656 5334 pro
1712 5238 2173 5311 annullatione
2225 5238 2786 5335 praedeclaratae
2842 5235 3243 5310 Sententiae
3298 5246 3538 5309 contra
3577 5232 3850 5308 solatae,

575 5355 706 5430 per
758 5358 1194 5435 consequens
1258 5345 1459 5412 etiam
1535 5340 1878 5415 Bonorum
1953 5341 2160 5415 modo
2227 5345 2514 5438 praevio
2589 5345 2654 5412 in
2707 5339 3207 5414 Exccutionem
3266 5349 3676 5437 sumptorum
3721 5333 3848 5407 ΒΘ·
