3950 5917
3231 429 3386 512 327

125 639 285 714 idem
339 637 643 713 Castrum
697 661 890 712 suum
944 660 1067 714 sua
1129 641 1397 736 antiqua
1445 639 1915 731 iurisdictione
1961 638 2256 727 destitui,
2311 637 2609 714 fidelitati
2659 642 2864 735 igitur
2911 643 3385 716 universorum

124 753 191 816 et
233 743 637 835 singulorum
689 740 1027 816 Nobilium
1078 746 1277 817 unius
1331 747 1665 818 sessionis
1715 744 2214 839 praedictorum
2275 743 2644 817 earundem
2688 747 2873 818 serie
2923 748 3387 840 praecepisset

120 856 186 918 et
244 845 651 932 mandasset,
730 856 1062 942 quatenus
1141 851 1443 943 acceptis
1521 847 1782 922 eisdem
1854 870 1895 919 a
1953 856 2115 919 tnnc
2182 850 2252 919 in
2326 856 2523 920 autea
2596 845 2683 920 ad
2754 847 3002 921 dictum
3076 847 3384 921 Castrum

126 971 296 1024 suum
347 949 633 1023 Kemlek
686 949 946 1038 audire,
1018 953 1435 1046 servitiaque
1488 952 1688 1025 solita
1739 949 2002 1038 facere,
2072 972 2158 1023 ac
2209 960 2581 1046 proventus
2651 950 2738 1023 ad
2806 954 3025 1047 ipsum
3079 950 3386 1025 Castrum

126 1075 298 1127 suum
349 1052 637 1127 Kemlek
672 1053 757 1125 de
795 1053 1021 1128 medio
1074 1076 1311 1127 eorum
1357 1054 1442 1127 ab
1464 1043 1751 1151 ‘antiquo
1806 1054 1952 1126 fieri
2002 1052 2336 1128 debentes
2388 1075 2662 1149 semper
2711 1064 3021 1151 tempore
3071 1078 3201 1129 suo
3254 1056 3388 1127 ad-

129 1159 480 1230 ministrare
535 1168 605 1230 et
672 1156 1120 1231 administrari
1188 1157 1423 1232 facere
1477 1158 1804 1232 deberent
1869 1167 1937 1231 et
2007 1167 2418 1231 tenerentur.
2522 1157 2694 1231 Nam
2747 1158 3042 1254 alioquin
3096 1164 3389 1232 strictius

126 1264 559 1335 conmisisset
628 1262 997 1335 earundem
1059 1264 1242 1336 serie
1311 1261 1493 1336 fideli
1544 1284 1671 1336 suo
1722 1261 2028 1356 Egi-egio
2079 1262 2406 1335 Andreae
2458 1260 2546 1335 de
2595 1259 2963 1335 Labathlau
3016 1259 3388 1359 Capitaneo

128 1360 324 1437 Castri
376 1367 483 1436 sui
533 1363 785 1437 Medve
840 1369 945 1437 dcc
971 1418 993 1455 .
1067 1374 1136 1438 ut
1185 1368 1334 1460 ipse
1401 1367 1594 1462 ipsos
1647 1364 1928 1438 Nobiles
1982 1375 2053 1437 et
2121 1364 2486 1460 quemlibet
2554 1386 2793 1438 eorum
2846 1366 2931 1439 ad
2984 1365 3119 1438 boc
3171 1370 3389 1462 ipsum

129 1465 485 1540 mnndum
540 1490 665 1563 per
701 1470 927 1542 omnia
982 1490 1195 1541 onera
1249 1479 1319 1541 et
1369 1473 1766 1564 gravamina
1818 1472 2119 1565 ipsorum
2173 1472 2444 1542 acerius
2495 1470 2914 1565 compeleret
2964 1478 3036 1541 et
3085 1469 3389 1543 adstrin-

130 1581 327 1664 geret,
397 1571 804 1645 authoritate
862 1594 985 1644 sua
1041 1594 1272 1645 earum
1344 1575 1527 1646 serie
1596 1571 1724 1646 sibi
1801 1576 1870 1646 in
1940 1572 2071 1645 bac
2122 1582 2313 1667 parte
2364 1570 2671 1645 attributa
2725 1572 3085 1646 mediante.
3189 1572 3393 1646 Aliud

128 1676 305 1768 igitur
366 1676 547 1748 nulla
620 1678 884 1748 ratione
951 1674 1188 1749 facere
1240 1686 1727 1772 praesumeret.
1830 1675 1943 1748 Ex
2013 1677 2440 1750 continentiis
2493 1686 2715 1749 autem
2785 1680 3025 1750 tertiae
3075 1675 3392 1763 Litterae.

130 1776 422 1852 videlicet
473 1779 636 1851 dicti
690 1777 975 1874 Capituli
1023 1779 1383 1853 Ecclesiae
1436 1779 1917 1874 Zagrabiensis
1979 1778 2372 1853 fassionelis
2424 1789 2495 1851 et
2542 1780 3008 1876 privilegialis,
3079 1781 3190 1851 die
3237 1780 3395 1851 Do-

130 1883 350 1954 minico
419 1886 736 1977 proximo
807 1893 964 1956 ante
1033 1881 1455 1957 Dominicam
1510 1883 1702 1957 Oculi
1758 1884 1960 1955 Anno
2016 1883 2285 1956 Domini
2342 1881 2533 1956 1491
2597 1887 2959 1977 praeterito
3014 1894 3394 1958 emanatae.

130 1987 282 2056 inter
350 1997 627 2058 caetera
699 1986 1263 2059 informabamur:
1371 1987 1567 2074 Quod
1620 1987 1938 2061 Andreas
1992 1986 2162 2059 Both
2235 1986 2321 2058 de
2389 1987 2624 2082 Bayna
2699 1987 3104 2082 Capitaneus
3176 1987 3394 2060 Casti-i

132 2086 381 2177 liedve.¹
438 2089 764 2163 oneribus
816 2090 1268 2184 Egregiorum
1319 2090 1667 2163 Ambrosii
1719 2099 1787 2163 et
1836 2090 2123 2163 Joannis
2195 2091 2500 2163 similiter
2550 2089 2724 2162 Both
2767 2089 3043 2163 fratrum
3117 2113 3390 2163 suorum

132 2189 514 2282 carnalium,
589 2202 658 2266 et
709 2195 992 2266 aliorum
1040 2198 1501 2290 proximorum
1554 2205 1625 2266 et
1674 2197 2340 2286 consangviueorum
2393 2215 2667 2266 suorum
2720 2197 2785 2266 in
2855 2216 2937 2267 se
3005 2199 3395 2290 assumptis.

132 2292 204 2366 ab
250 2318 402 2380 una.
480 2306 677 2391 parte
746 2320 919 2370 vero
992 2320 1085 2369 ex
1153 2299 1365 2370 altera
1437 2297 1790 2370 Ladislaus
1859 2296 2097 2369 Ribicz
2169 2297 2255 2370 de
2308 2297 2733 2391 Dragosincz
2803 2307 2874 2370 et
2942 2297 3217 2370 nonnuli
3287 2300 3400 2369 alii

132 2396 385 2472 Nobiles
439 2403 508 2473 in
562 2400 822 2473 eisdem
876 2400 1145 2472 Litteris
1199 2404 1598 2496 conscripti,
1651 2404 1718 2474 in
1767 2404 2064 2495 ipsorum
2119 2410 2189 2472 et
2240 2404 2713 2473 universorum
2765 2399 3101 2474 Nobilium
3148 2404 3216 2473 in
3264 2400 3399 2473 Di·-

132 2505 339 2576 strictu
394 2503 621 2577 Castri
686 2508 962 2578 maioris
1014 2503 1302 2577 Kemlek
1369 2505 1573 2577 modo
1645 2506 1846 2577 simili
1915 2503 2238 2577 oneribus
2307 2514 2377 2575 et
2429 2503 2832 2598 quibuslibet
2893 2505 3400 2598 gravaminibus

132 2627 346 2681 eorum
398 2611 466 2681 in
523 2631 607 2681 se
660 2611 847 2703 ipsos
900 2615 1290 2703 assumptiS,
1361 2630 1593 2681 coram
1646 2606 2168 2680 venerabilibus
2220 2606 2590 2700 magistris.
2641 2607 2909 2682 Joanne
2946 2606 3398 2691 Goricziensi..

134 2708 391 2784 Han-tino
431 2711 839 2814 Chasmensi
893 2722 961 2784 et
1012 2710 1358 2806 Stephano
1413 2712 1499 2784 de
1548 2712 2028 2798 Rasztovicza.¹
2085 2708 2447 2784 Canonicis
2494 2712 2802 2785 eiusdem
2856 2710 3172 2807 Capituli.
3226 2732 3399 2807 quos

136 2813 287 2886 idom
340 2814 716 2911 Capitulum
756 2815 842 2886 ad
878 2819 1237 2888 instantem
1277 2825 1345 2887 et
1377 2817 1743 2908 legitimam
1798 2818 2205 2910 peticionem
2261 2813 2420 2887 dicti
2468 2815 2790 2889 Andreae
2841 2815 3015 2887 Both
3068 2825 3134 2888 et
3171 2816 3402 2889 dicto-

134 2939 261 2989 rum
309 2918 677 3009 Nobilium,
727 2943 841 3007 eo,
896 2919 1076 3014 quod
1112 2917 1291 2991 idem
1329 2919 1645 2992 Andreas
1680 2918 1852 2991 Both
1889 2929 1959 2991 et
1993 2917 2275 2991 Nobiles
2326 2918 2651 3013 praedicti
2704 2928 2977 3015 propter
3020 2920 3402 2993 discrimina

48 3097 49 3120 ἶ
132 3030 194 3092 et
222 3031 459 3095 metum
496 3023 972 3112 Almanorum‚
1007 3027 1119 3118 qui
1154 3033 1314 3094 tunc
1350 3028 1417 3095 in
1453 3025 1634 3097 serie
1673 3019 2034 3118 Capitulari
2072 3026 2469 3094 commorati
2513 3021 2830 3110 fuissent,
2880 3022 2965 3095 ad
3001 3025 3214 3119 ipsam
3251 3023 3407 3095 fas-

134 3126 371 3198 sieuem
425 3126 830 3199 audiendam
886 3126 973 3198 de
1024 3131 1319 3223 ipsorum
1374 3128 1600 3201 medio
1653 3128 2135 3215 destinassent,
2190 3126 2413 3197 taliter
2460 3128 2637 3198 inter
2688 3137 2960 3198 caetera
3013 3127 3410 3200 concordati

138 3224 416 3303 tanseat.
527 3229 729 3316 Quod
794 3230 1336 3325 quandocunque
1403 3233 1473 3302 in
1527 3251 1858 3302 successu
1925 3238 2303 3323 temporum
2358 3228 2664 3303 octavae
2737 3241 2806 3301 et
2870 3229 3134 3303 Judicia
3187 3229 3408 3318 Regni

137 3330 623 3408 celebrarentur
673 3336 974 3430 ipsisque
1014 3332 1367 3406 Nobilibus
1420 3333 1580 3412 dicti
1631 3332 1973 3405 districtus
2027 3334 2303 3404 maioris
2334 3332 2623 3406 Kemlek
2673 3333 2988 3427 placitum
3041 3331 3262 3420 fieret,
3318 3354 3410 3403 ex

134 3441 273 3508 tunc
318 3436 661 3512 Universa
706 3439 861 3529 jura
915 3449 986 3510 et
1039 3436 1423 3534 privilegia,
1475 3439 1993 3532 praerogativas
2042 3445 2113 3507 et
2156 3438 2631 3531 exemptiones
2680 3435 3104 3532 Litterasque
3168 3445 3239 3507 et
3288 3435 3409 3507 lit-

136 3536 342 3612 letalia
393 3545 703 3638 ipsorum
755 3540 1200 3615 Instrumenta
1254 3552 1326 3614 et
1377 3562 1612 3614 eorum
1663 3539 2031 3634 Originalia
2085 3542 2154 3611 in
2206 3541 2371 3635 ipsis
2423 3538 2705 3612 Octavia
2756 3550 2872 3612 aut
2931 3538 3206 3632 judiciis
3276 3559 3410 3610 co-

136 3662 263 3714 ram
308 3643 663 3718 Judicibus
715 3644 1072 3719 ordinariis
1124 3654 1196 3717 et
1227 3643 1570 3738 Mag-istria
1621 3643 2158 3718 Prothonotariis
2208 3642 2590 3739 producere
2641 3652 2711 3714 et
2756 3641 3088 3715 exhibere
3131 3650 3416 3737 possent

132 3753 196 3816 et
221 3747 551 3822 valerent.
608 3748 806 3836 Quod
859 3751 919 3822 si
970 3772 1056 3823 ea
1106 3748 1297 3839 Jurn,
1349 3747 1745 3839 Privilegia,
1788 3748 2323 3842 Praerogativae
2358 3755 2430 3819 et
2461 3745 2954 3840 Exemptiones
2988 3745 3415 3840 Litteraeque

134 3858 196 3920 et
261 3851 573 3926 litteralia
646 3857 1085 3927 iustrumenta
1140 3874 1227 3924 ac
1285 3872 1525 3924 eorum
1578 3850 1949 3945 originalia
2017 3873 2144 3947 per
2210 3849 2495 3924 eosdem
2562 3848 2844 3923 Jndices
2897 3848 3294 3923 Ordinatios
3347 3859 3418 3922 et

134 3947 483 4047 Hagisuos
537 3956 1096 4030 Prothonotarios
1151 3955 1459 4029 efficacia
1531 3964 1602 4027 et
1669 3958 1997 4047 vigorosa
2066 3957 2368 4050 ipsisque
2420 3951 2772 4027 Nobilibus
2843 3953 3001 4027 dicti
3053 3954 3415 4028 Districtus

132 4075 321 4151 super
370 4059 919 4156 exemptionibus
973 4082 1210 4133 eorum
1290 4057 1712 4131 sufficientes
1768 4058 2248 4152 Vigorosaque
2301 4081 2387 4129 ac
2440 4057 2734 4130 efficatia
2788 4068 2856 4130 et
2901 4056 3270 4155 approbata
3323 4080 3417 4130 ex

132 4178 350 4234 eorum
406 4166 763 4238 revisioue
819 4165 973 4237 fore
1012 4172 1356 4259 comperta
1411 4162 1683 4248 fuerint,
1733 4172 1988 4235 extunc
2021 4160 2225 4235 iidem
2262 4161 2547 4235 Nobiles
2583 4161 2669 4234 ab
2706 4165 2891 4234 omui
2915 4161 3418 4253 jurisdictione,

130 4261 568 4355 subiectione.
615 4270 922 4364 ,iugoque
977 4275 1047 4339 et
1098 4269 1429 4339 servitute
1480 4266 1644 4338 dicti
1691 4265 2016 4339 Andreae
2067 4264 2242 4337 Both
2295 4288 2378 4337 ac
2432 4264 2739 4354 fratrum.
2794 4267 3074 4360 prolium
3130 4276 3202 4339 et
3236 4288 3419 4338 con-

130 4372 678 4460 nminem-um,
731 4393 858 4467 per
907 4391 1475 4466 consequensque
1527 4368 1686 4442 dicti
1738 4365 1961 4443 Casti-i
2018 4371 2293 4442 maioris
2343 4368 2658 4458 Kemlek,
2708 4368 2951 4444 futuris
3002 4368 3418 4465 tenporibus

134 4472 383 4564 penitus
426 4483 499 4547 et
543 4477 820 4549 omnino
872 4473 1188 4562 absoluti,
1242 4475 1570 4570 suportati
1620 4484 1692 4547 et
1743 4474 2127 4560 exonerati,
2179 4494 2598 4569 numeroque
2649 4481 2718 4545 et
2770 4476 2994 4547 caetui
3045 4495 3131 4546 ac
3184 4482 3420 4546 cater-

135 4593 256 4647 vae
332 4576 619 4651 aliorum
703 4598 1028 4652 verorum
1105 4575 1443 4650 Nobilium
1518 4575 1714 4651 buius
1789 4576 2017 4672 Regni
2085 4578 2303 4670 juncti
2370 4598 2456 4649 ac
2515 4580 2982 4650 connumerati
3057 4586 3296 4651 essent
3354 4585 3423 4649 et

136 4676 272 4771 ipso
321 4678 509 4754 facto
562 4680 991 4756 haberentur.
1095 4678 1174 4755 Si
1228 4691 1451 4755 autem
1503 4681 1696 4771 Jnrn,
1746 4681 2143 4776 Privilegia‚
2193 4680 2732 4775 Praerogativae
2783 4690 2853 4754 et
2901 4680 3423 4777 Exemptiones,

136 4777 385 4857 litterae
438 4795 512 4859 et
559 4785 900 4859 Litteralia
952 4785 1400 4860 Instrumenta
1468 4806 1595 4881 per
1644 4786 1864 4859 dictos
1915 4783 2202 4859 Nobiles
2269 4787 2339 4857 in
2399 4787 2566 4882 ipsis
2619 4783 2899 4858 Octavis
2971 4794 3087 4858 aut
3146 4782 3421 4879 judiciis

136 4901 355 4960 coram
432 4888 764 4986 praefatis
829 4887 1164 4983 judicibus
1233 4888 1593 4963 ordinariis
1662 4899 1733 4962 et
1780 4888 2128 4983 magistris
2180 4887 2716 4963 Prothonotariis
2770 4888 3233 4984 producenda,
3299 4909 3426 4984 per

140 4988 409 5065 eonon
477 4993 760 5069 Judices
830 4992 1211 5068 ordinarios
1282 5001 1354 5066 et
1401 4991 1771 5088 Magistros
1822 4991 2383 5065 Prothonotarios
2452 5014 2658 5089 super
2726 4991 3285 5088 Exemptionibus
3358 4999 3426 5063 et

143 5085 633 5189 Praerogativis
712 5100 933 5171 minus
986 5096 1294 5170 efficacia
1348 5104 1421 5168 et
1468 5099 1797 5190 vigorosa
1846 5105 2197 5192 comperta
2250 5093 2502 5170 fuerint
2577 5095 2688 5169 Ex
2739 5106 2900 5169 tunc
2942 5099 3075 5192 ipsi
3106 5095 3428 5170 Andreas

143 5188 299 5268 Betb
349 5209 422 5272 et
501 5198 748 5274 fratres
817 5200 1121 5276 eiusdem
1194 5197 1543 5297 praefatos
1593 5197 1878 5272 Nobiles
1946 5202 2386 5295 ipsorumque
2455 5199 2794 5273 haeredes
2850 5199 3230 5275 Universos
3302 5198 3425 5272 sub

144 5296 466 5378 fidutione
515 5315 962 5399 proventuum
1012 5316 1085 5378 et
1135 5305 1595 5394 exactionum,
1654 5306 1725 5375 iu
1776 5302 2017 5376 iisdem
2073 5302 2340 5376 Litteris
2381 5301 2874 5377 fassioualibus
2928 5303 3424 5394 denotatorum,

140 5396 384 5498 &sque
464 5408 727 5507 aliquali
796 5411 1310 5507 superapposito
1365 5429 1579 5480 onere
1651 5415 1721 5478 et
1775 5408 2174 5502 gravamine
2228 5409 2381 5479 sive
2458 5407 2938 5503 impedimento
3001 5405 3304 5507 pacifice
3359 5418 3431 5479 et
