3950 5917
3322 374 3482 454 4¹5

157 582 389 656 tiones
432 580 758 653 militares
795 580 1060 676 aliaque
1112 577 1644 656 Concomitantia
1685 602 1896 654 onera
1933 580 2202 677 publica
2246 581 2548 658 adinstar
2587 575 3038 656 Comitatuum
3071 581 3297 678 Regni
3333 605 3486 658 no·-

162 688 286 759 stri
328 684 721 778 Hungariae
777 694 1176 779 supportare
1232 683 1527 772 debebit,
1582 684 1738 758 hinc
1794 683 2166 759 Comitatus
2220 688 2351 760 iste
2406 690 2471 758 dc
2524 684 2834 780 ejusdem
2886 684 3352 780 Magistratus,
3406 691 3480 766 in

159 789 440 884 reliquis
480 788 749 882 quidem
789 786 1248 883 praefatorum
1284 787 1679 882 Regnorum
1719 799 2107 868 nostrorum
2145 788 2549 877 Dalmatiae,
2598 788 2916 864 croatiae
2955 795 3019 863 dc
3058 789 3478 865 Sclavoniae

162 892 401 968 Banali
454 896 519 963 dc
570 892 984 966 Provinciali
1036 891 1527 978 Jurisdictioni„
1583 897 1690 965 cui
1728 887 2020 988 praevie
2063 892 2276 965 'modo
2314 890 2879 988 incorporabitur,
2935 893 3235 968 adinstar
3288 896 3479 968 alio-

159 1019 309 1068 rum
363 1000 432 1070 in
484 996 727 1068 iisdem
781 996 1039 1090 Regnis
1124 1000 1403 1069 sitorum
1461 994 1906 1084 comitatuum
1968 993 2273 1090 suberit„
2354 999 2419 1067 in
2479 996 3166 1074 Contributionalibus
3246 1008 3492 1080 tamen,

162 1104 229 1171 (1·
283 1100 435 1173 aliis
491 1098 1071 1174 contributionem
1137 1099 1745 1173 concomitantibus
1801 1104 1865 1172 dc
1918 1099 2198 1176 fundum
2253 1100 2430 1173 illius
2484 1100 2914 1194 tangentibus
2971 1105 3034 1174 dc
3085 1104 3477 1198 respicien-

158 1202 337 1277 tibus
393 1202 715 1276 oneribus
769 1208 834 1275 dc
888 1203 1439 1299 dispositionibus
1495 1204 1804 1299 publicis,
1878 1206 2180 1278 adinstar
2236 1204 2681 1277 comitatuum
2735 1204 3278 1299 Hungaricorum
3333 1208 3476 1278 im·-

158 1308 457 1381 mediate
511 1332 550 1379 a
606 1307 829 1401 Regio
883 1307 1487 1380 Locumtenentiali
1543 1309 1933 1400 Hungarico
1992 1306 2296 1381 Consilio
2350 1320 2618 1398 nostra,
2672 1318 2868 1403 prout
2922 1314 2984 1380 σε
3039 1315 3480 1382 constituen-

164 1412 289 1483 dus
342 1416 412 1484 in
466 1413 598 1484 illis
652 1410 959 1483 Partibus
1041 1412 1490 1484 Provincialis
1546 1410 2072 1486 commissarius
2126 1416 2193 1484 in
2246 1412 2452 1485 rebus
2507 1412 2730 1486 Officii
2784 1437 2824 1484 a
2878 1413 3236 1486 Directore
3290 1414 3480 1484 Pro-

158 1515 478 1588 vincialis
535 1513 1130 1589 commissariatus
1183 1516 1552 1609 Hungarici
1606 1515 2109 1611 dependebunt,
2178 1515 2466 1589 debitam
2527 1539 2678 1588 cum
2732 1516 2972 1591 iisdem
3031 1514 3480 1614 correspon-

165 1619 460 1692 dentiam
518 1624 582 1692 in
635 1623 1031 1715 praemissis
1087 1619 1394 1709 habituri,
1452 1625 1516 1693 dr
1570 1622 1943 1694 eorundem
1998 1619 2570 1716 Dispositionibus
2623 1623 2924 1716 parituri,
2995 1620 3479 1714 Regulamen-

156 1733 367 1820 toque
421 1728 622 1797 etiam
678 1725 967 1811 militari,
1023 1724 1203 1819 quod
1239 1728 1308 1796 in
1347 1723 1713 1797 Sclauonia
1771 1730 1833 1796 dc
1880 1724 2172 1821 Syrmio.
2207 1734 2363 1796 actu
2415 1728 2608 1818 viget
2661 1728 2725 1796 dc
2760 1728 2824 1796 in
2875 1748 3002 1797 usu
3058 1735 3190 1817 est,
3246 1748 3468 1822 usque

158 1828 557 1901 ulteriorem
608 1826 991 1920 Majestatis
1044 1827 1340 1901 Nostrae
1393 1829 1921 1926 Dispositionem
1981 1839 2203 1901 semet
2257 1826 2481 1900 debite
2537 1828 3049 1901 conformaturi.

476 1981 938 2077 Septimo:
1066 1982 1328 2055 Salaria
1410 2006 1615 2079 porro
1694 1955 2282 2080 Administratoris
2364 1989 2429 2056 dc
2483 1984 3107 2057 constituendorum
3185 1988 3481 2080 praeuio

158 2086 368 2159 modo
424 2085 978 2159 Comitatensium
1058 2087 1459 2160 officialium
1539 2088 1761 2161 taliter
1809 2073 2110 2181 benigne
2187 2073 2672 2176 ordinanimus„
2751 2098 2826 2160 ut
2876 2087 3099 2160 Officii
3152 2089 3482 2184 Supremi

162 2189 451 2263 comitis
529 2189 1057 2264 Administrator
1132 2191 1332 2264 1000
1385 2191 1477 2281 11.,
1559 2191 2038 2266 vice-Comes
2095 2191 2247 2264 500
2302 2192 2393 2279 fl„
2474 2191 2793 2264 Notarius
2865 2190 3018 2264 300
3070 2191 3165 2282 11.,
3244 2192 3478 2267 Judex

158 2294 498 2367 Nobilium
557 2295 713 2369 200
765 2294 857 2384 11.,
911 2295 1186 2368 Juratus
1238 2296 1588 2370 Assessor
1644 2296 1792 2369 100
1842 2296 1933 2375 11.
2005 2285 2450 2378 Procurator
2500 2296 2766 2368 demum
2848 2295 3137 2369 Fiscalis
3195 2295 3347 2368 150
3401 2296 3472 2370 fl.

156 2396 503 2486 habeant3
574 2399 967 2487 Praeterea,
1021 2410 1094 2471 ut
1148 2399 1516 2472 Comitatus
1570 2400 1850 2495 Equites
1905 2405 2109 2471 etiam
2165 2404 2230 2471 dc
2281 2400 2632 2492 Hajdones
2685 2421 2808 2496 pro
2863 2404 3227 2472 exactione
3270 2399 3476 2472 Con-

158 2501 567 2592 tributionis,
622 2507 1103 2597 persecutione
1158 2508 1313 2576 item
1370 2509 1432 2574 dc
1489 2509 1979 2598 exstirpatione
2059 2504 2485 2576 Praedonum
2561 2505 2979 2597 aliorumque
3049 2503 3474 2627 publicorum

156 2606 681 2679 malefactorum
738 2611 1202 2693 necessarios,
1285 2630 1435 2678 cum
1492 2607 2075 2702 superioribus&
2010 2607 2533 2680 &subalternis
2588 2607 2977 2680 Offcialibus
3033 2611 3200 2693 suis,
3272 2618 3479 2702 prout

160 2714 230 2782 ά
281 2710 622 2782 Lictorem
676 2721 931 2802 teneat,
988 2711 1451 2806 competentia
1508 2711 1748 2783 iisdem
1803 2712 2069 2784 Salaria
2125 2717 2189 2783 dc
2240 2716 2635 2808 respective
2708 2711 3082 2806 Stipendia,
3154 2715 3482 2807 proximo

157 2836 381 2909 aeque
438 2815 835 2905 regulanda,
891 2818 1142 2911 pariter
1191 2825 1658 2911 percepturos.
1766 2814 2033 2889 Interea
2089 2839 2262 2887 vero
2318 2819 2384 2887 dc
2435 2815 2658 2888 donec
2711 2814 2958 2888 fundus
3011 2813 3468 2910 praespecifi-

152 2928 467 2991 catorum
540 2918 955 2991 Salariorum
1008 2922 1075 2990 in
1127 2929 1529 3014 praenotato
1598 2917 1930 2992 Comitatu
2013 2931 2313 3008 eruetur,
2393 2943 2488 2991 ex
2538 2921 2864 3014 peculiari
2920 2916 3149 2993 Gratia
3233 2929 3474 2993 nostru

158 3021 425 3095 Salaria
482 3023 819 3113 ejusmodi
874 3023 958 3095 ab
1012 3023 1307 3096 Aerario
1358 3034 1592 3097 nostro
1647 3024 1870 3117 Regio
1923 3047 2144 3119 usque
2191 3024 2488 3095 ultimam
2541 3022 2942 3095 Decembris
3021 3023 3206 3096 Anni
3257 3022 3468 3099 futuri

162 3124 368 3199 1746
425 3127 627 3222 pendi
681 3126 1105 3216 curabimus3
1178 3152 1219 3199 e
1274 3138 1509 3200 contra
1565 3138 1787 3199 autem
1843 3150 1967 3223 pro
2022 3127 2537 3199 indemnisando
2592 3128 2887 3199 Aerario
2969 3140 3207 3201 nostro
3281 3128 3474 3200 Salis

156 3232 229 3302 in
283 3230 652 3303 Sclauonia
709 3235 775 3303 dc
829 3232 1130 3327 Syrmio.,
1212 3235 1277 3302 dc
1329 3231 1596 3325 quidem
1670 3234 1866 3302 unius
1923 3234 2230 3323 cujusvis
2284 3229 2530 3302 ibidem
2613 3230 3027 3310 distrahendi
3082 3229 3478 3303 Centenarii

156 3337 448 3429 pretium
505 3338 569 3406 in
628 3335 725 3406 15
780 3358 893 3424 κς
948 3358 985 3406 a
1044 3335 1111 3406 1.
1148 3335 1306 3406 Julii
1362 3357 1421 3406 a.
1461 3358 1521 3404 c.
1576 3356 1792 3428 usque
1849 3333 2052 3407 linem
2103 3333 2508 3405 Decembris
2563 3334 2745 3409 Anni
2804 3333 3006 3408 1750
3059 3331 3480 3406 elevandum

163 3437 601 3511 resolvimus,
706 3439 1088 3531 Diligenter
1158 3449 1382 3511 autem
1450 3436 1899 3531 invigilabant
1964 3437 2252 3533 praefati
2328 3438 2702 3510 Comitatus
2755 3437 3129 3527 officiales,
3200 3457 3288 3507 ne
3344 3437 3468 3510 Sal

157 3545 489 3630 marinus,
571 3565 772 3637 quem
854 3546 1146 3638 positive
1203 3546 1270 3616 in
1326 3540 1637 3615 omnibus
1718 3543 1909 3615 hisce
1960 3541 2175 3614 tribus
2231 3536 2672 3613 comitatibus
2755 3540 3042 3614 inhiberi
3120 3542 3472 3631 volumus,

156 3667 249 3717 eo
304 3646 661 3718 inducatur
715 3651 780 3718 dc
831 3647 1230 3735 invehatur3
1311 3668 1685 3739 congruum
1739 3646 2025 3731 idcirco..
2098 3646 2251 3717 dum
2308 3649 2371 3717 ἁ
2423 3643 2692 3740 quando
2745 3665 2862 3716 res
2916 3648 3157 3738 exigit„
3227 3666 3478 3716 reme·-

154 3749 343 3821 dium
394 3761 464 3823 et
516 3752 989 3824 Prouisionem
1042 3750 1312 3840 facturi,
1395 3750 1925 3846 Constitutisque
1994 3749 2245 3823 ibidem
2301 3750 2481 3823 Salis
2534 3745 2950 3823 Ollicialibus
3020 3752 3278 3822 nostris
3328 3771 3478 3821 ne·-

154 3859 538 3928 cessariam
596 3877 682 3928 eo
736 3854 898 3946 fine,
952 3855 1067 3926 ubi
1121 3875 1291 3950 opus
1346 3852 1570 3944 fuerit,
1627 3858 2085 3928 assistentiam
2139 3852 2528 3951 praebituri.

475 4010 881 4085 Octavoz
962 4014 1275 4107 qnoniam
1327 4031 1505 4084 vero
1557 4012 1626 4083 in
1681 4010 1928 4103 Regno
1984 4019 2219 4083 nostro
2272 4009 2664 4104 Hungariae
2720 4032 2803 4082 ea
2859 4007 3351 4084 observaretur
3399 4011 3475 4085 iu

150 4117 560 4209 praemissis
641 4114 1024 4206 modalitas‚
1101 4115 1279 4210 quod
1356 4117 1576 4210 quiuis
1631 4112 2004 4187 Comitatus
2084 4114 2435 4210 Supremis
2512 4111 3002 4190 comitibus&
3051 4110 3481 4190 officialibus

148 4221 305 4291 suis
360 4219 647 4314 aliisque
701 4218 1165 4293 Servitoribus
1219 4218 1793 4292 Comitatensibus
1870 4222 2326 4315 competentia
2398 4218 2659 4291 Salaria
2715 4240 2810 4290 ex
2862 4216 3080 4291 Cassa
3134 4240 3258 4293 sua
3307 4217 3476 4292 Do·-

152 4325 447 4395 mestioa
500 4324 877 4419 persolvat,
929 4323 1112 4411 binc,
1167 4345 1333 4396 mox
1383 4321 1497 4395 ubi
1549 4326 2098 4418 praenominatus
2149 4321 2522 4395 Comitatus
2578 4320 2802 4395 debito
2858 4321 3065 4395 modo
3118 4322 3477 4417 regulatus

152 4428 225 4498 dc
279 4423 680 4521 Magistratu
736 4449 864 4501 suo
917 4430 1287 4501 instructus
1338 4426 1564 4515 fuerit,
1633 4426 1813 4501 idern
1869 4449 2033 4499 mox
2088 4447 2240 4499 eam
2293 4425 2764 4498 Prouisionem
2837 4423 3070 4513 faciet,
3139 4436 3216 4498 ut
3263 4449 3304 4499 a
3358 4425 3478 4501 dio

156 4528 232 4603 1.
286 4530 641 4603 Jannuarii
690 4529 874 4604 Anni
930 4529 1132 4604 1747
1187 4533 1253 4601 dc
1305 4532 1409 4603 sic
1458 4534 1895 4625 imposterum
1950 4552 2225 4626 semper
2275 4552 2370 4603 ex
2426 4527 2642 4604 cassa
2682 4552 2806 4603 sua
2853 4529 3251 4604 Domestica
3304 4534 3478 4605 uni-

148 4655 370 4710 versa
426 4634 717 4722 Salaria,
771 4634 1118 4731 Stipendia
1173 4636 1336 4706 item
1391 4656 1667 4708 suorum
1722 4635 1996 4707 militum
2053 4637 2119 4706 dr
2162 4635 2332 4707 alias
2387 4636 2669 4728 quasvis
2721 4634 3166 4730 particulares
3220 4630 3474 4710 Comi-

148 4747 341 4813 tatus
393 4761 741 4835 expensas
796 4739 1171 4836 persolvat,
1226 4737 1514 4811 eandem
1570 4748 1796 4811 tamen
1851 4737 2137 4811 Cassam
2189 4738 2652 4812 Domesticam
2708 4759 2860 4811 cum
2906 4737 3472 4814 contributionali

148 4841 602 4938 Magistratus
655 4865 995 4939 nunquam
1050 4844 1481 4915 commisceri
1535 4847 1600 4914 dc
1654 4840 1976 4919 confundi
2031 4840 2357 4933 admittet,
2411 4841 2537 4916 sed
2594 4851 2950 4938 separatas
3003 4846 3069 4914 dc
3120 4841 3476 4917 distinctus

152 4944 251 5019 ab
286 4956 574 5045 utraque
611 4946 825 5024 Cassa
867 4971 906 5020 a
940 4947 1356 5044 Perceptore
1410 4967 1537 5019 suo
1575 4944 1907 5021 Rationes
1958 4949 2319 5041 quotannis
2372 4944 2990 5041 indispensabiliter
3041 4955 3476 5043 quantocyus

153 5053 423 5146 exigat,
478 5061 766 5125 exactas
834 5050 1151 5124 revideat
1202 5053 1268 5121 dc
1319 5059 1666 5136 censurat,
1715 5059 2118 5123 censuratas
2167 5071 2345 5123 vero
2396 5053 2750 5145 utriusque
2797 5049 3071 5123 Ordinis
3141 5052 3480 5141 rationes,

144 5165 313 5230 esto
366 5154 455 5229 ab
507 5157 805 5230 invicem
885 5165 1265 5252 separatas,
1345 5156 1737 5226 connexive
1815 5162 2042 5225 tamen
2098 5175 2179 5228 se
2225 5152 2583 5242 habentes,
2645 5156 2718 5227 in
2771 5155 3085 5247 genuinis
3162 5152 3473 5252 paribus,

144 5259 402 5356 Sigillo
440 5255 813 5335 comitatus
867 5262 932 5332 de
984 5258 1497 5354 Subscriptione
1528 5255 2135 5351 Magistratualium
2189 5256 2638 5345 authenticas,
2691 5256 2915 5351 Regio
2950 5256 3474 5333 Locumtenen-

142 5364 295 5438 uati
351 5360 657 5440 Consilio
709 5364 1101 5460 Hungarico
1152 5363 1548 5454 Posonium‚
1627 5360 1715 5434 de
1764 5359 1982 5435 Cassa
2036 5370 2258 5435 autem
2317 5360 2689 5436 Comitatus
2739 5362 3138 5437 Domestica
3192 5384 3470 5439 sonan·
