3950 5917
551 633 739 701 anm,
791 611 908 707 qui
957 611 1028 682 in
1079 607 1216 682 line
1268 607 1472 701 huius
1521 606 1797 683 Insulae
1846 607 2148 682 vicinam
2167 593 2608 682 Parochia-1
2660 602 2960 683 canisae
3009 604 3243 697 habet,
3309 606 3401 682 ob
3451 606 3832 705 caudamque

552 735 840 789 canum
907 734 1048 787 non
1126 715 1197 786 in
1279 721 1538 785 tantum
1604 719 1887 808 propter
1938 732 2108 786 suos
2157 710 2646 807 parochianos,
2723 720 3044 808 quautam
3111 721 3391 809 propter
3437 709 3830 786 0001010οω1

553 818 1108 893 Trauanmauoe
1160 812 1611 890 Sacramenta
1662 814 2073 910 quandoque
2110 813 2507 909 Hungarico
2560 814 2892 889 idiomate
2943 814 3390 905 administrat,
3442 813 3837 909 verbumque

553 921 693 995 Dei
741 919 1144 1017 praedicat3
1222 917 1473 1014 Meque
1554 920 1625 991 in
1676 917 2014 992 Parochia
2065 938 2224 990 mea
2297 918 2552 992 nullum
2620 921 3084 1015 poenitentem
3154 917 3410 992 babere
3459 918 3837 1013 Hungarmn.

554 1024 853 1119 solaque
902 1024 1137 1117 lingua
1192 1020 1509 1095 Croatica
1562 1020 2035 1095 Poenitentiae
2095 1019 2617 1095 Sacramentum
2669 1032 2742 1095 et
2780 1020 3192 1095 Matrimonii
3256 1021 3721 1097 administrare
3777 1045 3842 1092 ac

558 1125 869 1201 Verbum
919 1126 1052 1200 Dei
1104 1125 1364 1222 Populo
1418 1146 1578 1198 meo
1646 1124 2092 1221 praedicare3
2132 1146 2418 1229 meque
2469 1127 2690 1222 ipsum
2743 1145 2908 1199 esse
2963 1122 3305 1199 Oroatam.
3407 1123 3499 1198 Et
3555 1128 3624 1198 in
3674 1123 3838 1197 fidam

562 1228 942 1326 subscripsi
993 1253 1081 1303 ac
1131 1228 1377 1321 Sigillo
1429 1249 1588 1302 meo
1659 1230 2095 1303 communivi.
2199 1227 2446 1301 Datum
2514 1231 2587 1302 in
2639 1225 2845 1301 Curia
2897 1250 3054 1302 mea
3123 1227 3508 1302 Parochiali
3573 1227 3700 1301 Dio
3747 1227 3837 1300 14.

556 1332 822 1410 Mensis
891 1331 1300 1408 Decembris
1380 1330 1607 1406 1701.

869 1461 1258 1559 Stephanus
1336 1461 1675 1551 Tatarics‚
1753 1460 2530 1535 Vico-Archidiaconus
2610 1460 2968 1535 Insulanus
3049 1470 3122 1535 et
3188 1459 3448 1535 Rector
3524 1458 3840 1534 Ecclesiae

557 1565 985 1642 Parochialis
1040 1565 1277 1640 Sancti
1327 1563 1687 1639 Michaelis
1740 1562 2165 1659 Archangeli
2216 1586 2305 1637 m.
2357 1587 2422 1661 p.

2076 1716 2377 1811 (la-S)

869 1925 1025 2023 Ego
1079 1924 1407 2000 Nicolaus
1462 1923 1809 2021 Graczky
1882 1924 2294 2021 parochialis
2346 1923 2710 1998 Ecclesiae
2761 1923 3217 1997 Beatissimae
3270 1921 3578 2017 Virginis
3623 1919 3844 1994 Mariae

556 2035 631 2107 in
684 2029 942 2104 Coelos
993 2029 1412 2126 Assumptae
1459 2032 1531 2102 in
1576 2027 1876 2102 Bellicza
1930 2027 2254 2102 fundatae
2305 2026 2590 2116 Rector,
2642 2027 3009 2101 Dioecesis
3063 2021 3578 2120 Zagrahiensis,
3626 2027 3693 2097 in
3735 2023 3842 2096 Di-

559 2137 800 2211 strictu
853 2133 1125 2207 Insulae
1161 2136 1337 2206 intra
1369 2132 1679 2206 Dravum
1715 2140 1787 2206 et
1817 2130 2085 2205 Muram
2137 2134 2524 2220 existentis
2577 2140 2832 2204 testor·
2887 2152 2999 2203 me
3051 2132 3122 2203 in
3158 2127 3495 2202 Parochia
3533 2149 3682 2203 mea
3711 2127 3841 2201 nul-

559 2237 700 2311 lum
770 2236 1028 2310 habere
1086 2239 1552 2332 poenitentem
1602 2235 2027 2330 naugerum,
2098 2234 2386 2330 solaque
2457 2235 2685 2327 lingua
2742 2231 3056 2306 Croatica
3113 2229 3560 2305 Sacramenta
3627 2232 3842 2326 poeul-

557 2344 817 2415 tentiae
888 2349 959 2412 et
1024 2338 1437 2414 Matrimonii
1487 2344 1616 2412 oec.
1687 2338 2190 2428 administrare,
2268 2346 2340 2410 et
2394 2336 2695 2410 Verbum
2748 2335 2881 2410 Dei
2932 2336 3186 2431 populo
3238 2356 3398 2409 meo
3449 2333 3841 2431 praedicare,

560 2466 812 2539 meque
882 2448 1101 2540 ipsum
1173 2465 1338 2517 esse
1392 2440 1736 2515 Oroatam.
1840 2441 1929 2515 Et
1980 2444 2046 2514 in
2101 2440 2304 2514 fldem
2374 2439 2750 2536 subscripsi
2801 2462 2887 2512 ac
2939 2438 3180 2533 Sigillo
3236 2460 3394 2513 meo
3449 2438 3844 2512 communivi.

561 2546 640 2621 In
694 2545 895 2620 Curia
951 2545 1491 2621 meaParochiali
1539 2544 1652 2619 die
1709 2544 1829 2617 14.
1881 2543 2146 2619 Mensis
2188 2541 2596 2617 Decembris
2652 2541 2876 2616 1701.

877 2700 1204 2774 Nicolaus
1250 2698 1572 2796 Graczky
1613 2698 1874 2772 Rector
1922 2698 2289 2773 Ecclesiae
2335 2697 2755 2771 Parochiulis
2801 2696 3253 2772 Beatissimae
3288 2695 3595 2791 Virginis
3629 2693 3847 2768 Mariae

562 2810 634 2879 10
689 2804 945 2879 Coelos
997 2802 1416 2900 Assumptae
1469 2807 1537 2875 in
1591 2801 1890 2875 Bellicza
1946 2801 2270 2875 fundatae
2319 2825 2403 2873 m.
2459 2826 2522 2897 p.

2030 2955 2140 3048 (ι.
2215 2956 2330 3048 S.)

880 3162 1036 3257 Ego
1090 3161 1434 3260 Casparus
1486 3163 1829 3252 Koczian,
1881 3164 2305 3236 Parochialis
2357 3162 2723 3237 Ecclesiae
2775 3161 3229 3236 Beatissimae
3282 3161 3367 3235 V.
3420 3161 3684 3235 Mariae
3727 3158 3848 3231 Na-

552 3276 682 3340 tae
724 3269 795 3340 in
828 3266 1289 3340 Possessioue
1342 3264 1752 3340 Szoboticza
1808 3266 2130 3340 fundatae
2178 3266 2461 3356 Rector,
2513 3268 2881 3340 Dioecesis
2915 3265 3428 3360 Zagrabiensis,
3485 3269 3556 3338 in
3591 3264 3852 3339 districtu

556 3370 840 3444 Insulae
910 3373 1081 3443 intra
1134 3371 1441 3443 Dravum
1512 3379 1583 3442 et
1632 3369 1894 3443 Murum
1970 3373 2360 3460 existentis,
2431 3379 2686 3448 testor:
2760 3392 2873 3443 me
2920 3373 2991 3444 in
3045 3368 3378 3443 Parochia
3430 3391 3591 3443 mea
3639 3366 3849 3442 nullum

567 3472 829 3547 habere
900 3477 1360 3569 poenitentem
1412 3473 1837 3567 Hungarum‚
1911 3475 2199 3567 solaque
2251 3475 2484 3568 lingua
2552 3471 2868 3546 Croatica
2924 3470 3370 3546 Sacramenta
3425 3472 3850 3546 Poenitentiae

565 3586 642 3649 et
691 3575 1099 3650 Matrimonii
1154 3581 1281 3650 dcc.
1354 3575 1855 3667 administrare,
1936 3588 2007 3650 et
2057 3576 2362 3650 Verbum
2411 3577 2546 3650 Dei
2594 3577 2856 3673 Populo
2914 3599 3068 3651 meo
3140 3577 3575 3673 praedicare,
3648 3592 3849 3668 meque

564 3682 786 3773 ipsum
826 3702 992 3754 esse
1029 3679 1371 3753 Croatam.
1443 3680 1531 3754 Et
1564 3683 1635 3753 in
1671 3679 1873 3753 fidem
1929 3682 2177 3776 scripsi
2227 3703 2313 3752 ac
2349 3679 2591 3775 Sigillo
2647 3702 2802 3754 meo
2859 3683 3301 3769 communivi,
3354 3682 3424 3752 in
3483 3677 3683 3753 Curia
3729 3696 3848 3749 mea

563 3781 957 3868 Parochiali
1023 3784 1155 3856 Die
1239 3784 1358 3856 14.
1438 3781 1701 3858 Mensis
1770 3782 2180 3857 Decembris
2250 3783 2455 3858 Anno
2514 3783 2737 3857 1701.

880 3935 1228 4034 Casperus
1298 3939 1632 4027 Koczian,
1701 3939 1962 4012 Rector
2039 3938 2401 4014 Ecclesiae
2472 3939 2891 4014 Parochialis
2971 3939 3048 4013 B.
3102 3939 3186 4012 V.
3239 3939 3504 4014 Mariae
3561 3940 3764 4013 Natae
3803 3939 3852 4005 in

563 4041 1033 4117 Possessioue
1118 4040 1531 4114 Szoboticza
1614 4042 1937 4116 fundatae
1992 4066 2078 4115 m.
2133 4065 2196 4140 p.

2030 4190 2146 4281 (L.
2220 4189 2335 4282 S.)

880 4393 1036 4484 Ego
1090 4394 1335 4466 Daniel
1390 4394 1724 4490 Lengyel,
1779 4395 2199 4469 Parochialis
2251 4395 2615 4469 Ecclesiae
2669 4395 2741 4469 S.
2801 4394 3084 4492 Georgii
3132 4395 3225 4469 M.
3280 4405 3352 4470 et
3399 4397 3493 4470 M.
3549 4402 3620 4471 in
3671 4395 3854 4490 Spinis

568 4495 896 4568 fundatae
942 4496 1225 4585 Rector,
1279 4498 1647 4572 Dioecesis
1683 4497 2196 4593 Zagrabiensis‚
2251 4503 2319 4572 in
2351 4500 2674 4572 Districtu
2730 4499 3003 4574 Insulae
3056 4502 3231 4573 iutra
3276 4501 3587 4575 Dravum
3625 4510 3690 4573 et
3727 4495 3854 4568 Mu-

567 4621 717 4671 1οω
772 4602 1164 4690 existentis,
1217 4611 1470 4674 testor:
1528 4624 1639 4675 me
1692 4605 1761 4673 in
1814 4601 2148 4675 Parochia
2204 4625 2357 4674 mea
2413 4604 2667 4675 nullum
2722 4602 2978 4677 habere
3033 4607 3495 4700 poenitentem
3549 4604 3849 4697 ungarum

571 4702 860 4800 solaque
931 4704 1165 4795 lingua
1229 4703 1545 4778 Croaticu
1602 4704 2049 4778 Sacramenta
2104 4709 2566 4801 poenitentiae
2621 4717 2690 4780 et
2739 4706 3153 4780 Matrimonii
3205 4711 3331 4780 dcc.
3396 4708 3848 4786 administrare,

570 4815 644 4878 et
676 4805 978 4880 Verbum
1023 4806 1345 4880 Divinum
1399 4810 1654 4905 populo
1708 4831 1864 4882 meo
1920 4809 2351 4905 praedicare,
2413 4833 2525 4883 me
2579 4832 2753 4884 vero
2809 4832 2972 4886 esse
3025 4809 3395 4905 Ungarum.
3467 4810 3560 4884 Et
3591 4816 3658 4884 in
3693 4807 3844 4881 fidem

570 4907 1088 5087 fficripzioac
1140 4910 1384 5006 Sigillo
1437 4934 1598 4985 meo
1651 4916 2094 5002 communivi
2149 4917 2217 4987 in
2263 4911 2466 4987 Curia
2521 4936 2675 4988 mea
2729 4913 3112 4989 Parochiali
3153 4914 3287 4990 Die
3338 4915 3458 4988 14.
3496 4908 3848 4989 Decembris

737 5035 783 5087 o

568 5244 613 5318 d
658 5254 727 5320 ι.
881 5141 1129 5219 Daniel
1198 5143 1537 5243 Lengyel,
1606 5145 1868 5221 Rector
1934 5145 2298 5221 Ecclesiae
2370 5145 2444 5219 S.
2518 5147 2800 5244 Georgii
2871 5147 2961 5220 M.
3034 5158 3105 5221 et
3154 5147 3246 5222 ΙΙ.
3317 5152 3388 5223 10
3439 5147 3668 5246 Spinis
3718 5145 3850 5216 fun·

617 5268 656 5318 a
729 5269 771 5319 0
824 5269 914 5319 m.
967 5270 1032 5344 p.

2082 5353 2193 5445 (L.
2270 5351 2388 5445 Β)
