3950 5917
506 420 662 493 462

507 626 685 720 breg
737 630 809 695 et
864 626 1216 717 Lopcmw,
1280 645 1431 695 cum
1490 623 1640 695 aliis
1693 626 1852 694 item
1926 621 2141 693 tribus
2193 619 2530 695 Portubus
2583 620 2898 708 Baccari,
2969 619 3387 692 Buccaricza
3444 629 3514 691 et
3565 619 3826 692 Porto-

504 727 687 814 nee,
742 747 873 799 nec
917 748 1054 798 non
1093 726 1240 798 Sex
1276 724 1779 797 Castellanatus
1812 724 2108 816 Dominij
2148 723 2632 808 Buccarensis„
2688 733 2757 795 et
2790 722 3178 795 Dominium
3232 727 3321 794 ita
3362 722 3610 794 dictum
3651 720 3828 795 Col-

508 828 789 914 lonialo,
860 828 1174 902 Dominia
1248 828 1333 900 ad
1387 828 1562 900 baec
1613 826 1795 898 Brod
1870 837 1941 899 et
1996 825 2301 899 Grobnik
2355 827 2826 922 Battyaniana2
2897 830 2992 896 uti
3050 835 3120 896 et
3169 824 3554 897 Dominium
3611 847 3822 897 mon-

508 945 743 1005 tanum
798 931 1070 1003 Chabar
1123 930 1507 1019 Camerale,
1562 932 1761 1021 juxta
1817 930 1991 1001 baec
2043 951 2250 1024 porro
2303 928 2545 1003 Partes
2602 932 2831 1018 etiam,
2913 951 3091 1023 quae
3143 928 3349 1001 modo
3404 925 3826 1000 trans-Col·-

510 1036 827 1130 lapianae
882 1035 1181 1125 audiunt„
1233 1044 1467 1128 utpote
1513 1033 1703 1105 Bona
1738 1032 2037 1104 Dominii
2072 1033 2436 1121 Szeverim
2493 1054 2645 1103 cum
2690 1030 3024 1103 Dominiis
3080 1031 3526 1125 Boszilyevo,
3581 1030 3828 1120 Ouili„

512 1136 789 1220 Rihnik„
862 1137 1120 1229 Berlog
1171 1148 1241 1209 et
1291 1136 1675 1230 Novigrad,
1727 1158 1813 1207 ac
1866 1135 2133 1206 demum
2207 1138 2354 1229 ipsa
2411 1139 2610 1208 etiam
2669 1133 2927 1207 Civitas
2983 1132 3581 1220 Carlostadiensis„
3636 1133 3830 1205 velut

511 1263 639 1335 per
690 1239 950 1313 Statum
1006 1240 1362 1316 Militarem
1420 1239 1637 1310 Statui
1692 1239 2104 1310 Provinciali
2156 1239 2620 1332 praeallegato
2674 1237 2881 1309 modo
2936 1235 3374 1330 resignanda„
3440 1259 3525 1307 ac
3577 1241 3664 1307 in*
3701 1235 3827 1307 Li-

509 1342 747 1415 beram
804 1354 874 1414 et
926 1343 1215 1436 Regiam
1271 1340 1628 1413 Civitatem
1686 1339 2088 1427 evehenda3
2160 1344 2381 1435 prouti
2452 1344 2682 1427 etiam,
2755 1340 2934 1435 quod
2998 1341 3532 1411 rementionatas
3582 1338 3828 1411 Partes

508 1445 1152 1539 Transcollapianas
1208 1452 1689 1532 concerneret,
1758 1443 1845 1515 ad
1901 1442 2135 1515 barum
2207 1464 2331 1538 pro
2389 1442 2723 1515 Comitatu
2796 1442 3288 1515 Szeverinensi
3357 1446 3828 1536 receptionem

509 1548 796 1643 perinde
852 1547 1284 1620 Gubernator
1334 1558 1573 1619 noster
1623 1546 2101 1631 Fluminensis,
2157 1568 2286 1640 qua
2345 1546 2653 1637 ejusdem
2702 1544 3076 1617 Comitatus
3130 1545 3504 1639 Supremus
3543 1542 3828 1632 Comes,

512 1660 587 1722 et
635 1651 721 1721 ad
764 1661 984 1722 actum
1042 1672 1314 1745 quoque
1350 1650 1529 1722 hunc
1584 1647 2113 1720 Commissarius
2168 1658 2407 1721 noster
2457 1648 2744 1742 Regius,
2803 1671 2886 1718 ac
2939 1647 3023 1720 ad
3081 1670 3316 1718 earum
3369 1647 3828 1741 Resignatio-

514 1774 675 1824 nem
732 1752 1102 1825 Comitatus
1156 1751 1644 1846 Zagrabiensis
1695 1751 2025 1844 Benignis
2090 1755 2344 1824 nostris
2426 1751 2772 1823 ordinibus
2846 1754 3079 1824 inviati
3151 1754 3590 1845 instructique
3647 1760 3827 1824 sunt.

514 1877 605 1928 ea
656 1855 927 1949 quidem
981 1860 1274 1942 ratione„
1331 1865 1401 1926 ut
1451 1854 1692 1926 Partes
1744 1853 1875 1924 bae
1929 1854 2089 1926 inde
2141 1877 2180 1924 a
2239 1855 2442 1925 1-ma
2498 1852 2912 1926 Novembris
2967 1856 3124 1925 anni
3177 1853 3465 1926 labentis
3505 1853 3826 1939 Quonam

516 1957 1164 2030 Contributionalem
1212 1961 1354 2049 jam
1412 1957 1498 2028 ad
1555 1956 1839 2028 Cassam
1897 1953 2269 2028 Comitatus
2327 1955 2855 2028 Szeverinensis
2911 1955 3304 2050 dependere
3361 1956 3677 2027 debeant.

826 2061 1058 2153 Atque
1140 2064 1206 2132 in
1262 2060 1367 2133 bis
1440 2064 1606 2153 ipsis
1660 2058 1935 2131 Fideles
1990 2057 2385 2151 Regnorum
2469 2063 2747 2131 istorum
2805 2059 3034 2132 Status
3089 2068 3159 2130 et
3221 2058 3513 2130 Ordines
3570 2069 3641 2129 et
3690 2080 3819 2128 ra—

510 2170 766 2234 tionem
810 2162 1164 2256 Benignae
1217 2173 1497 2235 nostrae
1546 2160 2013 2233 Resolutionis
2070 2165 2236 2234 satis
2297 2161 2696 2253 intelligent,
2753 2171 2823 2233 et
2859 2161 3278 2233 Peculiarem
3318 2173 3622 2233 nostram
3663 2159 3830 2231 Ma-

513 2277 775 2338 ternam
849 2265 1360 2337 solicitudinem
1434 2286 1556 2360 pro
1629 2269 2054 2335 incremento
2107 2263 2281 2336 Boni
2351 2262 2599 2359 publici
2671 2263 2993 2350 defixam„
3071 2264 3454 2335 distinctum
3527 2263 3822 2356 Regium

510 2380 819 2441 nostrum
872 2368 1186 2441 favorem
1243 2373 1416 2462 grati
1472 2377 1874 2461 agnoscent.
1943 2367 2113 2439 Cum
2168 2377 2390 2439 autem
2446 2367 2532 2438 ad
2588 2366 2902 2438 effectum
2960 2367 3246 2460 Benigni
3300 2366 3499 2458 hujus
3550 2387 3818 2461 propo-

511 2475 623 2544 siti
674 2471 832 2543 illud
888 2493 1187 2544 necesse
1242 2493 1405 2543 esse
1460 2480 1701 2565 suapte
1753 2471 2184 2563 intelligatur„
2257 2480 2325 2541 ut
2377 2473 2958 2564 praementionata
3015 2480 3333 2541 accurata
3390 2469 3824 2564 Conscriptio

510 2585 583 2648 et
626 2576 811 2665 justa
877 2578 1261 2647 aestimatio
1333 2577 1729 2669 quorumvis
1801 2572 2239 2645 Districtuum
2296 2582 2365 2644 et
2417 2572 2793 2668 Corporum
2850 2577 2967 2644 in-
3024 2583 3093 2644 et
3144 2572 3825 2666 excorporandorum

506 2681 775 2749 ratione
831 2686 1035 2772 atque
1088 2676 1478 2749 modalitate
1530 2679 1600 2747 in
1655 2679 2051 2770 praemissis
2107 2677 2450 2747 declarata
2531 2679 2961 2770 suscipiatur„
3044 2686 3246 2769 atque
3301 2676 3457 2746 ideo
3514 2675 3830 2766 Benigne

508 2778 710 2852 nobis
763 2782 987 2852 visum
1061 2779 1285 2867 fuerit,
1359 2801 1483 2873 pro
1539 2782 1951 2850 executione
2022 2782 2350 2873 propositi
2424 2779 2648 2869 hujus„
2721 2778 2856 2850 fine
2924 2801 3170 2873 nempe
3216 2778 3828 2872 praedesignatae

508 2886 629 2952 in-
659 2893 729 2953 et
781 2885 1401 2976 excorporationis,
1457 2892 1659 2975 atque
1715 2880 1949 2975 Scopo
2003 2882 2560 2953 instituendarum
2616 2880 3203 2976 Conscriptionum
3260 2892 3329 2952 et
3381 2884 3820 2952 aestimatio—

508 3005 668 3055 num
724 3005 761 3054 a
841 2995 1034 3078 parte
1112 2988 1652 3080 respectivarum
1723 2982 2276 3056 Jurisdictionum
2333 2983 2890 3073 Commissarios,
2971 2995 3104 3055 tum
3179 2986 3375 3074 juxta
3433 2984 3828 3055 immediate

510 3089 921 3180 praemissa⁸>
997 3093 1148 3158 'cum
1203 3109 1376 3160 vero
1447 3092 1656 3174 omni,
1731 3109 1865 3182 quo
1921 3087 2207 3159 meliore
2279 3086 2712 3159 facilitandae
2765 3087 3310 3182 manipulationis
3363 3090 3633 3158 ratione
3705 3089 3826 3156 in-

509 3198 836 3275 structos,
891 3200 961 3261 et
1004 3191 1270 3285 quidem
1329 3213 1420 3262 ex
1472 3200 1664 3285 parte
1716 3189 2396 3262 Politico-Camerali
2451 3189 2988 3263 Gubernatorem
3045 3189 3548 3262 Fluminensem
3604 3189 3829 3261 Jose-

509 3291 714 3387 pbum
767 3291 1070 3380 Maiiam,
1141 3293 1433 3387 huicque
1505 3293 1890 3384 adjunctum
1964 3316 2057 3364 ex
2119 3303 2312 3388 parte
2358 3292 2641 3365 Politica
2713 3293 3070 3365 Nicolaum
3127 3292 3485 3381 Skerlecz‚
3542 3291 3829 3364 Consilii

430 3411 437 3418 ·
507 3399 727 3465 nostri
779 3394 981 3488 Regii
1035 3394 1331 3468 Croatici
1389 3394 1889 3484 Consiliarium,
1961 3417 2056 3467 ex
2109 3407 2300 3490 parte
2350 3418 2525 3468 vero
2579 3395 2848 3468 Militari
2920 3406 2990 3467 et
3040 3395 3310 3491 quidem
3369 3394 3828 3467 Generalatus

511 3495 1088 3571 Carlostadiensis
1143 3498 1552 3571 Generalem
1608 3522 1647 3570 a
1702 3499 1956 3586 Posee‚
2028 3497 2476 3571 Generalatus
2534 3509 2758 3570 autem
2812 3498 3086 3570 Banalis
3159 3497 3409 3570 ibidem
3464 3496 3832 3570 Constitu-

510 3612 650 3671 tum
703 3601 1174 3694 Brigaderium
1233 3601 1641 3674 Generalem
1700 3608 2088 3687 exmittere,
2149 3601 2390 3674 fideles
2445 3602 2621 3675 adeo
2677 3602 3072 3695 Regnorum
3128 3605 3412 3673 istorum
3468 3600 3701 3673 Status
3761 3610 3832 3670 et

508 3701 830 3790 OrdineS,
897 3703 1033 3776 fine
1087 3727 1222 3800 quo
1277 3704 1722 3777 effectuandis
1777 3705 2107 3797 Benignis
2158 3704 2264 3777 his
2338 3704 2817 3777 intentionibus
2872 3710 3124 3777 nostris
3179 3707 3431 3799 pariter
3493 3726 3617 3798 per
3669 3704 3832 3774 Ded

506 3815 776 3901 putatos
833 3829 999 3880 suos
1066 3810 1513 3895 intervenire,
1587 3807 2007 3902 eosdemque
2059 3830 2213 3878 cum
2272 3806 2777 3880 Commissariis
2830 3811 3083 3881 nostris
3139 3817 3633 3902 cooperaturos
3689 3805 3830 3878 de-

508 3911 865 3980 nominare
921 3919 990 3981 et
1043 3914 1402 3982 exmittere
1458 3911 1758 3999 valeant,
1812 3913 1879 3981 in
1933 3932 2139 3981 unum
2197 3911 2753 4004 congregandos„
2806 3933 2940 3982 una
2996 3909 3385 3983 Clementer
3426 3909 3698 4001 jubere.

821 4011 1205 4108 Eaproptor
1281 4013 1846 4106 quemadmodum
1901 4036 2024 4109 pro
2079 4035 2195 4100 eo,
2270 4036 2352 4084 ac
2413 4018 2483 4085 in
2540 4015 2642 4087 his
2699 4015 3019 4109 explicita
3073 4015 3382 4106 Benigna
3439 4033 3635 4085 mens
3711 4022 3831 4083 at-

508 4136 644 4209 que
693 4117 1023 4187 resolutio
1076 4125 1312 4188 nostra
1368 4115 1586 4208 Regia
1638 4119 1910 4190 nonnisi
1966 4119 2150 4188 circa
2191 4125 2486 4211 optatum
2535 4116 2696 4188 boni
2750 4116 2998 4211 publici
3051 4117 3438 4189 vehiculum
3489 4127 3555 4188 et
3596 4138 3827 4210 quae-

508 4221 716 4289 sitam·
762 4219 873 4290 diu
927 4240 1050 4313 pro
1114 4219 1257 4290 utili
1310 4229 1378 4289 et
1434 4217 1812 4290 Commodo
1865 4218 2402 4311 Regnicolarum
2474 4223 2951 4293 accessionem
3003 4231 3348 4308 versatur,
3403 4224 3594 4313 ipsos
3649 4240 3828 4313 pro-

506 4320 667 4392 inde
722 4320 1116 4414 Regnorum
1189 4326 1470 4394 istorum
1528 4322 1758 4394 Status
1832 4332 1902 4392 et
1955 4322 2248 4394 Ordines
2303 4326 2447 4394 voti
2502 4321 2874 4417 Compotes
2946 4323 3193 4412 reddit,
3266 4322 3492 4394 nullae
3548 4322 3830 4393 dubita-

506 4445 685 4513 mus,
755 4429 912 4519 quin
968 4424 1156 4497 firma
1214 4425 1353 4520 Spe
1406 4435 1739 4514 tenemur„
1804 4424 1983 4515 fore,
2055 4436 2125 4497 ut
2178 4426 2388 4497 lidem
2447 4426 2677 4498 Status
2733 4437 2802 4498 et
2856 4425 3147 4500 Ordines
3201 4430 3271 4497 in
3345 4447 3606 4499 summa
3665 4428 3830 4495 ani-

508 4549 771 4598 morum
828 4527 1233 4621 gratitudine
1290 4532 1662 4622 suscipiant
1727 4541 2244 4623 {ignoscantque
2297 4528 2564 4621 Regiae
2635 4541 2917 4601 nostrae
2992 4540 3192 4624 atque
3266 4540 3623 4601 maternae
3677 4527 3828 4598 Be·-

505 4634 851 4723 nignitatis
908 4632 1383 4703 documentum
1437 4631 1684 4716 isthoc,
1741 4635 1831 4702 ita
1885 4654 2017 4702 una
2073 4654 2160 4703 ne
2201 4631 2357 4726 quid
2403 4630 2799 4705 favorabilis
2855 4633 3054 4724 hujus
3111 4633 3461 4724 Benignae
3510 4631 3828 4702 Resolu-

504 4737 711 4807 tionis
763 4745 1044 4806 nostrae
1096 4735 1414 4806 effectum
1470 4737 1720 4806 morari
1774 4738 2016 4830 possit,
2072 4739 2425 4827 signanter
2459 4758 2547 4805 ne
2585 4735 2886 4808 Exmissi
2925 4734 3391 4827 Commissarij
3431 4734 3638 4827 Regii
3689 4757 3826 4806 ex—

503 4846 788 4931 pectare
869 4838 1187 4928 debeant,
1268 4837 1576 4909 fidelibus
1652 4837 2049 4932 Regnorum
2129 4843 2412 4909 istorum
2486 4837 2785 4910 Statibus
2869 4848 2937 4910 et
3010 4838 3372 4910 Ordinibus
3444 4838 3828 4930 Benignam

502 4950 801 5012 mentem
859 4951 929 5012 et
979 4943 1396 5013 voluntatem
1454 4951 1753 5013 nostram
1805 4940 2095 5032 Regiam
2151 4944 2217 5013 in
2275 4964 2361 5013 eo
2418 4946 2670 5035 pariter
2724 4941 3112 5013 Clementer
3194 4941 3632 5013 intimandam
3713 4945 3830 5012 in-

496 5043 1058 5138 jungendamque
1096 5044 1439 5133 duximuS,
1492 5054 1565 5115 ut
1600 5044 1772 5115 duos
1823 5049 2099 5117 omnino
2137 5045 2513 5137 Deputatos
2560 5068 2724 5118 suos
2764 5045 2847 5115 ad
2890 5048 3328 5118 executivam
3371 5050 3594 5117 omnis
3633 5049 3831 5118 istius

504 5146 819 5240 Benigne
896 5152 1195 5244 suscepti
1249 5153 1367 5219 in—
1395 5158 1464 5219 et
1543 5151 2135 5242 excorporationis
2214 5147 2552 5243 Propositi
2636 5151 3130 5243 operationem,
3212 5172 3297 5221 ac
3367 5148 3658 5243 proinde
3715 5153 3825 5241 qui

507 5271 791 5345 scopum
864 5251 1043 5323 hunc
1113 5273 1526 5346 praeparare
1581 5250 1809 5338 debet,
1884 5249 2501 5346 conscriptionum,
2559 5273 2644 5323 ac
2697 5256 3238 5324 aestimationum
3314 5252 3652 5342 laborem,
3707 5273 3830 5347 pro

501 5350 826 5425 Termino
881 5375 1004 5448 per
1057 5353 1585 5430 Commissarios
1636 5363 1914 5430 nostros
1966 5353 2228 5447 Regios
2283 5358 2694 5449 tempestive
2747 5353 3136 5452 indicando,
3211 5377 3293 5427 ac
3345 5359 3414 5428 in
3471 5360 3587 5446 iis,
3651 5376 3827 5450 quae
