3950 5917
528 393 691 478 37&

2029 613 2084 676 Δ
2138 621 2356 695 toruo:

840 745 1305 839 Reverendis,
1347 748 1903 841 Honorabilibus,
1974 751 2476 849 spectabilibus
2527 776 2617 827 ac
2664 752 3077 849 flag-officis,
3146 776 3283 829 nec
3331 776 3471 829 non
3523 754 3840 848 Egregiis

532 845 1134 1027 goffobgiilliggulff.
1170 849 1256 924 N.
1306 855 1653 927 universis
1707 853 2010 928 Statibus
2064 865 2136 929 et
2186 853 2552 931 Ordinibus
2606 856 3001 952 Regnorum
3051 856 3484 949 Nostrorum,
3538 856 3839 930 fidelibus

686 973 757 1025 is
1048 975 1107 1028 s.

2039 1083 2153 1178 (L.
2226 1084 2341 1180 S.)

530 1303 676 1377 orig.
709 1309 763 1359 iu
800 1308 1028 1364 Arcam
1062 1309 1233 1380 aeg-1
1268 1307 1523 1364 ema-e
1560 1310 1689 1364 Aee·
1725 1311 1895 1381 neg-i
1932 1309 2128 1382 eom.
2166 1312 2304 1368 noa
2336 1312 2424 1367 nr.
2461 1313 2546 1369 ia.

1900 1849 2498 1938 CCXXX!-

1365 2106 1574 2176 Anao
1620 2104 1658 2176 1
1678 2103 1858 2177 706.
1912 2108 2029 2176 die
2082 2105 2155 2176 3.
2190 2106 2617 2176 Nocens-bris.
2689 2106 3016 2180 Viennae.

528 2363 1027 2468 Josepbus
1090 2364 1144 2443 1.
1209 2364 1410 2445 Rex
1473 2364 1940 2484 Croatas,
2006 2371 2165 2469 qui
2231 2364 2705 2446 Rakoczii
2787 2372 3488 2447 incitamentis
3545 2372 3838 2448 resti-

1155 2512 1540 2605 terunt,
1624 2502 1736 2580 ob
1803 2526 2138 2581 eorum
2203 2503 2813 2584 fidelitatem
2876 2504 3222 2583 laudat.

634 2763 985 2862 Josepbus
1049 2764 1299 2838 Divina
1371 2763 1678 2836 Favente
1735 2761 2111 2939 Glemgntia
2181 2763 2463 2940 Elecgis
2517 2763 2977 2839 Romanorum
3033 2763 3409 2860 Imperator
3474 2787 3750 2860 semper

1999 2877 2285 2960 agustus
2404 2890 2463 2939 c.

846 3075 1266 3162 Reverendi‚
1338 3072 1821 3162 Honorabiles‚
1901 3071 2331 3169 spectabiles
2412 3096 2498 3145 ac
2574 3071 2945 3166 Magniflci,
3025 3095 3156 3144 nec
3235 3094 3372 3144 non
3443 3070 3729 3165 Egregij
3782 3080 3842 3142 et

531 3177 845 3262 Nobiles,
927 3177 1202 3250 Fideles
1281 3176 1479 3251 nobis
1558 3175 1806 3248 dilecti.
1913 3176 2226 3248 Relatum
2306 3175 2523 3250 Nobis
2594 3176 2894 3248 demisse
2964 3174 3087 3247 fuit
3140 3198 3179 3246 a
3235 3173 3542 3247 Consilio
3601 3173 3838 3247 Nostro

537 3281 765 3353 Aulae
837 3280 1122 3367 Bellico„
1205 3280 1493 3375 qualiter
1562 3303 1600 3350 a
1673 3280 2046 3352 devotione
2103 3280 2317 3352 Nobis
2393 3279 2617 3352 debita
2690 3279 2934 3351 devius
2989 3275 3377 3351 Rakoczius
3450 3279 3838 3351 temerarias

541 3384 883 3470 patentes„
958 3383 1402 3480 ejusdemque
1473 3383 1841 3479 perduellis
1893 3383 2194 3456 Assecla
2249 3383 2636 3456 Voinovicb
2690 3384 2928 3477 partim
2982 3382 3380 3469 illectoriaS,
3432 3384 3679 3476 partim
3715 3403 3839 3454 ve-

538 3510 618 3559 ro
674 3491 1223 3560 comminatorias
1291 3509 1415 3583 pro
1470 3485 1875 3559 declinando
1931 3484 2016 3557 ab
2087 3490 2488 3558 intemerata
2560 3483 2717 3557 fidei
2772 3507 2940 3556 suae
2995 3489 3372 3556 constantia
3429 3484 3649 3557 charo
3702 3484 3838 3555 No-

537 3600 682 3662 stro
738 3589 1055 3662 Croatiae
1108 3589 1356 3684 Regno
1408 3590 1672 3662 Literas
1728 3588 2086 3661 Colonello
2140 3589 2394 3660 Nostro
2449 3588 3059 3677 Delisimonovich.,
3116 3588 3199 3659 ad
3256 3587 3654 3661 Fidelitates
3701 3587 3838 3658 Ve-

538 3703 718 3767 stras
787 3695 1070 3765 ulterius
1141 3693 1646 3787 promovendas
1736 3694 2083 3765 direxerit.
2192 3690 2716 3764 Contestabatur
2792 3701 3014 3762 autem
3094 3690 3392 3786 desuper
3469 3689 3838 3786 Episcopus

534 3796 792 3869 Noster
851 3796 1335 3888 Zagrabiensis
1390 3796 1718 3867 Martinus
1772 3794 2214 3876 Braikovich,
2271 3799 2381 3888 qui
2436 3819 2528 3868 ex
2580 3799 2896 3867 instinctu
2952 3795 3097 3866 Zeli
3170 3799 3274 3866 sui
3328 3818 3555 3887 aeque
3631 3794 3839 3866 illibati

538 3905 862 3971 universa
921 3910 1328 3993 praeattacta
1387 3899 1712 3971 seditiosa
1759 3897 2139 3970 Rebellium
2196 3898 2599 3971 documenta
2655 3897 2967 3969 Literalia
3025 3920 3226 3992 supra
3274 3895 3838 3969 recensito-Gon·-

538 4005 691 4074 silio
747 4004 1001 4075 Nostro
1057 4003 1279 4073 Aulae
1334 4003 1593 4074 Bellico
1650 4005 1922 4073 sincere
1978 4005 2629 4087 communicaverat„
2683 4013 2817 4072 tum
2873 4000 3209 4086 Eundem,
3266 4024 3466 4094 quam
3526 4001 3836 4074 Fidelita-

539 4115 646 4177 tes
691 4107 981 4178 Vestras
1037 4110 1276 4201 (prout
1312 4117 1382 4177 et
1418 4105 1481 4176 id
1521 4109 1736 4199 ipsum
1793 4103 1878 4175 ab
1914 4104 2161 4196 ijsdem
2215 4105 2566 4201 hucusque
2621 4103 2832 4198 probe
2888 4116 3314 4201 perspectum
3362 4104 3737 4196 habemus)
3771 4123 3838 4173 ac

535 4208 943 4281 Universum
997 4209 1264 4282 demum
1303 4208 1523 4302 Regni
1563 4207 1996 4278 Nobilitatem
2050 4208 2502 4300 homagialem
2549 4231 2740 4280 suam
2797 4231 2961 4301 erga
3001 4207 3146 4278 Nos
3204 4207 3650 4280 devotionem
3706 4228 3831 4278 cum

536 4313 1000 4384 immolatione
1068 4316 1268 4384 etiam
1344 4316 1445 4403 (si
1498 4310 1830 4383 infaustus
1886 4334 2092 4383 casus
2149 4320 2263 4382 aut
2315 4314 2537 4406 iniqua
2593 4333 2747 4384 sors
2802 4314 2890 4383 ita
2950 4309 3202 4410 ferret)
3270 4309 3667 4385 facultatum
3721 4314 3830 4381 imo

534 4415 738 4486 Vitae
793 4427 863 4487 et
916 4416 1285 4506 Sangvinis
1342 4413 1847 4485 inalterabiliter
1903 4413 2491 4509 comprobaturam
2549 4412 2722 4486 fore.

850 4518 924 4589 ln
982 4541 1115 4612 quo
1192 4521 1419 4612 itaque
1475 4520 1761 4609 egregio
1836 4539 2003 4610 erga
2059 4518 2425 4588 Servitium
2482 4516 2804 4588 Nostrum
2860 4515 3080 4589 studio
3139 4526 3206 4587 et
3277 4516 3482 4588 claris
3539 4517 3718 4589 adeo
3767 4535 3830 4585 ac

536 4619 915 4712 insignibus
990 4624 1393 4712 integritatis
1466 4624 1881 4711 argumentis
1955 4620 2109 4690 dum
2183 4619 2397 4691 Nobis
2470 4617 2766 4710 benigne
2822 4620 3352 4714 complacemuS,
3431 4619 3729 4716 ideoque
3775 4623 3828 4686 et

536 4723 1208 4798 Caesareo-Nostris
1266 4724 1503 4816 RegijS
1558 4726 1796 4816 gratijs
1853 4721 2146 4814 benigne
2201 4723 2267 4793 id
2322 4726 2536 4818 ipsum
2599 4723 2739 4795 Nos
2793 4726 3144 4815 agnituros
3199 4722 3654 4794 declaramus.

847 4826 1243 4900 Fidelitates
1299 4827 1585 4897 Vestras
1641 4827 2017 4897 clementer
2067 4826 2337 4897 insimul
2388 4825 2846 4906 cohortamur,
2903 4834 3231 4920 quatenus
3269 4826 3612 4898 ulterioris
3653 4829 3822 4897 etiam

537 4933 609 5002 in
662 4933 918 5002 eximio
991 4952 1075 5001 ac
1128 4929 1442 5002 laudabili
1520 4932 1779 5000 virtutis
1852 4952 2020 5002 suae
2093 4932 2548 5001 inconcussae
2622 4927 2847 4999 debito
2905 4931 3402 5017 continuantes,
3485 4933 3824 5001 universos

536 5036 742 5106 etiam
798 5033 1216 5127 Regnicolas
1293 5031 1541 5104 ibidem
1597 5031 1888 5104 Nostros
1943 5030 2027 5103 ad
2084 5055 2315 5127 parem
2374 5034 2953 5125 perseverantiam
3017 5032 3303 5104 viriliter
3364 5035 3668 5104 animare
3709 5051 3826 5098 ve-

537 5136 685 5222 lint,
738 5140 1100 5231 securique
1151 5139 1459 5209 vicissim
1516 5134 1882 5222 confidant„
1936 5135 2082 5207 Nos
2136 5157 2259 5231 pro
2315 5138 2845 5208 conservatione
2900 5144 2970 5206 et
3025 5133 3211 5205 iirma
3267 5137 3549 5207 tuitione
3605 5134 3828 5206 charae

538 5238 758 5310 Nobis
812 5243 1211 5333 praesertim
1265 5240 1673 5312 Provinciae
1729 5247 1963 5309 contra
2022 5242 2447 5333 perniciosas
2513 5239 2661 5312 illas
2715 5260 2799 5310 ac
2853 5240 3133 5332 quasvis
3187 5238 3357 5311 alias
3412 5237 3826 5334 perduellium

540 5341 1079 5413 machinationes
1134 5351 1248 5413 aut
1299 5352 1575 5437 apertos
1628 5342 1940 5430 insnum,
1996 5351 2129 5413 tam
2186 5365 2310 5438 per
2359 5340 2586 5413 itidem
2643 5340 2887 5412 dictum
2928 5338 3297 5415 Consilium
3337 5341 3652 5415 Nostrum
3686 5338 3827 5409 Au-
