3950 5917
527 392 687 469 468

525 598 896 693 terragium
942 595 1170 691 Regni
1221 596 1698 671 authoritatem
1742 598 2188 692 justitiaeque
2258 592 2526 691 juribus
2595 597 2824 693 Regni
2874 596 3252 672 conformis
3306 597 3853 671 administratio-

522 715 693 777 ‘nem
741 703 1118 774 renitenter
1170 697 1735 795 subterfugiebat,
1786 703 1858 774 in
1909 710 1982 774 et
2032 722 2129 775 ex
2178 700 2422 775 iisdem
2478 704 2829 776 maritimis
2880 701 3211 797 partibus,
3264 722 3465 797 quae,
3521 709 3595 773 ut
3634 723 3851 795 prae-

522 808 812 879 missum
867 812 1003 895 est,
1053 802 1281 899 Regni
1333 813 1405 876 et
1456 802 1849 896 Comitatus
1884 802 2375 899 Zagrabiensis
2417 804 2989 897 jurisdictionem,
3043 807 3315 877 tametsi
3368 802 3593 876 eidem
3649 826 3852 900 supra

496 910 889 983 insinuatis
951 855 1181 1002 Regni
1250 904 1549 1001 Legibus
1619 909 1757 980 imo
1811 914 1883 979 et
1931 904 2250 1001 benignis
2319 906 2703 999 Majestatis
2755 906 3055 982 Vestrae
3127 906 3654 981 sacratissimae
3731 929 3854 978 re-

532 1014 805 1108 scriptis
856 1009 1329 1106 Mandatisque
1384 1008 2000 1086 subordinabantur
2054 1032 2141 1082 ac
2192 1012 2262 1084 in
2316 1010 2658 1107 specificis
2738 1009 3014 1084 casibus
3069 1013 3272 1084 etiam
3330 1009 3680 1100 suberant,
3740 1019 3855 1081 ιιι-
3939 1091 3940 1098 ¹

528 1125 694 1212 pote
745 1117 815 1187 in
871 1111 1149 1187 Gremio
1229 1135 1470 1186 eorum
1540 1113 1763 1205 judex
1830 1111 2156 1187 nobilium
2228 1117 2514 1209 partium
2580 1103 3067 1188 maritimarum
3136 1113 3357 1186 dictus
3422 1123 3491 1185 et
3542 1135 3672 1209 per
3727 1133 3856 1184 nos

530 1220 922 1291 nominatus
996 1237 1271 1313 semper
1351 1215 1694 1291 existebat
1744 1226 1817 1291 et
1875 1215 2082 1290 bodie
2135 1220 2343 1289 etiam
2397 1214 2739 1311 Georgius
2807 1216 3180 1290 Ivanchich
3232 1219 3616 1305 existeret3
3700 1216 3857 1311 Ty-

530 1334 743 1395 'rones
807 1324 876 1391 in
947 1319 1281 1393 Altissimi
1351 1318 1734 1413 Majestatis
1804 1317 2105 1393 Vestrae
2185 1319 2714 1394 sacratissimae
2782 1322 3085 1394 servitiis
3155 1321 3654 1414 promotionem
3733 1341 3853 1416 pro

534 1432 765 1522 qnotta
821 1445 945 1498 sua
1000 1425 1357 1519 impositos
1412 1426 1484 1497 in
1546 1425 1881 1516 gremium
1936 1420 2312 1496 Comitatus
2364 1422 2854 1518 Zagrabiensis
2906 1420 3385 1518 praestabant3
3436 1425 3529 1495 ita
3566 1433 3637 1494 et
3674 1421 3857 1495 ban-

535 1528 838 1601 deriatos
893 1536 1091 1600 extra
1146 1529 1433 1621 patriam
1486 1528 1556 1598 in
1609 1525 1908 1599 servitia
1958 1525 2180 1620 Regia
2230 1525 2615 1618 Majestatis
2669 1526 2966 1602 Vestrae
3019 1525 3544 1599 sacratissimae
3625 1547 3860 1621 expe-

452 1674 471 1695 =
535 1629 851 1718 diebant3
903 1634 973 1703 in
1027 1625 1360 1723 gremium
1414 1628 1650 1701 Nostri
1685 1627 1772 1701 ad
1810 1627 2410 1723 Congregationes
2463 1629 2691 1725 Regni
2743 1632 2976 1702 vocati
3030 1627 3516 1723 comparebant
3568 1638 3639 1700 et
3678 1651 3862 1701 con-

534 1735 728 1808 clusa
799 1755 881 1806 se
956 1735 1446 1806 concernentia
1517 1730 2078 1829 exequebantur3
2148 1731 2443 1827 denique
2513 1755 2638 1829 per
2689 1754 2822 1806 nos
2876 1735 3243 1828 conscripti
3316 1733 3688 1824 ejectatam
3743 1754 3864 1828 per

534 1859 666 1912 nos
723 1833 1301 1909 Contributionem
1382 1857 1508 1933 pro
1585 1844 1814 1931 quotta
1896 1834 2030 1910 sibi
2079 1845 2561 1909 comensurata
2642 1834 3157 1932 supportabant,
3237 1833 3553 1930 adeoque
3605 1857 3744 1908 nos
3797 1838 3863 1906 in

537 1955 666 2015 eos
694 1939 1186 2033 jurisdictionis
1224 1940 1512 2013 effectus
1551 1942 2017 2029 exercuimus,
2053 1980 2158 1992 —
2196 1938 2321 2013 sub
2357 1942 2636 2013 nomine
2671 1938 3164 2013 Vinodolensis
3201 1935 3578 2012 Comitatus
3615 1940 3867 2032 eriga-

538 2054 672 2133 tur,
727 2042 1089 2138 eidemque
1144 2065 1296 2114 cum
1349 2041 1590 2137 Legali
1639 2042 2019 2115 Activitate
2067 2040 2298 2136 Regni
2347 2042 2649 2135 Legibus
2702 2041 3133 2115 conformata
3185 2039 3559 2137 Supremus
3605 2040 3866 2113 Comes

537 2170 692 2221 cum
727 2147 991 2241 reliquo
1025 2144 1426 2240 Magistratu
1471 2145 1941 2241 praeficiatur3
2000 2167 2343 2240 nunquam
2378 2167 2553 2219 vero
2591 2147 3020 2241 postulatum
3071 2154 3384 2220 nostrum
3435 2166 3524 2218 eo
3581 2167 3665 2217 se
3723 2167 3868 2215 ex-

535 2249 886 2338 tendebat,
938 2261 1013 2321 ut
1053 2271 1214 2345 pars
1266 2248 1755 2322 Maritimorum
1809 2248 2814 2345 Frangepano-Zrinyanorum
2853 2248 3215 2322 ‘Bonorum
3268 2246 3654 2342 guberniali
3710 2250 3870 2319 cui-

535 2358 716 2453 piam
772 2352 1130 2425 directioni
1183 2361 1252 2424 et
1284 2350 1586 2446 Legibus
1622 2351 1850 2446 Regni
1899 2360 2316 2447 praecautae
2369 2350 2932 2427 administrationi
2984 2349 3419 2443 subjiciatur3
3471 2373 3635 2446 pars
3691 2373 3873 2422 vero

540 2459 765 2548 major
818 2455 904 2528 de
960 2454 1335 2528 Comitatus
1389 2453 1877 2547 Zagrabiensis
1940 2455 2190 2528 actuali
2239 2453 2612 2528 indubitata
2665 2464 2736 2527 et
2788 2455 3086 2530 saeculis
3155 2453 3569 2550 perdurante
3635 2456 3871 2545 juris-

542 2561 841 2635 dictione
914 2562 1064 2633 sine
1134 2558 1362 2653 Regni
1431 2558 1827 2652 Hungariae
1877 2554 2123 2629 Diaeta
2197 2559 2706 2647 avellatur,
2778 2567 2850 2631 et
2919 2556 3303 2646 Comitatui,
3376 2559 3491 2654 qui
3544 2557 3676 2629 sub
3728 2580 3876 2630 no-

539 2666 726 2737 mine
778 2662 913 2735 hoc
965 2684 1305 2756 nunquam
1360 2663 1817 2756 praeexstitit‚
1900 2658 2216 2756 adeoque
2281 2661 2399 2734 vel
2451 2661 2609 2735 ideo
2665 2661 2874 2756 legali
2929 2658 3303 2733 Comitatus
3372 2658 3878 2754 Zagrabiensis

545 2771 775 2839 avitae
819 2762 1278 2857 jurisdictioni
1330 2763 1806 2858 praejudicare
1858 2786 1999 2837 non
2052 2773 2307 2860 potest,
2362 2763 2761 2856 adjiciatur;
2814 2773 3345 2859 consequenter,
3399 2766 3459 2837 si
3513 2766 3730 2836 etiam
3789 2786 3886 2837 ex

543 2867 1062 2964 incorporandis
1142 2866 1499 2940 Maritimis
1571 2865 1883 2940 Partibus
1957 2877 2028 2939 et
2095 2870 2357 2940 veteris
2428 2867 2921 2941 Vinodolensis
2996 2864 3369 2939 Comitatus
3441 2869 3881 2960 pertinentiis

542 2971 918 3044 Comitatus
964 2973 1123 3062 juro
1179 2970 1567 3065 postliminij
1628 2970 1713 3041 ad
1762 2991 2077 3043 normam
2124 2971 2407 3044 aliorum
2463 2968 2689 3064 Regni
2741 2971 3134 3063 Hungariae
3190 2968 3646 3042 Comitatuum
3723 2992 3886 3042 cum
3939 3013 3940 3018 =

545 3072 859 3147 omnibus
922 3071 1219 3164 juribus
1288 3072 1826 3166 Praerogativis‚
1899 3073 2215 3167 adeoque
2266 3072 2467 3169 plena
2518 3074 2728 3167 legali
2781 3076 3127 3145 activitate
3198 3072 3513 3167 Supremi
3584 3070 3884 3146 Comitis

546 3177 931 3265 directioni„
985 3199 1112 3272 pro
1159 3175 1504 3249 desiderio
1542 3185 1612 3249 et
1648 3176 1951 3250 demisso
1997 3177 2340 3272 postulato
2395 3186 2661 3266 nostre,
2713 3179 2784 3250 in
2838 3173 3288 3255 Generalibus
3342 3174 3569 3267 Regni
3627 3175 3884 3248 Comi-

542 3284 657 3354 tiis
711 3283 961 3375 posito
1023 3279 1424 3351 Diaetaliter
1476 3277 1873 3352 efformatus
1925 3278 2198 3368 fuisset,
2250 3289 2613 3376 propterea
2667 3287 2896 3352 tamen
2951 3282 3205 3351 mixtae
3261 3282 3526 3374 partim·
3554 3276 3888 3375 Supremi

550 3381 864 3472 Comitis
912 3387 1155 3479 partim
1212 3381 1704 3456 Gubernatoris
1775 3382 2231 3456 Fluminensis
2302 3381 2661 3456 directioni
2722 3371 2947 3472 ‘credi‚
3029 3392 3099 3453 et
3150 3404 3273 3477 per
3325 3382 3393 3453 id
3447 3404 3486 3453 a
3543 3384 3889 3457 sistemali

545 3486 777 3581 Regni
827 3486 1221 3579 Hungariae
1276 3486 1804 3581 manipulatione
1858 3484 2160 3558 abstrahi
2211 3495 2399 3558 tanto
2452 3489 2676 3559 minus
2730 3487 3087 3581 potuisset
3142 3483 3323 3581 quod
3386 3495 3578 3580 parte
3619 3484 3709 3558 ab
3749 3510 3888 3558 una

547 3593 621 3664 in
673 3589 934 3685 Legum
988 3599 1058 3662 et
1100 3592 1353 3680 jurium
1425 3588 1653 3682 Regni
1721 3588 2115 3679 Hungariae
2188 3588 2739 3678 convulsionem,
2811 3598 3001 3684 parte
3073 3587 3159 3658 ab
3232 3588 3446 3660 altera
3505 3591 3576 3661 in
3632 3592 3893 3684 priva-

548 3704 774 3765 torum
826 3694 1357 3785 Regnicolarum
1406 3693 1658 3783 Jurium
1712 3693 2220 3764 insecuritatem
2270 3692 2928 3786 involutionemqne„
2983 3693 3194 3787 ipsius
3235 3701 3459 3763 autem
3498 3688 3896 3765 Comitatus

550 3795 1066 3889 Zagrabiensis,
1147 3794 1568 3876 Diaetalibus
1621 3794 1851 3887 Regni
1927 3792 2228 3888 Legibus
2306 3795 2577 3886 firmati,
2658 3805 2726 3867 et
2796 3798 2908 3866 cui
2970 3817 3095 3890 per
3145 3795 3438 3867 Articuli
3491 3791 3895 3868 57.1647

550 3899 933 3973 Diaetalem
1004 3901 1470 3994 provisionem
1526 3900 1594 3969 in
1637 3898 1945 3988 justitiae
2016 3897 2598 3972 administratione
2672 3898 3024 3990 subjectus
3078 3906 3208 3985 est
3266 3897 3771 4020 praejudicium
3831 3910 3902 3971 et

551 4003 1063 4075 diminutionem
1118 3999 1379 4095 absque
1433 4000 1726 4073 Diaetali
1781 4001 2347 4075 determinatione
2399 3993 2744 4074 tenderet
2767 4013 2839 4074 et
2890 4005 3234 4093 erigetur,
3289 4003 3402 4096 qui
3455 4004 3515 4073 si
3552 4024 3655 4075 ex
3689 4012 3895 4075 tota-

552 4104 728 4180 libus
782 4104 1137 4178 Maritimis
1168 4101 1490 4198 partibus
1545 4102 1670 4178 sub
1725 4106 2002 4176 nomine
2054 4103 3058 4202 Frangepano-Zrinyanorum
3113 4103 3476 4176 Fiscalium
3532 4103 3900 4179 Bonorum

552 4206 1014 4297 venientibus,
1069 4209 1490 4303 pertinentiis
1544 4210 1702 4280 item
1742 4205 2232 4300 Vinodolensis
2277 4208 2669 4298 Districtus‚
2723 4231 2875 4279 cum
2912 4207 3205 4280 Diaetali
3260 4230 3608 4281 concursu
3662 4210 3898 4282 effor-

554 4322 777 4385 matus
831 4311 1102 4399 fuisset,
1174 4312 1392 4383 relate
1443 4311 1529 4383 ad
1583 4310 1975 4407 complures
2029 4310 2255 4405 Regni
2307 4311 2704 4407 Hungariae
2758 4310 3134 4384 Comitatus
3208 4332 3584 4404 congruam
3642 4322 3721 4387 et
3766 4315 3897 4405 ju-

554 4426 732 4490 stam
786 4418 1062 4488 omnino
1102 4412 1476 4487 Comitatus
1530 4418 1727 4487 unius
1783 4417 2261 4487 extensionem
2319 4418 2698 4489 sortiretur.
2748 4413 3043 4491 ,Interim
3094 4437 3250 4486 cum
3285 4412 3670 4490 Comitatus
3709 4416 3898 4489 idem

555 4521 628 4592 in
683 4516 1133 4592 Generalibus
1185 4517 1413 4611 Regni
1469 4516 1801 4606 Comitiis
1855 4521 1924 4590 in
1978 4517 2220 4613 quibus
2276 4517 2361 4591 de
2418 4517 2770 4613 quibusvis
2826 4515 3303 4591 occuribilibus
3358 4521 3894 4594 circumstantiis

558 4621 689 4695 SS.
746 4633 816 4694 et
867 4621 1008 4694 00.
1064 4621 1290 4714 Regni
1344 4620 1560 4693 audiri
1613 4625 2022 4717 potuissent
2077 4629 2388 4693 errectus
2443 4631 2512 4693 et
2563 4621 2775 4715 legali
2828 4644 2950 4696 sua
2989 4622 3362 4693 Activitate
3415 4621 3721 4697 donatus
3761 4646 3896 4695 non

504 4720 513 4728 ’
560 4730 673 4812 sit,
726 4724 1069 4817 MaJestati
1121 4724 1416 4797 Vestrae
1471 4724 1995 4800 sacratissimae
2043 4725 2535 4844 supplicamus,
2589 4725 2905 4817 dignetur
2957 4723 3254 4819 benigne
3311 4728 3377 4797 in
3416 4748 3503 4798 eo
3551 4731 3897 4820 acquies-

562 4851 754 4919 cere,
809 4838 880 4901 ιιι
935 4832 1117 4900 circa
1174 4827 1485 4920 ejusdem
1541 4819 2055 4916 errectionem,
2099 4829 2747 4917 nomenclationem
2821 4832 3298 4902 extensionem
3355 4831 3519 4900 item
3573 4839 3648 4902 et
3699 4829 3898 4903 futu-

559 4955 711 5005 ram
763 4931 1269 5006 subsistentiam
1323 4934 1389 5003 in
1444 4929 1689 5005 iisdem
1754 4929 2205 5004 Generalibus
2273 4931 2499 5024 Regni
2553 4929 2858 5006 Comitiis
2927 4932 3138 5026 legali
3191 4954 3342 5003 cum
3399 4932 3652 5005 effectu
3713 4957 3901 5008 con-

564 5041 899 5117 stituatur,
965 5038 1227 5107 interea
1301 5055 1474 5107 vero
1546 5034 1772 5128 Regni
1838 5045 1906 5106 et
1974 5033 2238 5107 sacrae
2310 5032 2629 5126 Coronae
2682 5038 2775 5107 ita
2828 5045 2899 5108 et
2951 5034 3324 5108 Comitatus
3373 5035 3901 5130 Zagrabiensis,

566 5143 681 5237 qui
734 5161 872 5213 ιιοιι
925 5149 1178 5212 tantum
1234 5136 1717 5210 maritimarum
1769 5141 2082 5233 partium,
2135 5142 2383 5232 vigore
2437 5139 2726 5214 Articuli
2779 5141 2985 5212 etiam
3023 5136 3146 5212 57.
3207 5137 3406 5212 1647
3461 5139 3591 5213 sibi
3641 5142 3902 5236 ingre-

566 5247 948 5333 miatarum,
1004 5265 1128 5338 per
1177 5240 1545 5337 benignam
1599 5242 2090 5316 resolutionem
2145 5244 2770 5339 incorporationem
2824 5252 2894 5316 et
2928 5241 3537 5339 reapplicationem
3572 5265 3720 5319 ιιοιι
3761 5246 3908 5318 ob·

566 5350 762 5437 tinet,
813 5350 1056 5420 verum
1112 5348 1317 5420 etiam
1370 5344 1458 5420 de
1512 5344 1772 5458 reliqna
1827 5342 2197 5421 indubitata
2250 5368 2376 5421 sua
2420 5345 2924 5440 jurisdictione,
3003 5356 3216 5420 totum
3268 5347 3906 5446 transcolapianum
