<?xml version="1.0" encoding="UTF-8"?>
<!DOCTYPE html PUBLIC "-//W3C//DTD XHTML 1.0 Transitional//EN"
    "http://www.w3.org/TR/xhtml1/DTD/xhtml1-transitional.dtd">
<html xmlns="http://www.w3.org/1999/xhtml" xml:lang="en" lang="en">
 <head>
  <title>
</title>
<meta http-equiv="Content-Type" content="text/html;charset=utf-8" />
  <meta name='ocr-system' content='tesseract 3.04.00' />
  <meta name='ocr-capabilities' content='ocr_page ocr_carea ocr_par ocr_line ocrx_word'/>
</head>
<body>
  <div class='ocr_page' id='page_1' title='image "./juraregnicroati00etcgoog/juraregnicroati00etcgoog_0320.png"; bbox 0 0 3950 5917; ppageno 0'>
   <div class='ocr_carea' id='block_1_1' title="bbox 525 433 679 512">
    <p class='ocr_par' dir='ltr' id='par_1_1' title="bbox 525 433 679 512">
     <span class='ocr_line' id='line_1_1' title="bbox 525 433 679 512; baseline -0.013 -2"><span class='ocrx_word' id='word_1_1' title='bbox 525 433 679 512; x_wconf 71' lang='lat'><strong>278</strong></span> 
     </span>
    </p>
   </div>
   <div class='ocr_carea' id='block_1_2' title="bbox 510 640 3812 4170">
    <p class='ocr_par' dir='ltr' id='par_1_2' title="bbox 510 640 3812 4170">
     <span class='ocr_line' id='line_1_2' title="bbox 525 640 3795 739; baseline 0.001 -23"><span class='ocrx_word' id='word_1_2' title='bbox 525 641 696 716; x_wconf 70' lang='lat' dir='ltr'><strong>cm</strong></span> <span class='ocrx_word' id='word_1_3' title='bbox 747 650 975 716; x_wconf 77' lang='lat' dir='ltr'><strong>autem</strong></span> <span class='ocrx_word' id='word_1_4' title='bbox 1028 643 1383 738; x_wconf 83' lang='lat' dir='ltr'><strong>petieritis,</strong></span> <span class='ocrx_word' id='word_1_5' title='bbox 1437 649 1517 714; x_wconf 82' lang='lat' dir='ltr'><strong>vt</strong></span> <span class='ocrx_word' id='word_1_6' title='bbox 1562 661 1697 714; x_wconf 79' lang='lat' dir='ltr'><strong>vos</strong></span> <span class='ocrx_word' id='word_1_7' title='bbox 1749 640 1968 714; x_wconf 87' lang='lat' dir='ltr'><strong>latere</strong></span> <span class='ocrx_word' id='word_1_8' title='bbox 2019 661 2160 714; x_wconf 88' lang='lat' dir='ltr'><strong>non</strong></span> <span class='ocrx_word' id='word_1_9' title='bbox 2211 643 2584 737; x_wconf 81' lang='lat' dir='ltr'><strong>paciamur,</strong></span> <span class='ocrx_word' id='word_1_10' title='bbox 2635 643 2700 716; x_wconf 85' lang='lat' dir='ltr'><strong>si</strong></span> <span class='ocrx_word' id='word_1_11' title='bbox 2753 640 2912 739; x_wconf 86' lang='lat' dir='ltr'><strong>qnid</strong></span> <span class='ocrx_word' id='word_1_12' title='bbox 2963 664 3091 737; x_wconf 78' lang='lat' dir='ltr'><strong>pro</strong></span> <span class='ocrx_word' id='word_1_13' title='bbox 3145 641 3438 716; x_wconf 85' lang='lat' dir='ltr'><strong>comodo</strong></span> <span class='ocrx_word' id='word_1_14' title='bbox 3488 653 3555 716; x_wconf 85' lang='lat' dir='ltr'><strong>et</strong></span> <span class='ocrx_word' id='word_1_15' title='bbox 3587 642 3795 720; x_wconf 59' lang='lat' dir='ltr'><strong>subsit-</strong></span> 
     </span>
     <span class='ocr_line' id='line_1_3' title="bbox 523 742 3800 842; baseline 0.001 -22"><span class='ocrx_word' id='word_1_16' title='bbox 523 745 640 820; x_wconf 79' lang='lat' dir='ltr'><strong>dio</strong></span> <span class='ocrx_word' id='word_1_17' title='bbox 690 744 919 840; x_wconf 79' lang='lat' dir='ltr'><strong>Regni</strong></span> <span class='ocrx_word' id='word_1_18' title='bbox 968 747 1164 819; x_wconf 85' lang='lat' dir='ltr'><strong>istius</strong></span> <span class='ocrx_word' id='word_1_19' title='bbox 1215 747 1434 818; x_wconf 77' lang='lat' dir='ltr'><strong>nostri</strong></span> <span class='ocrx_word' id='word_1_20' title='bbox 1485 742 1883 836; x_wconf 85' lang='lat' dir='ltr'><strong>fecerimus,</strong></span> <span class='ocrx_word' id='word_1_21' title='bbox 1935 743 2204 818; x_wconf 89' lang='lat' dir='ltr'><strong>Idcirco</strong></span> <span class='ocrx_word' id='word_1_22' title='bbox 2239 743 2459 819; x_wconf 89' lang='lat' dir='ltr'><strong>Vobis</strong></span> <span class='ocrx_word' id='word_1_23' title='bbox 2511 745 2887 819; x_wconf 77' lang='lat' dir='ltr'><strong>clanenter</strong></span> <span class='ocrx_word' id='word_1_24' title='bbox 2937 744 3450 841; x_wconf 74' lang='lat' dir='ltr'><strong>significandum</strong></span> <span class='ocrx_word' id='word_1_25' title='bbox 3489 747 3800 842; x_wconf 78' lang='lat' dir='ltr'><strong>duximus,</strong></span> 
     </span>
     <span class='ocr_line' id='line_1_4' title="bbox 522 848 3796 946; baseline 0.001 -22"><span class='ocrx_word' id='word_1_26' title='bbox 522 849 675 924; x_wconf 78' lang='lat' dir='ltr'><strong>Nos</strong></span> <span class='ocrx_word' id='word_1_27' title='bbox 723 849 889 924; x_wconf 81' lang='lat' dir='ltr'><strong>nibil</strong></span> <span class='ocrx_word' id='word_1_28' title='bbox 937 852 1160 943; x_wconf 78' lang='lat' dir='ltr'><strong>magis</strong></span> <span class='ocrx_word' id='word_1_29' title='bbox 1216 870 1461 922; x_wconf 80' lang='lat' dir='ltr'><strong>curare</strong></span> <span class='ocrx_word' id='word_1_30' title='bbox 1514 860 1587 922; x_wconf 83' lang='lat' dir='ltr'><strong>et</strong></span> <span class='ocrx_word' id='word_1_31' title='bbox 1636 870 1878 943; x_wconf 85' lang='lat' dir='ltr'><strong>agere,</strong></span> <span class='ocrx_word' id='word_1_32' title='bbox 1930 870 2132 944; x_wconf 87' lang='lat' dir='ltr'><strong>quam</strong></span> <span class='ocrx_word' id='word_1_33' title='bbox 2186 849 2369 944; x_wconf 87' lang='lat' dir='ltr'><strong>quod</strong></span> <span class='ocrx_word' id='word_1_34' title='bbox 2409 872 2452 922; x_wconf 81' lang='lat' dir='ltr'><strong>a</strong></span> <span class='ocrx_word' id='word_1_35' title='bbox 2485 848 2712 944; x_wconf 83' lang='lat' dir='ltr'><strong>Regni</strong></span> <span class='ocrx_word' id='word_1_36' title='bbox 2752 848 2972 925; x_wconf 87' lang='lat' dir='ltr'><strong>Huius</strong></span> <span class='ocrx_word' id='word_1_37' title='bbox 3021 854 3241 925; x_wconf 84' lang='lat' dir='ltr'><strong>nostri</strong></span> <span class='ocrx_word' id='word_1_38' title='bbox 3272 849 3591 923; x_wconf 84' lang='lat' dir='ltr'><strong>Bobemie</strong></span> <span class='ocrx_word' id='word_1_39' title='bbox 3621 852 3796 946; x_wconf 63' lang='lat' dir='ltr'><strong>alijsss</strong></span> 
     </span>
     <span class='ocr_line' id='line_1_5' title="bbox 526 951 3804 1050; baseline 0.001 -22"><span class='ocrx_word' id='word_1_40' title='bbox 526 976 663 1049; x_wconf 78' lang='lat' dir='ltr'><strong>qne</strong></span> <span class='ocrx_word' id='word_1_41' title='bbox 732 955 1233 1050; x_wconf 79' lang='lat' dir='ltr'><strong>prouinciarum</strong></span> <span class='ocrx_word' id='word_1_42' title='bbox 1314 961 1701 1026; x_wconf 83' lang='lat' dir='ltr'><strong>nostrarum</strong></span> <span class='ocrx_word' id='word_1_43' title='bbox 1754 951 2041 1027; x_wconf 84' lang='lat' dir='ltr'><strong>subditis</strong></span> <span class='ocrx_word' id='word_1_44' title='bbox 2111 953 2363 1026; x_wconf 65' lang='lat' dir='ltr'><strong>suffia</strong></span> <span class='ocrx_word' id='word_1_45' title='bbox 2432 952 2662 1027; x_wconf 75' lang='lat' dir='ltr'><strong>valida</strong></span> <span class='ocrx_word' id='word_1_46' title='bbox 2715 964 2787 1026; x_wconf 74' lang='lat' dir='ltr'><strong>at</strong></span> <span class='ocrx_word' id='word_1_47' title='bbox 2835 957 3189 1050; x_wconf 79' lang='lat' dir='ltr'><strong>repentina</strong></span> <span class='ocrx_word' id='word_1_48' title='bbox 3243 953 3674 1046; x_wconf 80' lang='lat' dir='ltr'><strong>obtineamus,</strong></span> <span class='ocrx_word' id='word_1_49' title='bbox 3740 965 3804 1030; x_wconf 85' lang='lat' dir='ltr'><strong>et</strong></span> 
     </span>
     <span class='ocr_line' id='line_1_6' title="bbox 526 1055 3801 1154; baseline 0 -23"><span class='ocrx_word' id='word_1_50' title='bbox 526 1056 802 1132; x_wconf 83' lang='lat' dir='ltr'><strong>obtenta</strong></span> <span class='ocrx_word' id='word_1_51' title='bbox 854 1059 927 1130; x_wconf 82' lang='lat' dir='ltr'><strong>in</strong></span> <span class='ocrx_word' id='word_1_52' title='bbox 971 1055 1199 1152; x_wconf 80' lang='lat' dir='ltr'><strong>Regni</strong></span> <span class='ocrx_word' id='word_1_53' title='bbox 1266 1060 1484 1132; x_wconf 79' lang='lat' dir='ltr'><strong>nostri</strong></span> <span class='ocrx_word' id='word_1_54' title='bbox 1550 1056 1903 1151; x_wconf 76' lang='lat' dir='ltr'><strong>Hungarie</strong></span> <span class='ocrx_word' id='word_1_55' title='bbox 1968 1061 2608 1152; x_wconf 72' lang='lat' dir='ltr'><strong>recuperacionem,</strong></span> <span class='ocrx_word' id='word_1_56' title='bbox 2685 1061 3123 1154; x_wconf 71' lang='lat' dir='ltr'><strong>paroimqne</strong></span> <span class='ocrx_word' id='word_1_57' title='bbox 3191 1058 3396 1146; x_wconf 85' lang='lat' dir='ltr'><strong>illius,</strong></span> <span class='ocrx_word' id='word_1_58' title='bbox 3469 1067 3538 1131; x_wconf 83' lang='lat' dir='ltr'><strong>ct</strong></span> <span class='ocrx_word' id='word_1_59' title='bbox 3581 1057 3801 1154; x_wconf 83' lang='lat' dir='ltr'><strong>prefati</strong></span> 
     </span>
     <span class='ocr_line' id='line_1_7' title="bbox 521 1157 3800 1258; baseline 0 -23"><span class='ocrx_word' id='word_1_60' title='bbox 521 1161 749 1256; x_wconf 78' lang='lat' dir='ltr'><strong>Regni</strong></span> <span class='ocrx_word' id='word_1_61' title='bbox 799 1164 1019 1236; x_wconf 76' lang='lat' dir='ltr'><strong>nostri</strong></span> <span class='ocrx_word' id='word_1_62' title='bbox 1072 1157 1364 1234; x_wconf 62' lang='lat' dir='ltr'><strong>&amp;cacia</strong></span> <span class='ocrx_word' id='word_1_63' title='bbox 1417 1159 1895 1235; x_wconf 75' lang='lat' dir='ltr'><strong>defensionem</strong></span> <span class='ocrx_word' id='word_1_64' title='bbox 1950 1159 2393 1238; x_wconf 80' lang='lat' dir='ltr'><strong>destinemus.</strong></span> <span class='ocrx_word' id='word_1_65' title='bbox 2465 1159 2946 1236; x_wconf 81' lang='lat' dir='ltr'><strong>Commisimus</strong></span> <span class='ocrx_word' id='word_1_66' title='bbox 2997 1166 3187 1251; x_wconf 78' lang='lat' dir='ltr'><strong>itan,</strong></span> <span class='ocrx_word' id='word_1_67' title='bbox 3241 1174 3315 1236; x_wconf 87' lang='lat' dir='ltr'><strong>ut</strong></span> <span class='ocrx_word' id='word_1_68' title='bbox 3357 1184 3507 1236; x_wconf 84' lang='lat' dir='ltr'><strong>cum</strong></span> <span class='ocrx_word' id='word_1_69' title='bbox 3541 1165 3800 1258; x_wconf 84' lang='lat' dir='ltr'><strong>prouin-</strong></span> 
     </span>
     <span class='ocr_line' id='line_1_8' title="bbox 524 1261 3804 1359; baseline -0.001 -19"><span class='ocrx_word' id='word_1_70' title='bbox 524 1268 783 1340; x_wconf 73' lang='lat' dir='ltr'><strong>ciarum</strong></span> <span class='ocrx_word' id='word_1_71' title='bbox 836 1273 1221 1340; x_wconf 79' lang='lat' dir='ltr'><strong>nostrarum</strong></span> <span class='ocrx_word' id='word_1_72' title='bbox 1275 1262 1509 1356; x_wconf 84' lang='lat' dir='ltr'><strong>Stiria,</strong></span> <span class='ocrx_word' id='word_1_73' title='bbox 1583 1263 1954 1355; x_wconf 80' lang='lat' dir='ltr'><strong>Carintbie,</strong></span> <span class='ocrx_word' id='word_1_74' title='bbox 2031 1261 2376 1338; x_wconf 72' lang='lat' dir='ltr'><strong>Gal-niolio</strong></span> <span class='ocrx_word' id='word_1_75' title='bbox 2424 1274 2496 1338; x_wconf 84' lang='lat' dir='ltr'><strong>et</strong></span> <span class='ocrx_word' id='word_1_76' title='bbox 2543 1263 2840 1339; x_wconf 76' lang='lat' dir='ltr'><strong>Groacic</strong></span> <span class='ocrx_word' id='word_1_77' title='bbox 2891 1266 3145 1339; x_wconf 80' lang='lat' dir='ltr'><strong>Incolis</strong></span> <span class='ocrx_word' id='word_1_78' title='bbox 3201 1269 3423 1340; x_wconf 81' lang='lat' dir='ltr'><strong>statim</strong></span> <span class='ocrx_word' id='word_1_79' title='bbox 3475 1277 3700 1359; x_wconf 74' lang='lat' dir='ltr'><strong>agatur</strong></span> <span class='ocrx_word' id='word_1_80' title='bbox 3743 1276 3804 1339; x_wconf 88' lang='lat' dir='ltr'><strong>et</strong></span> 
     </span>
     <span class='ocr_line' id='line_1_9' title="bbox 519 1367 3805 1466; baseline -0 -22"><span class='ocrx_word' id='word_1_81' title='bbox 519 1377 875 1460; x_wconf 80' lang='lat' dir='ltr'><strong>tractetur,</strong></span> <span class='ocrx_word' id='word_1_82' title='bbox 942 1378 1022 1442; x_wconf 80' lang='lat' dir='ltr'><strong>vt</strong></span> <span class='ocrx_word' id='word_1_83' title='bbox 1072 1378 1317 1464; x_wconf 81' lang='lat' dir='ltr'><strong>gentes</strong></span> <span class='ocrx_word' id='word_1_84' title='bbox 1373 1369 1600 1465; x_wconf 85' lang='lat' dir='ltr'><strong>alique</strong></span> <span class='ocrx_word' id='word_1_85' title='bbox 1652 1367 2144 1458; x_wconf 80' lang='lat' dir='ltr'><strong>conducantur,</strong></span> <span class='ocrx_word' id='word_1_86' title='bbox 2215 1379 2286 1442; x_wconf 86' lang='lat' dir='ltr'><strong>et</strong></span> <span class='ocrx_word' id='word_1_87' title='bbox 2337 1375 2409 1442; x_wconf 91' lang='lat' dir='ltr'><strong>in</strong></span> <span class='ocrx_word' id='word_1_88' title='bbox 2460 1368 2754 1443; x_wconf 85' lang='lat' dir='ltr'><strong>confinia</strong></span> <span class='ocrx_word' id='word_1_89' title='bbox 2820 1369 3108 1466; x_wconf 75' lang='lat' dir='ltr'><strong>predicti</strong></span> <span class='ocrx_word' id='word_1_90' title='bbox 3158 1369 3408 1464; x_wconf 81' lang='lat' dir='ltr'><strong>Regni,</strong></span> <span class='ocrx_word' id='word_1_91' title='bbox 3475 1370 3562 1442; x_wconf 82' lang='lat' dir='ltr'><strong>ad</strong></span> <span class='ocrx_word' id='word_1_92' title='bbox 3610 1391 3805 1443; x_wconf 74' lang='lat' dir='ltr'><strong>aner·-</strong></span> 
     </span>
     <span class='ocr_line' id='line_1_10' title="bbox 520 1471 3806 1571; baseline -0 -23"><span class='ocrx_word' id='word_1_93' title='bbox 520 1472 801 1548; x_wconf 81' lang='lat' dir='ltr'><strong>tendum</strong></span> <span class='ocrx_word' id='word_1_94' title='bbox 852 1481 929 1545; x_wconf 89' lang='lat' dir='ltr'><strong>et</strong></span> <span class='ocrx_word' id='word_1_95' title='bbox 992 1471 1502 1569; x_wconf 85' lang='lat' dir='ltr'><strong>pracanendnm</strong></span> <span class='ocrx_word' id='word_1_96' title='bbox 1585 1471 2005 1546; x_wconf 89' lang='lat' dir='ltr'><strong>Tburcorum</strong></span> <span class='ocrx_word' id='word_1_97' title='bbox 2078 1472 2406 1547; x_wconf 79' lang='lat' dir='ltr'><strong>Insultnm</strong></span> <span class='ocrx_word' id='word_1_98' title='bbox 2479 1473 2963 1570; x_wconf 78' lang='lat' dir='ltr'><strong>disponantur3</strong></span> <span class='ocrx_word' id='word_1_99' title='bbox 3033 1473 3337 1561; x_wconf 84' lang='lat' dir='ltr'><strong>Quorum</strong></span> <span class='ocrx_word' id='word_1_100' title='bbox 3409 1472 3806 1571; x_wconf 77' lang='lat' dir='ltr'><strong>Capetanens</strong></span> 
     </span>
     <span class='ocr_line' id='line_1_11' title="bbox 518 1575 3803 1675; baseline -0.001 -24"><span class='ocrx_word' id='word_1_101' title='bbox 518 1580 652 1654; x_wconf 86' lang='lat' dir='ltr'><strong>erit</strong></span> <span class='ocrx_word' id='word_1_102' title='bbox 684 1576 1034 1673; x_wconf 76' lang='lat' dir='ltr'><strong>Egregius</strong></span> <span class='ocrx_word' id='word_1_103' title='bbox 1086 1575 1309 1651; x_wconf 83' lang='lat' dir='ltr'><strong>fidelis</strong></span> <span class='ocrx_word' id='word_1_104' title='bbox 1358 1576 1562 1652; x_wconf 86' lang='lat' dir='ltr'><strong>nobis</strong></span> <span class='ocrx_word' id='word_1_105' title='bbox 1610 1575 1901 1652; x_wconf 86' lang='lat' dir='ltr'><strong>dilectus</strong></span> <span class='ocrx_word' id='word_1_106' title='bbox 1951 1575 2251 1652; x_wconf 79' lang='lat' dir='ltr'><strong>Ioannes</strong></span> <span class='ocrx_word' id='word_1_107' title='bbox 2288 1575 2692 1666; x_wconf 75' lang='lat' dir='ltr'><strong>Gaczianer,</strong></span> <span class='ocrx_word' id='word_1_108' title='bbox 2745 1577 2904 1667; x_wconf 82' lang='lat' dir='ltr'><strong>Qui,</strong></span> <span class='ocrx_word' id='word_1_109' title='bbox 2955 1582 3058 1652; x_wconf 81' lang='lat' dir='ltr'><strong>vti</strong></span> <span class='ocrx_word' id='word_1_110' title='bbox 3100 1600 3480 1675; x_wconf 83' lang='lat' dir='ltr'><strong>speramus,</strong></span> <span class='ocrx_word' id='word_1_111' title='bbox 3533 1576 3803 1650; x_wconf 76' lang='lat' dir='ltr'><strong>difficul-</strong></span> 
     </span>
     <span class='ocr_line' id='line_1_12' title="bbox 516 1679 3802 1778; baseline 0 -25"><span class='ocrx_word' id='word_1_112' title='bbox 516 1690 701 1755; x_wconf 84' lang='lat' dir='ltr'><strong>tates</strong></span> <span class='ocrx_word' id='word_1_113' title='bbox 770 1689 845 1756; x_wconf 81' lang='lat' dir='ltr'><strong>et</strong></span> <span class='ocrx_word' id='word_1_114' title='bbox 907 1681 1210 1777; x_wconf 79' lang='lat' dir='ltr'><strong>pericula</strong></span> <span class='ocrx_word' id='word_1_115' title='bbox 1279 1683 1348 1754; x_wconf 90' lang='lat' dir='ltr'><strong>in</strong></span> <span class='ocrx_word' id='word_1_116' title='bbox 1404 1679 1654 1754; x_wconf 85' lang='lat' dir='ltr'><strong>eodem</strong></span> <span class='ocrx_word' id='word_1_117' title='bbox 1721 1680 1971 1778; x_wconf 79' lang='lat' dir='ltr'><strong>Regno</strong></span> <span class='ocrx_word' id='word_1_118' title='bbox 2040 1684 2363 1775; x_wconf 75' lang='lat' dir='ltr'><strong>vigencia</strong></span> <span class='ocrx_word' id='word_1_119' title='bbox 2411 1685 2485 1755; x_wconf 89' lang='lat' dir='ltr'><strong>in</strong></span> <span class='ocrx_word' id='word_1_120' title='bbox 2533 1682 2779 1757; x_wconf 87' lang='lat' dir='ltr'><strong>melius</strong></span> <span class='ocrx_word' id='word_1_121' title='bbox 2847 1682 3160 1775; x_wconf 82' lang='lat' dir='ltr'><strong>reducet,</strong></span> <span class='ocrx_word' id='word_1_122' title='bbox 3228 1705 3314 1755; x_wconf 91' lang='lat' dir='ltr'><strong>ac</strong></span> <span class='ocrx_word' id='word_1_123' title='bbox 3363 1680 3600 1756; x_wconf 86' lang='lat' dir='ltr'><strong>fideles</strong></span> <span class='ocrx_word' id='word_1_124' title='bbox 3646 1681 3802 1753; x_wconf 87' lang='lat' dir='ltr'><strong>illins</strong></span> 
     </span>
     <span class='ocr_line' id='line_1_13' title="bbox 518 1782 3801 1884; baseline -0.001 -24"><span class='ocrx_word' id='word_1_125' title='bbox 518 1783 833 1860; x_wconf 83' lang='lat' dir='ltr'><strong>subditos</strong></span> <span class='ocrx_word' id='word_1_126' title='bbox 883 1782 968 1858; x_wconf 89' lang='lat' dir='ltr'><strong>ab</strong></span> <span class='ocrx_word' id='word_1_127' title='bbox 1021 1783 1387 1859; x_wconf 80' lang='lat' dir='ltr'><strong>Innasione</strong></span> <span class='ocrx_word' id='word_1_128' title='bbox 1458 1782 1820 1875; x_wconf 83' lang='lat' dir='ltr'><strong>custodiet,</strong></span> <span class='ocrx_word' id='word_1_129' title='bbox 1891 1795 1964 1859; x_wconf 91' lang='lat' dir='ltr'><strong>et</strong></span> <span class='ocrx_word' id='word_1_130' title='bbox 2013 1788 2081 1859; x_wconf 88' lang='lat' dir='ltr'><strong>in</strong></span> <span class='ocrx_word' id='word_1_131' title='bbox 2133 1808 2311 1881; x_wconf 79' lang='lat' dir='ltr'><strong>pace</strong></span> <span class='ocrx_word' id='word_1_132' title='bbox 2364 1795 2434 1858; x_wconf 89' lang='lat' dir='ltr'><strong>et</strong></span> <span class='ocrx_word' id='word_1_133' title='bbox 2482 1785 2960 1882; x_wconf 69' lang='lat' dir='ltr'><strong>tranquillitate</strong></span> <span class='ocrx_word' id='word_1_134' title='bbox 3023 1790 3306 1884; x_wconf 82' lang='lat' dir='ltr'><strong>pristina</strong></span> <span class='ocrx_word' id='word_1_135' title='bbox 3379 1784 3801 1861; x_wconf 84' lang='lat' dir='ltr'><strong>conseruabit.</strong></span> 
     </span>
     <span class='ocr_line' id='line_1_14' title="bbox 518 1886 3807 1987; baseline -0 -25"><span class='ocrx_word' id='word_1_136' title='bbox 518 1887 597 1962; x_wconf 87' lang='lat' dir='ltr'><strong>ln</strong></span> <span class='ocrx_word' id='word_1_137' title='bbox 633 1887 928 1964; x_wconf 85' lang='lat' dir='ltr'><strong>aduentu</strong></span> <span class='ocrx_word' id='word_1_138' title='bbox 962 1909 1139 1964; x_wconf 76' lang='lat' dir='ltr'><strong>vero</strong></span> <span class='ocrx_word' id='word_1_139' title='bbox 1173 1887 1553 1964; x_wconf 69' lang='lat' dir='ltr'><strong>Maiestatis</strong></span> <span class='ocrx_word' id='word_1_140' title='bbox 1590 1886 1924 1982; x_wconf 83' lang='lat' dir='ltr'><strong>Cesarea,</strong></span> <span class='ocrx_word' id='word_1_141' title='bbox 1976 1911 2112 1984; x_wconf 86' lang='lat' dir='ltr'><strong>que</strong></span> <span class='ocrx_word' id='word_1_142' title='bbox 2146 1893 2320 1962; x_wconf 88' lang='lat' dir='ltr'><strong>intra</strong></span> <span class='ocrx_word' id='word_1_143' title='bbox 2356 1892 2811 1987; x_wconf 81' lang='lat' dir='ltr'><strong>paucissimos</strong></span> <span class='ocrx_word' id='word_1_144' title='bbox 2861 1888 3012 1966; x_wconf 79' lang='lat' dir='ltr'><strong>dias</strong></span> <span class='ocrx_word' id='word_1_145' title='bbox 3053 1889 3489 1964; x_wconf 78' lang='lat' dir='ltr'><strong>Germaniam</strong></span> <span class='ocrx_word' id='word_1_146' title='bbox 3537 1886 3807 1977; x_wconf 80' lang='lat' dir='ltr'><strong>intrabit,</strong></span> 
     </span>
     <span class='ocr_line' id='line_1_15' title="bbox 519 1991 3802 2092; baseline -0 -26"><span class='ocrx_word' id='word_1_147' title='bbox 519 2002 592 2066; x_wconf 86' lang='lat' dir='ltr'><strong>et</strong></span> <span class='ocrx_word' id='word_1_148' title='bbox 640 1995 712 2066; x_wconf 78' lang='lat' dir='ltr'><strong>iu</strong></span> <span class='ocrx_word' id='word_1_149' title='bbox 759 2015 891 2088; x_wconf 74' lang='lat' dir='ltr'><strong>qua</strong></span> <span class='ocrx_word' id='word_1_150' title='bbox 940 1991 1090 2068; x_wconf 81' lang='lat' dir='ltr'><strong>Nos</strong></span> <span class='ocrx_word' id='word_1_151' title='bbox 1145 1995 1365 2068; x_wconf 85' lang='lat' dir='ltr'><strong>eciam</strong></span> <span class='ocrx_word' id='word_1_152' title='bbox 1399 1991 1555 2066; x_wconf 89' lang='lat' dir='ltr'><strong>Deo</strong></span> <span class='ocrx_word' id='word_1_153' title='bbox 1591 1993 1873 2068; x_wconf 82' lang='lat' dir='ltr'><strong>volente</strong></span> <span class='ocrx_word' id='word_1_154' title='bbox 1925 1996 2339 2089; x_wconf 81' lang='lat' dir='ltr'><strong>coniungem</strong></span> <span class='ocrx_word' id='word_1_155' title='bbox 2358 2049 2377 2067; x_wconf 92' lang='lat'><strong>.</strong></span> <span class='ocrx_word' id='word_1_156' title='bbox 2396 2048 2416 2067; x_wconf 92' lang='lat'><strong>.</strong></span> <span class='ocrx_word' id='word_1_157' title='bbox 2462 1992 2712 2067; x_wconf 72' lang='lat' dir='ltr'><strong>bonan</strong></span> <span class='ocrx_word' id='word_1_158' title='bbox 2747 1993 3045 2090; x_wconf 76' lang='lat' dir='ltr'><strong>peditum</strong></span> <span class='ocrx_word' id='word_1_159' title='bbox 3077 1994 3533 2092; x_wconf 73' lang='lat' dir='ltr'><strong>Hispanorum</strong></span> <span class='ocrx_word' id='word_1_160' title='bbox 3568 1991 3802 2066; x_wconf 83' lang='lat' dir='ltr'><strong>Archi·-</strong></span> 
     </span>
     <span class='ocr_line' id='line_1_16' title="bbox 515 2094 3807 2195; baseline -0.001 -25"><span class='ocrx_word' id='word_1_161' title='bbox 515 2094 943 2170; x_wconf 87' lang='lat' dir='ltr'><strong>bnseriorum</strong></span> <span class='ocrx_word' id='word_1_162' title='bbox 996 2107 1283 2193; x_wconf 88' lang='lat' dir='ltr'><strong>partem,</strong></span> <span class='ocrx_word' id='word_1_163' title='bbox 1338 2099 1694 2191; x_wconf 90' lang='lat' dir='ltr'><strong>pociorum</strong></span> <span class='ocrx_word' id='word_1_164' title='bbox 1747 2097 2013 2172; x_wconf 84' lang='lat' dir='ltr'><strong>scilicet</strong></span> <span class='ocrx_word' id='word_1_165' title='bbox 2066 2106 2136 2170; x_wconf 88' lang='lat' dir='ltr'><strong>et</strong></span> <span class='ocrx_word' id='word_1_166' title='bbox 2185 2100 2407 2192; x_wconf 82' lang='lat' dir='ltr'><strong>magis</strong></span> <span class='ocrx_word' id='word_1_167' title='bbox 2479 2101 3036 2189; x_wconf 81' lang='lat' dir='ltr'><strong>exercitatorum,</strong></span> <span class='ocrx_word' id='word_1_168' title='bbox 3102 2109 3590 2195; x_wconf 75' lang='lat' dir='ltr'><strong>expectamus3</strong></span> <span class='ocrx_word' id='word_1_169' title='bbox 3636 2096 3807 2185; x_wconf 80' lang='lat' dir='ltr'><strong>Quos</strong></span> 
     </span>
     <span class='ocr_line' id='line_1_17' title="bbox 518 2199 3805 2299; baseline -0 -27"><span class='ocrx_word' id='word_1_170' title='bbox 518 2201 701 2273; x_wconf 89' lang='lat' dir='ltr'><strong>illico</strong></span> <span class='ocrx_word' id='word_1_171' title='bbox 757 2199 844 2273; x_wconf 90' lang='lat' dir='ltr'><strong>ad</strong></span> <span class='ocrx_word' id='word_1_172' title='bbox 880 2199 1107 2294; x_wconf 83' lang='lat' dir='ltr'><strong>Regni</strong></span> <span class='ocrx_word' id='word_1_173' title='bbox 1159 2204 1376 2274; x_wconf 83' lang='lat' dir='ltr'><strong>nostri</strong></span> <span class='ocrx_word' id='word_1_174' title='bbox 1411 2200 1761 2295; x_wconf 81' lang='lat' dir='ltr'><strong>Hungarie</strong></span> <span class='ocrx_word' id='word_1_175' title='bbox 1815 2200 2053 2275; x_wconf 89' lang='lat' dir='ltr'><strong>sedem</strong></span> <span class='ocrx_word' id='word_1_176' title='bbox 2107 2201 2594 2274; x_wconf 80' lang='lat' dir='ltr'><strong>restituendam</strong></span> <span class='ocrx_word' id='word_1_177' title='bbox 2647 2205 3027 2293; x_wconf 84' lang='lat' dir='ltr'><strong>mittemus3</strong></span> <span class='ocrx_word' id='word_1_178' title='bbox 3078 2202 3321 2299; x_wconf 84' lang='lat' dir='ltr'><strong>hisque</strong></span> <span class='ocrx_word' id='word_1_179' title='bbox 3376 2206 3594 2275; x_wconf 87' lang='lat' dir='ltr'><strong>eciam</strong></span> <span class='ocrx_word' id='word_1_180' title='bbox 3641 2221 3805 2294; x_wconf 79' lang='lat' dir='ltr'><strong>gen·-</strong></span> 
     </span>
     <span class='ocr_line' id='line_1_18' title="bbox 516 2303 3807 2403; baseline -0.001 -26"><span class='ocrx_word' id='word_1_181' title='bbox 516 2314 624 2379; x_wconf 89' lang='lat' dir='ltr'><strong>tes</strong></span> <span class='ocrx_word' id='word_1_182' title='bbox 675 2308 747 2377; x_wconf 90' lang='lat' dir='ltr'><strong>in</strong></span> <span class='ocrx_word' id='word_1_183' title='bbox 798 2303 1044 2379; x_wconf 88' lang='lat' dir='ltr'><strong>eodem</strong></span> <span class='ocrx_word' id='word_1_184' title='bbox 1097 2303 1343 2399; x_wconf 84' lang='lat' dir='ltr'><strong>Regno</strong></span> <span class='ocrx_word' id='word_1_185' title='bbox 1413 2307 1602 2400; x_wconf 90' lang='lat' dir='ltr'><strong>prius</strong></span> <span class='ocrx_word' id='word_1_186' title='bbox 1675 2307 2058 2379; x_wconf 83' lang='lat' dir='ltr'><strong>existentes</strong></span> <span class='ocrx_word' id='word_1_187' title='bbox 2131 2327 2285 2377; x_wconf 89' lang='lat' dir='ltr'><strong>cum</strong></span> <span class='ocrx_word' id='word_1_188' title='bbox 2338 2306 2493 2398; x_wconf 87' lang='lat' dir='ltr'><strong>alijs</strong></span> <span class='ocrx_word' id='word_1_189' title='bbox 2544 2309 2746 2381; x_wconf 91' lang='lat' dir='ltr'><strong>nouis</strong></span> <span class='ocrx_word' id='word_1_190' title='bbox 2815 2305 3381 2403; x_wconf 87' lang='lat' dir='ltr'><strong>superaddemus,</strong></span> <span class='ocrx_word' id='word_1_191' title='bbox 3462 2323 3807 2398; x_wconf 82' lang='lat' dir='ltr'><strong>eorumque</strong></span> 
     </span>
     <span class='ocr_line' id='line_1_19' title="bbox 513 2406 3803 2507; baseline -0.001 -25"><span class='ocrx_word' id='word_1_192' title='bbox 513 2408 741 2482; x_wconf 86' lang='lat' dir='ltr'><strong>medio</strong></span> <span class='ocrx_word' id='word_1_193' title='bbox 796 2417 868 2481; x_wconf 91' lang='lat' dir='ltr'><strong>et</strong></span> <span class='ocrx_word' id='word_1_194' title='bbox 918 2430 1129 2505; x_wconf 87' lang='lat' dir='ltr'><strong>opera</strong></span> <span class='ocrx_word' id='word_1_195' title='bbox 1180 2411 1465 2505; x_wconf 80' lang='lat' dir='ltr'><strong>pociora</strong></span> <span class='ocrx_word' id='word_1_196' title='bbox 1517 2406 1745 2503; x_wconf 84' lang='lat' dir='ltr'><strong>Regni</strong></span> <span class='ocrx_word' id='word_1_197' title='bbox 1813 2408 1967 2481; x_wconf 90' lang='lat' dir='ltr'><strong>loca</strong></span> <span class='ocrx_word' id='word_1_198' title='bbox 2025 2417 2095 2480; x_wconf 89' lang='lat' dir='ltr'><strong>et</strong></span> <span class='ocrx_word' id='word_1_199' title='bbox 2144 2409 2433 2505; x_wconf 85' lang='lat' dir='ltr'><strong>reliqua,</strong></span> <span class='ocrx_word' id='word_1_200' title='bbox 2507 2431 2642 2506; x_wconf 81' lang='lat' dir='ltr'><strong>que</strong></span> <span class='ocrx_word' id='word_1_201' title='bbox 2691 2431 2820 2506; x_wconf 89' lang='lat' dir='ltr'><strong>per</strong></span> <span class='ocrx_word' id='word_1_202' title='bbox 2870 2412 3252 2506; x_wconf 82' lang='lat' dir='ltr'><strong>angustiam</strong></span> <span class='ocrx_word' id='word_1_203' title='bbox 3322 2411 3647 2507; x_wconf 89' lang='lat' dir='ltr'><strong>temporis</strong></span> <span class='ocrx_word' id='word_1_204' title='bbox 3693 2428 3803 2479; x_wconf 87' lang='lat' dir='ltr'><strong>re-</strong></span> 
     </span>
     <span class='ocr_line' id='line_1_20' title="bbox 513 2508 3807 2608; baseline -0.001 -23"><span class='ocrx_word' id='word_1_205' title='bbox 513 2515 738 2608; x_wconf 87' lang='lat' dir='ltr'><strong>parari</strong></span> <span class='ocrx_word' id='word_1_206' title='bbox 785 2520 1125 2607; x_wconf 88' lang='lat' dir='ltr'><strong>poterunt,</strong></span> <span class='ocrx_word' id='word_1_207' title='bbox 1195 2533 1609 2608; x_wconf 88' lang='lat' dir='ltr'><strong>recuperare</strong></span> <span class='ocrx_word' id='word_1_208' title='bbox 1663 2521 1734 2584; x_wconf 87' lang='lat' dir='ltr'><strong>et</strong></span> <span class='ocrx_word' id='word_1_209' title='bbox 1782 2508 2151 2607; x_wconf 86' lang='lat' dir='ltr'><strong>pacificare</strong></span> <span class='ocrx_word' id='word_1_210' title='bbox 2201 2511 2649 2603; x_wconf 72' lang='lat' dir='ltr'><strong>studebimus,</strong></span> <span class='ocrx_word' id='word_1_211' title='bbox 2727 2514 2954 2587; x_wconf 90' lang='lat' dir='ltr'><strong>donec</strong></span> <span class='ocrx_word' id='word_1_212' title='bbox 3005 2516 3139 2587; x_wconf 90' lang='lat' dir='ltr'><strong>alia</strong></span> <span class='ocrx_word' id='word_1_213' title='bbox 3192 2513 3493 2589; x_wconf 89' lang='lat' dir='ltr'><strong>subsidia</strong></span> <span class='ocrx_word' id='word_1_214' title='bbox 3547 2515 3807 2599; x_wconf 87' lang='lat' dir='ltr'><strong>maiora,</strong></span> 
     </span>
     <span class='ocr_line' id='line_1_21' title="bbox 517 2614 3806 2714; baseline -0.002 -25"><span class='ocrx_word' id='word_1_215' title='bbox 517 2616 603 2689; x_wconf 88' lang='lat' dir='ltr'><strong>de</strong></span> <span class='ocrx_word' id='word_1_216' title='bbox 659 2615 900 2714; x_wconf 81' lang='lat' dir='ltr'><strong>quibus</strong></span> <span class='ocrx_word' id='word_1_217' title='bbox 954 2637 1156 2712; x_wconf 90' lang='lat' dir='ltr'><strong>snpra</strong></span> <span class='ocrx_word' id='word_1_218' title='bbox 1210 2614 1531 2702; x_wconf 80' lang='lat' dir='ltr'><strong>diximus,</strong></span> <span class='ocrx_word' id='word_1_219' title='bbox 1587 2623 1657 2688; x_wconf 88' lang='lat' dir='ltr'><strong>et</strong></span> <span class='ocrx_word' id='word_1_220' title='bbox 1708 2615 1839 2688; x_wconf 88' lang='lat' dir='ltr'><strong>alia</strong></span> <span class='ocrx_word' id='word_1_221' title='bbox 1894 2638 2033 2689; x_wconf 88' lang='lat' dir='ltr'><strong>non</strong></span> <span class='ocrx_word' id='word_1_222' title='bbox 2085 2618 2376 2709; x_wconf 88' lang='lat' dir='ltr'><strong>minora,</strong></span> <span class='ocrx_word' id='word_1_223' title='bbox 2429 2640 2563 2712; x_wconf 88' lang='lat' dir='ltr'><strong>que</strong></span> <span class='ocrx_word' id='word_1_224' title='bbox 2619 2640 2660 2690; x_wconf 89' lang='lat' dir='ltr'><strong>a</strong></span> <span class='ocrx_word' id='word_1_225' title='bbox 2716 2621 3151 2692; x_wconf 87' lang='lat' dir='ltr'><strong>sanctissimo</strong></span> <span class='ocrx_word' id='word_1_226' title='bbox 3221 2617 3500 2691; x_wconf 87' lang='lat' dir='ltr'><strong>domino</strong></span> <span class='ocrx_word' id='word_1_227' title='bbox 3568 2626 3806 2703; x_wconf 86' lang='lat' dir='ltr'><strong>nostro,</strong></span> 
     </span>
     <span class='ocr_line' id='line_1_22' title="bbox 514 2716 3808 2819; baseline -0.001 -25"><span class='ocrx_word' id='word_1_228' title='bbox 514 2719 873 2795; x_wconf 80' lang='lat' dir='ltr'><strong>Maiestate</strong></span> <span class='ocrx_word' id='word_1_229' title='bbox 911 2716 1214 2794; x_wconf 73' lang='lat' dir='ltr'><strong>Cesarea</strong></span> <span class='ocrx_word' id='word_1_230' title='bbox 1246 2717 1602 2816; x_wconf 79' lang='lat' dir='ltr'><strong>Sacroqne</strong></span> <span class='ocrx_word' id='word_1_231' title='bbox 1652 2717 1946 2817; x_wconf 90' lang='lat' dir='ltr'><strong>Imperio</strong></span> <span class='ocrx_word' id='word_1_232' title='bbox 1995 2741 2081 2792; x_wconf 87' lang='lat' dir='ltr'><strong>ac</strong></span> <span class='ocrx_word' id='word_1_233' title='bbox 2114 2721 2393 2817; x_wconf 88' lang='lat' dir='ltr'><strong>reliquis</strong></span> <span class='ocrx_word' id='word_1_234' title='bbox 2431 2717 2942 2796; x_wconf 81' lang='lat' dir='ltr'><strong>Christanorum</strong></span> <span class='ocrx_word' id='word_1_235' title='bbox 2993 2720 3272 2817; x_wconf 84' lang='lat' dir='ltr'><strong>regibus</strong></span> <span class='ocrx_word' id='word_1_236' title='bbox 3326 2732 3401 2796; x_wconf 82' lang='lat' dir='ltr'><strong>et</strong></span> <span class='ocrx_word' id='word_1_237' title='bbox 3449 2718 3808 2819; x_wconf 88' lang='lat' dir='ltr'><strong>potentibus</strong></span> 
     </span>
     <span class='ocr_line' id='line_1_23' title="bbox 516 2821 3806 2920; baseline -0.001 -23"><span class='ocrx_word' id='word_1_238' title='bbox 516 2823 829 2898; x_wconf 83' lang='lat' dir='ltr'><strong>obtinere</strong></span> <span class='ocrx_word' id='word_1_239' title='bbox 881 2821 1297 2913; x_wconf 87' lang='lat' dir='ltr'><strong>laboramus,</strong></span> <span class='ocrx_word' id='word_1_240' title='bbox 1368 2826 1440 2896; x_wconf 90' lang='lat' dir='ltr'><strong>in</strong></span> <span class='ocrx_word' id='word_1_241' title='bbox 1490 2832 1799 2920; x_wconf 87' lang='lat' dir='ltr'><strong>tempore</strong></span> <span class='ocrx_word' id='word_1_242' title='bbox 1855 2835 2271 2919; x_wconf 87' lang='lat' dir='ltr'><strong>sequantur:</strong></span> <span class='ocrx_word' id='word_1_243' title='bbox 2382 2824 2684 2912; x_wconf 86' lang='lat' dir='ltr'><strong>Quorum</strong></span> <span class='ocrx_word' id='word_1_244' title='bbox 2736 2846 2949 2900; x_wconf 80' lang='lat' dir='ltr'><strong>cansa</strong></span> <span class='ocrx_word' id='word_1_245' title='bbox 2981 2825 3130 2900; x_wconf 87' lang='lat' dir='ltr'><strong>Nos</strong></span> <span class='ocrx_word' id='word_1_246' title='bbox 3184 2829 3412 2901; x_wconf 83' lang='lat' dir='ltr'><strong>eciam</strong></span> <span class='ocrx_word' id='word_1_247' title='bbox 3464 2824 3550 2899; x_wconf 88' lang='lat' dir='ltr'><strong>ad</strong></span> <span class='ocrx_word' id='word_1_248' title='bbox 3583 2823 3806 2899; x_wconf 79' lang='lat' dir='ltr'><strong>dietam</strong></span> 
     </span>
     <span class='ocr_line' id='line_1_24' title="bbox 512 2925 3807 3024; baseline -0.001 -24"><span class='ocrx_word' id='word_1_249' title='bbox 512 2927 971 3022; x_wconf 87' lang='lat' dir='ltr'><strong>Imperialem,</strong></span> <span class='ocrx_word' id='word_1_250' title='bbox 1024 2950 1157 3023; x_wconf 86' lang='lat' dir='ltr'><strong>que</strong></span> <span class='ocrx_word' id='word_1_251' title='bbox 1213 2925 1299 2999; x_wconf 87' lang='lat' dir='ltr'><strong>ad</strong></span> <span class='ocrx_word' id='word_1_252' title='bbox 1352 2926 1533 3000; x_wconf 88' lang='lat' dir='ltr'><strong>diem</strong></span> <span class='ocrx_word' id='word_1_253' title='bbox 1585 2926 1761 3000; x_wconf 90' lang='lat' dir='ltr'><strong>VIII.</strong></span> <span class='ocrx_word' id='word_1_254' title='bbox 1814 2926 2077 3002; x_wconf 84' lang='lat' dir='ltr'><strong>Mensis</strong></span> <span class='ocrx_word' id='word_1_255' title='bbox 2131 2928 2390 3024; x_wconf 86' lang='lat' dir='ltr'><strong>Aprilis</strong></span> <span class='ocrx_word' id='word_1_256' title='bbox 2443 2931 2510 3001; x_wconf 89' lang='lat' dir='ltr'><strong>in</strong></span> <span class='ocrx_word' id='word_1_257' title='bbox 2563 2929 2880 3024; x_wconf 83' lang='lat' dir='ltr'><strong>Angusta</strong></span> <span class='ocrx_word' id='word_1_258' title='bbox 2935 2928 3416 3020; x_wconf 76' lang='lat' dir='ltr'><strong>celebrabitur,</strong></span> <span class='ocrx_word' id='word_1_259' title='bbox 3471 2950 3623 3002; x_wconf 90' lang='lat' dir='ltr'><strong>cum</strong></span> <span class='ocrx_word' id='word_1_260' title='bbox 3666 2925 3807 2999; x_wconf 84' lang='lat' dir='ltr'><strong>Ma-</strong></span> 
     </span>
     <span class='ocr_line' id='line_1_25' title="bbox 513 3029 3812 3127; baseline 0.001 -23"><span class='ocrx_word' id='word_1_261' title='bbox 513 3035 760 3105; x_wconf 90' lang='lat' dir='ltr'><strong>iestate</strong></span> <span class='ocrx_word' id='word_1_262' title='bbox 816 3029 1119 3105; x_wconf 85' lang='lat' dir='ltr'><strong>Cesarea</strong></span> <span class='ocrx_word' id='word_1_263' title='bbox 1176 3029 1641 3122; x_wconf 86' lang='lat' dir='ltr'><strong>conferemus,</strong></span> <span class='ocrx_word' id='word_1_264' title='bbox 1695 3040 1765 3103; x_wconf 92' lang='lat' dir='ltr'><strong>et</strong></span> <span class='ocrx_word' id='word_1_265' title='bbox 1813 3032 1953 3103; x_wconf 92' lang='lat' dir='ltr'><strong>illic</strong></span> <span class='ocrx_word' id='word_1_266' title='bbox 2008 3036 2234 3106; x_wconf 89' lang='lat' dir='ltr'><strong>omnia</strong></span> <span class='ocrx_word' id='word_1_267' title='bbox 2289 3055 2374 3107; x_wconf 90' lang='lat' dir='ltr'><strong>ea</strong></span> <span class='ocrx_word' id='word_1_268' title='bbox 2424 3042 2720 3108; x_wconf 88' lang='lat' dir='ltr'><strong>tractare</strong></span> <span class='ocrx_word' id='word_1_269' title='bbox 2773 3043 2844 3108; x_wconf 89' lang='lat' dir='ltr'><strong>et</strong></span> <span class='ocrx_word' id='word_1_270' title='bbox 2897 3033 3179 3108; x_wconf 85' lang='lat' dir='ltr'><strong>efficere</strong></span> <span class='ocrx_word' id='word_1_271' title='bbox 3232 3032 3654 3126; x_wconf 84' lang='lat' dir='ltr'><strong>conabimur,</strong></span> <span class='ocrx_word' id='word_1_272' title='bbox 3696 3049 3812 3127; x_wconf 74' lang='lat' dir='ltr'><strong>que</strong></span> 
     </span>
     <span class='ocr_line' id='line_1_26' title="bbox 515 3131 3809 3232; baseline -0.001 -27"><span class='ocrx_word' id='word_1_273' title='bbox 515 3133 603 3208; x_wconf 84' lang='lat' dir='ltr'><strong>ad</strong></span> <span class='ocrx_word' id='word_1_274' title='bbox 652 3134 1085 3208; x_wconf 88' lang='lat' dir='ltr'><strong>commodum</strong></span> <span class='ocrx_word' id='word_1_275' title='bbox 1140 3145 1210 3209; x_wconf 88' lang='lat' dir='ltr'><strong>et</strong></span> <span class='ocrx_word' id='word_1_276' title='bbox 1256 3133 1732 3210; x_wconf 84' lang='lat' dir='ltr'><strong>defensionem</strong></span> <span class='ocrx_word' id='word_1_277' title='bbox 1803 3133 2100 3208; x_wconf 87' lang='lat' dir='ltr'><strong>fidelium</strong></span> <span class='ocrx_word' id='word_1_278' title='bbox 2155 3147 2545 3210; x_wconf 86' lang='lat' dir='ltr'><strong>nostrorum</strong></span> <span class='ocrx_word' id='word_1_279' title='bbox 2613 3135 2999 3232; x_wconf 87' lang='lat' dir='ltr'><strong>vbicunque</strong></span> <span class='ocrx_word' id='word_1_280' title='bbox 3055 3141 3511 3211; x_wconf 79' lang='lat' dir='ltr'><strong>existencium</strong></span> <span class='ocrx_word' id='word_1_281' title='bbox 3562 3131 3809 3209; x_wconf 89' lang='lat' dir='ltr'><strong>condu-</strong></span> 
     </span>
     <span class='ocr_line' id='line_1_27' title="bbox 515 3237 3810 3335; baseline -0.002 -23"><span class='ocrx_word' id='word_1_282' title='bbox 515 3260 678 3312; x_wconf 89' lang='lat' dir='ltr'><strong>cere</strong></span> <span class='ocrx_word' id='word_1_283' title='bbox 731 3237 1162 3328; x_wconf 85' lang='lat' dir='ltr'><strong>videbuntur,</strong></span> <span class='ocrx_word' id='word_1_284' title='bbox 1238 3239 1427 3327; x_wconf 87' lang='lat' dir='ltr'><strong>Quos</strong></span> <span class='ocrx_word' id='word_1_285' title='bbox 1480 3239 1666 3312; x_wconf 91' lang='lat' dir='ltr'><strong>nullo</strong></span> <span class='ocrx_word' id='word_1_286' title='bbox 1718 3248 1921 3335; x_wconf 89' lang='lat' dir='ltr'><strong>pacto</strong></span> <span class='ocrx_word' id='word_1_287' title='bbox 1976 3238 2390 3315; x_wconf 87' lang='lat' dir='ltr'><strong>deferemus.</strong></span> <span class='ocrx_word' id='word_1_288' title='bbox 2499 3240 2649 3327; x_wconf 84' lang='lat' dir='ltr'><strong>Que</strong></span> <span class='ocrx_word' id='word_1_289' title='bbox 2703 3245 2927 3314; x_wconf 90' lang='lat' dir='ltr'><strong>omnia</strong></span> <span class='ocrx_word' id='word_1_290' title='bbox 2998 3240 3364 3316; x_wconf 86' lang='lat' dir='ltr'><strong>manifeste</strong></span> <span class='ocrx_word' id='word_1_291' title='bbox 3437 3245 3602 3317; x_wconf 87' lang='lat' dir='ltr'><strong>satis</strong></span> <span class='ocrx_word' id='word_1_292' title='bbox 3650 3257 3810 3313; x_wconf 86' lang='lat' dir='ltr'><strong>nunc</strong></span> 
     </span>
     <span class='ocr_line' id='line_1_28' title="bbox 516 3341 3809 3440; baseline -0.001 -25"><span class='ocrx_word' id='word_1_293' title='bbox 516 3353 830 3436; x_wconf 84' lang='lat' dir='ltr'><strong>arguunt,</strong></span> <span class='ocrx_word' id='word_1_294' title='bbox 884 3341 1031 3417; x_wconf 92' lang='lat' dir='ltr'><strong>Nos</strong></span> <span class='ocrx_word' id='word_1_295' title='bbox 1083 3342 1249 3416; x_wconf 87' lang='lat' dir='ltr'><strong>nihil</strong></span> <span class='ocrx_word' id='word_1_296' title='bbox 1301 3365 1537 3417; x_wconf 89' lang='lat' dir='ltr'><strong>eorum</strong></span> <span class='ocrx_word' id='word_1_297' title='bbox 1591 3347 2121 3439; x_wconf 89' lang='lat' dir='ltr'><strong>pretermittere,</strong></span> <span class='ocrx_word' id='word_1_298' title='bbox 2172 3346 2257 3417; x_wconf 91' lang='lat' dir='ltr'><strong>ad</strong></span> <span class='ocrx_word' id='word_1_299' title='bbox 2313 3366 2448 3440; x_wconf 88' lang='lat' dir='ltr'><strong>que</strong></span> <span class='ocrx_word' id='word_1_300' title='bbox 2501 3366 2595 3416; x_wconf 84' lang='lat' dir='ltr'><strong>ex</strong></span> <span class='ocrx_word' id='word_1_301' title='bbox 2648 3345 2877 3418; x_wconf 82' lang='lat' dir='ltr'><strong>officio</strong></span> <span class='ocrx_word' id='word_1_302' title='bbox 2931 3356 3171 3419; x_wconf 88' lang='lat' dir='ltr'><strong>nostro</strong></span> <span class='ocrx_word' id='word_1_303' title='bbox 3223 3355 3561 3419; x_wconf 90' lang='lat' dir='ltr'><strong>tenemur.</strong></span> <span class='ocrx_word' id='word_1_304' title='bbox 3653 3342 3809 3430; x_wconf 86' lang='lat' dir='ltr'><strong>Qui-</strong></span> 
     </span>
     <span class='ocr_line' id='line_1_29' title="bbox 513 3445 3810 3545; baseline -0.001 -25"><span class='ocrx_word' id='word_1_305' title='bbox 513 3445 640 3520; x_wconf 89' lang='lat' dir='ltr'><strong>bus</strong></span> <span class='ocrx_word' id='word_1_306' title='bbox 695 3449 965 3521; x_wconf 86' lang='lat' dir='ltr'><strong>attentis</strong></span> <span class='ocrx_word' id='word_1_307' title='bbox 1017 3457 1155 3520; x_wconf 88' lang='lat' dir='ltr'><strong>tam</strong></span> <span class='ocrx_word' id='word_1_308' title='bbox 1205 3469 1338 3521; x_wconf 84' lang='lat' dir='ltr'><strong>vos</strong></span> <span class='ocrx_word' id='word_1_309' title='bbox 1392 3470 1598 3545; x_wconf 83' lang='lat' dir='ltr'><strong>quam</strong></span> <span class='ocrx_word' id='word_1_310' title='bbox 1652 3448 1763 3540; x_wconf 87' lang='lat' dir='ltr'><strong>alij</strong></span> <span class='ocrx_word' id='word_1_311' title='bbox 1821 3446 1898 3519; x_wconf 90' lang='lat' dir='ltr'><strong>In</strong></span> <span class='ocrx_word' id='word_1_312' title='bbox 1953 3447 2114 3541; x_wconf 85' lang='lat' dir='ltr'><strong>fide,</strong></span> <span class='ocrx_word' id='word_1_313' title='bbox 2192 3458 2265 3521; x_wconf 92' lang='lat' dir='ltr'><strong>et</strong></span> <span class='ocrx_word' id='word_1_314' title='bbox 2316 3447 2450 3522; x_wconf 90' lang='lat' dir='ltr'><strong>deo</strong></span> <span class='ocrx_word' id='word_1_315' title='bbox 2505 3457 2574 3521; x_wconf 86' lang='lat' dir='ltr'><strong>et</strong></span> <span class='ocrx_word' id='word_1_316' title='bbox 2626 3447 2825 3521; x_wconf 88' lang='lat' dir='ltr'><strong>nobis</strong></span> <span class='ocrx_word' id='word_1_317' title='bbox 2895 3447 3147 3541; x_wconf 88' lang='lat' dir='ltr'><strong>debita,</strong></span> <span class='ocrx_word' id='word_1_318' title='bbox 3217 3459 3618 3525; x_wconf 86' lang='lat' dir='ltr'><strong>constantes</strong></span> <span class='ocrx_word' id='word_1_319' title='bbox 3666 3466 3810 3520; x_wconf 89' lang='lat' dir='ltr'><strong>esse</strong></span> 
     </span>
     <span class='ocr_line' id='line_1_30' title="bbox 514 3550 3809 3650; baseline -0 -28"><span class='ocrx_word' id='word_1_320' title='bbox 514 3553 902 3646; x_wconf 87' lang='lat' dir='ltr'><strong>ceterisque</strong></span> <span class='ocrx_word' id='word_1_321' title='bbox 953 3551 1275 3624; x_wconf 89' lang='lat' dir='ltr'><strong>Animum</strong></span> <span class='ocrx_word' id='word_1_322' title='bbox 1345 3561 1416 3625; x_wconf 90' lang='lat' dir='ltr'><strong>et</strong></span> <span class='ocrx_word' id='word_1_323' title='bbox 1486 3551 2045 3627; x_wconf 88' lang='lat' dir='ltr'><strong>consolacionem</strong></span> <span class='ocrx_word' id='word_1_324' title='bbox 2118 3550 2365 3625; x_wconf 86' lang='lat' dir='ltr'><strong>afferre</strong></span> <span class='ocrx_word' id='word_1_325' title='bbox 2437 3550 2797 3644; x_wconf 86' lang='lat' dir='ltr'><strong>debebitis,</strong></span> <span class='ocrx_word' id='word_1_326' title='bbox 2866 3562 2941 3626; x_wconf 91' lang='lat' dir='ltr'><strong>ut</strong></span> <span class='ocrx_word' id='word_1_327' title='bbox 3009 3563 3079 3627; x_wconf 91' lang='lat' dir='ltr'><strong>et</strong></span> <span class='ocrx_word' id='word_1_328' title='bbox 3145 3556 3278 3650; x_wconf 87' lang='lat' dir='ltr'><strong>ipsi</strong></span> <span class='ocrx_word' id='word_1_329' title='bbox 3345 3553 3809 3628; x_wconf 88' lang='lat' dir='ltr'><strong>liberacionem</strong></span> 
     </span>
     <span class='ocr_line' id='line_1_31' title="bbox 514 3655 3812 3755; baseline 0 -29"><span class='ocrx_word' id='word_1_330' title='bbox 514 3677 708 3727; x_wconf 88' lang='lat' dir='ltr'><strong>snam</strong></span> <span class='ocrx_word' id='word_1_331' title='bbox 755 3665 827 3727; x_wconf 88' lang='lat' dir='ltr'><strong>et</strong></span> <span class='ocrx_word' id='word_1_332' title='bbox 863 3677 1291 3729; x_wconf 88' lang='lat' dir='ltr'><strong>communem</strong></span> <span class='ocrx_word' id='word_1_333' title='bbox 1346 3659 1645 3729; x_wconf 90' lang='lat' dir='ltr'><strong>omnium</strong></span> <span class='ocrx_word' id='word_1_334' title='bbox 1699 3655 1987 3730; x_wconf 87' lang='lat' dir='ltr'><strong>salutem</strong></span> <span class='ocrx_word' id='word_1_335' title='bbox 2039 3665 2436 3751; x_wconf 86' lang='lat' dir='ltr'><strong>expectent,</strong></span> <span class='ocrx_word' id='word_1_336' title='bbox 2488 3655 2699 3752; x_wconf 83' lang='lat' dir='ltr'><strong>quue</strong></span> <span class='ocrx_word' id='word_1_337' title='bbox 2754 3656 2995 3730; x_wconf 90' lang='lat' dir='ltr'><strong>sedulo</strong></span> <span class='ocrx_word' id='word_1_338' title='bbox 3049 3656 3304 3732; x_wconf 85' lang='lat' dir='ltr'><strong>faciant</strong></span> <span class='ocrx_word' id='word_1_339' title='bbox 3339 3667 3413 3732; x_wconf 93' lang='lat' dir='ltr'><strong>et</strong></span> <span class='ocrx_word' id='word_1_340' title='bbox 3444 3662 3812 3755; x_wconf 84' lang='lat' dir='ltr'><strong>procurent,</strong></span> 
     </span>
     <span class='ocr_line' id='line_1_32' title="bbox 512 3755 3812 3859; baseline -0.001 -29"><span class='ocrx_word' id='word_1_341' title='bbox 512 3781 645 3853; x_wconf 84' lang='lat' dir='ltr'><strong>que</strong></span> <span class='ocrx_word' id='word_1_342' title='bbox 700 3758 784 3830; x_wconf 90' lang='lat' dir='ltr'><strong>ad</strong></span> <span class='ocrx_word' id='word_1_343' title='bbox 841 3758 1043 3832; x_wconf 87' lang='lat' dir='ltr'><strong>fidem</strong></span> <span class='ocrx_word' id='word_1_344' title='bbox 1098 3770 1168 3833; x_wconf 91' lang='lat' dir='ltr'><strong>et</strong></span> <span class='ocrx_word' id='word_1_345' title='bbox 1221 3757 1516 3833; x_wconf 90' lang='lat' dir='ltr'><strong>debitum</strong></span> <span class='ocrx_word' id='word_1_346' title='bbox 1569 3757 1865 3833; x_wconf 87' lang='lat' dir='ltr'><strong>fidelium</strong></span> <span class='ocrx_word' id='word_1_347' title='bbox 1922 3757 2342 3834; x_wconf 88' lang='lat' dir='ltr'><strong>subditorum</strong></span> <span class='ocrx_word' id='word_1_348' title='bbox 2396 3769 2733 3856; x_wconf 86' lang='lat' dir='ltr'><strong>spectant,</strong></span> <span class='ocrx_word' id='word_1_349' title='bbox 2786 3763 2964 3837; x_wconf 89' lang='lat' dir='ltr'><strong>sicut</strong></span> <span class='ocrx_word' id='word_1_350' title='bbox 3011 3783 3147 3835; x_wconf 79' lang='lat' dir='ltr'><strong>vos</strong></span> <span class='ocrx_word' id='word_1_351' title='bbox 3201 3772 3272 3835; x_wconf 88' lang='lat' dir='ltr'><strong>et</strong></span> <span class='ocrx_word' id='word_1_352' title='bbox 3321 3765 3520 3859; x_wconf 91' lang='lat' dir='ltr'><strong>ipsos</strong></span> <span class='ocrx_word' id='word_1_353' title='bbox 3563 3755 3812 3833; x_wconf 89' lang='lat' dir='ltr'><strong>indubie</strong></span> 
     </span>
     <span class='ocr_line' id='line_1_33' title="bbox 510 3862 3807 3962; baseline -0.002 -28"><span class='ocrx_word' id='word_1_354' title='bbox 510 3862 817 3936; x_wconf 84' lang='lat' dir='ltr'><strong>facturos</strong></span> <span class='ocrx_word' id='word_1_355' title='bbox 894 3885 1057 3937; x_wconf 90' lang='lat' dir='ltr'><strong>esse</strong></span> <span class='ocrx_word' id='word_1_356' title='bbox 1138 3862 1568 3955; x_wconf 87' lang='lat' dir='ltr'><strong>confidimus,</strong></span> <span class='ocrx_word' id='word_1_357' title='bbox 1647 3862 1830 3959; x_wconf 83' lang='lat' dir='ltr'><strong>quod</strong></span> <span class='ocrx_word' id='word_1_358' title='bbox 1895 3885 2064 3958; x_wconf 88' lang='lat' dir='ltr'><strong>erga</strong></span> <span class='ocrx_word' id='word_1_359' title='bbox 2114 3885 2250 3939; x_wconf 83' lang='lat' dir='ltr'><strong>vos</strong></span> <span class='ocrx_word' id='word_1_360' title='bbox 2306 3874 2376 3939; x_wconf 87' lang='lat' dir='ltr'><strong>et</strong></span> <span class='ocrx_word' id='word_1_361' title='bbox 2446 3864 2730 3940; x_wconf 89' lang='lat' dir='ltr'><strong>eosdem</strong></span> <span class='ocrx_word' id='word_1_362' title='bbox 2810 3885 3160 3960; x_wconf 86' lang='lat' dir='ltr'><strong>generose</strong></span> <span class='ocrx_word' id='word_1_363' title='bbox 3240 3868 3807 3962; x_wconf 86' lang='lat' dir='ltr'><strong>recognoscimus.</strong></span> 
     </span>
     <span class='ocr_line' id='line_1_34' title="bbox 511 3963 3812 4063; baseline -0.002 -24"><span class='ocrx_word' id='word_1_364' title='bbox 511 3966 761 4039; x_wconf 85' lang='lat' dir='ltr'><strong>Datum</strong></span> <span class='ocrx_word' id='word_1_365' title='bbox 829 3968 901 4040; x_wconf 91' lang='lat' dir='ltr'><strong>in</strong></span> <span class='ocrx_word' id='word_1_366' title='bbox 950 3966 1142 4040; x_wconf 90' lang='lat' dir='ltr'><strong>Arce</strong></span> <span class='ocrx_word' id='word_1_367' title='bbox 1210 3976 1450 4044; x_wconf 86' lang='lat' dir='ltr'><strong>nostra</strong></span> <span class='ocrx_word' id='word_1_368' title='bbox 1498 3966 1721 4062; x_wconf 84' lang='lat' dir='ltr'><strong>Regia</strong></span> <span class='ocrx_word' id='word_1_369' title='bbox 1774 3964 2111 4063; x_wconf 86' lang='lat' dir='ltr'><strong>Pragensi</strong></span> <span class='ocrx_word' id='word_1_370' title='bbox 2180 3969 2292 4044; x_wconf 90' lang='lat' dir='ltr'><strong>die</strong></span> <span class='ocrx_word' id='word_1_371' title='bbox 2342 3967 2557 4043; x_wconf 88' lang='lat' dir='ltr'>XVII.</span> <span class='ocrx_word' id='word_1_372' title='bbox 2611 3967 2872 4044; x_wconf 86' lang='lat' dir='ltr'><strong>Mensis</strong></span> <span class='ocrx_word' id='word_1_373' title='bbox 2924 3967 3190 4062; x_wconf 76' lang='lat' dir='ltr'><strong>Marcii.</strong></span> <span class='ocrx_word' id='word_1_374' title='bbox 3295 3970 3509 4044; x_wconf 91' lang='lat' dir='ltr'><strong>Anno</strong></span> <span class='ocrx_word' id='word_1_375' title='bbox 3561 3963 3812 4041; x_wconf 89' lang='lat' dir='ltr'><strong>Domini</strong></span> 
     </span>
     <span class='ocr_line' id='line_1_35' title="bbox 512 4070 2170 4170; baseline 0.002 -28"><span class='ocrx_word' id='word_1_376' title='bbox 512 4070 960 4164; x_wconf 85' lang='lat' dir='ltr'><strong>M.D.XXX.,</strong></span> <span class='ocrx_word' id='word_1_377' title='bbox 1013 4070 1411 4167; x_wconf 86' lang='lat' dir='ltr'><strong>Regnorum</strong></span> <span class='ocrx_word' id='word_1_378' title='bbox 1464 4082 1856 4146; x_wconf 88' lang='lat' dir='ltr'><strong>nostrorum</strong></span> <span class='ocrx_word' id='word_1_379' title='bbox 1909 4082 2170 4170; x_wconf 82' lang='lat' dir='ltr'><strong>quarto.</strong></span> 
     </span>
    </p>
   </div>
   <div class='ocr_carea' id='block_1_3' title="bbox 929 4244 3757 4448">
    <p class='ocr_par' dir='ltr' id='par_1_3' title="bbox 929 4244 3757 4448">
     <span class='ocr_line' id='line_1_36' title="bbox 929 4244 3757 4448; baseline 0 -129"><span class='ocrx_word' id='word_1_380' title='bbox 929 4244 1399 4324; x_wconf 79' lang='lat' dir='ltr'><strong>Ferdmandus</strong></span> <span class='ocrx_word' id='word_1_381' title='bbox 1452 4267 1540 4318; x_wconf 89' lang='lat' dir='ltr'><strong>m.</strong></span> <span class='ocrx_word' id='word_1_382' title='bbox 1591 4267 1657 4342; x_wconf 80' lang='lat' dir='ltr'><strong>p.</strong></span> <span class='ocrx_word' id='word_1_383' title='bbox 2618 4371 2704 4426; x_wconf 60' lang='grc' dir='ltr'>Μ</span> <span class='ocrx_word' id='word_1_384' title='bbox 2736 4371 3036 4428; x_wconf 58' lang='lat' dir='ltr'><strong>mmm</strong></span> <span class='ocrx_word' id='word_1_385' title='bbox 3071 4371 3267 4430; x_wconf 58' lang='lat' dir='ltr'><strong>dmm</strong></span> <span class='ocrx_word' id='word_1_386' title='bbox 3301 4371 3468 4448; x_wconf 48' lang='lat' dir='ltr'>Regi.</span> <span class='ocrx_word' id='word_1_387' title='bbox 3500 4370 3757 4446; x_wconf 72' lang='lat' dir='ltr'><strong>proprium</strong></span> 
     </span>
    </p>
   </div>
   <div class='ocr_carea' id='block_1_4' title="bbox 2875 4471 3550 4569">
    <p class='ocr_par' dir='ltr' id='par_1_4' title="bbox 2875 4471 3550 4569">
     <span class='ocr_line' id='line_1_37' title="bbox 2875 4471 3550 4569; baseline 0.006 -26"><span class='ocrx_word' id='word_1_388' title='bbox 2875 4472 2984 4546; x_wconf 90' lang='lat' dir='ltr'><strong>Jo.</strong></span> <span class='ocrx_word' id='word_1_389' title='bbox 3036 4471 3309 4548; x_wconf 81' lang='lat' dir='ltr'><strong>Mainsll</strong></span> <span class='ocrx_word' id='word_1_390' title='bbox 3359 4495 3455 4547; x_wconf 86' lang='lat' dir='ltr'><strong>m.</strong></span> <span class='ocrx_word' id='word_1_391' title='bbox 3482 4494 3550 4569; x_wconf 92' lang='lat' dir='ltr'><strong>p.</strong></span> 
     </span>
    </p>
   </div>
   <div class='ocr_carea' id='block_1_5' title="bbox 2007 4675 2338 4759">
    <p class='ocr_par' dir='ltr' id='par_1_5' title="bbox 2007 4675 2338 4759">
     <span class='ocr_line' id='line_1_38' title="bbox 2007 4675 2338 4759; baseline 0.007 -21"><span class='ocrx_word' id='word_1_392' title='bbox 2007 4675 2066 4738; x_wconf 81' lang='grc' dir='ltr'><strong><em>Δ</em></strong></span> <span class='ocrx_word' id='word_1_393' title='bbox 2123 4685 2338 4759; x_wconf 67' lang='lat' dir='ltr'><strong>tergo.-</strong></span> 
     </span>
    </p>
   </div>
   <div class='ocr_carea' id='block_1_6' title="bbox 517 4839 3813 5045">
    <p class='ocr_par' dir='ltr' id='par_1_6' title="bbox 517 4839 3813 5045">
     <span class='ocr_line' id='line_1_39' title="bbox 825 4839 3813 4970; baseline -0.002 -54"><span class='ocrx_word' id='word_1_394' title='bbox 825 4840 1268 4935; x_wconf 89' lang='lat' dir='ltr'><strong>Reuerendo,</strong></span> <span class='ocrx_word' id='word_1_395' title='bbox 1321 4844 1603 4935; x_wconf 88' lang='lat' dir='ltr'><strong>denoto,</strong></span> <span class='ocrx_word' id='word_1_396' title='bbox 1655 4843 1855 4919; x_wconf 91' lang='lat' dir='ltr'><strong>nobis</strong></span> <span class='ocrx_word' id='word_1_397' title='bbox 1905 4845 2158 4919; x_wconf 87' lang='lat' dir='ltr'><strong>dilecto</strong></span> <span class='ocrx_word' id='word_1_398' title='bbox 2210 4845 2522 4940; x_wconf 88' lang='lat' dir='ltr'><strong>Andree,</strong></span> <span class='ocrx_word' id='word_1_399' title='bbox 2591 4845 2941 4970; x_wconf 83' lang='lat' dir='ltr'><strong>Episcopo</strong></span> <span class='ocrx_word' id='word_1_400' title='bbox 2993 4846 3417 4923; x_wconf 84' lang='lat' dir='ltr'><strong>Tinniniensi</strong></span> <span class='ocrx_word' id='word_1_401' title='bbox 3471 4869 3558 4919; x_wconf 90' lang='lat' dir='ltr'><strong>ac</strong></span> <span class='ocrx_word' id='word_1_402' title='bbox 3611 4839 3813 4917; x_wconf 84' lang='lat' dir='ltr'><strong>abbati</strong></span> 
     </span>
     <span class='ocr_line' id='line_1_40' title="bbox 517 4945 1910 5045; baseline -0.001 -23"><span class='ocrx_word' id='word_1_403' title='bbox 517 4947 605 5022; x_wconf 90' lang='lat' dir='ltr'><strong>de</strong></span> <span class='ocrx_word' id='word_1_404' title='bbox 658 4947 1123 5045; x_wconf 86' lang='lat' dir='ltr'><strong>Toppolczka,</strong></span> <span class='ocrx_word' id='word_1_405' title='bbox 1191 4945 1596 5024; x_wconf 75' lang='lat' dir='ltr'><strong>consiliario</strong></span> <span class='ocrx_word' id='word_1_406' title='bbox 1649 4959 1910 5024; x_wconf 89' lang='lat' dir='ltr'><strong>nostro.</strong></span> 
     </span>
    </p>
   </div>
   <div class='ocr_carea' id='block_1_7' title="bbox 510 5148 2221 5223">
    <p class='ocr_par' dir='ltr' id='par_1_7' title="bbox 510 5148 2221 5223">
     <span class='ocr_line' id='line_1_41' title="bbox 510 5148 2221 5223; baseline -0.001 -19"><span class='ocrx_word' id='word_1_407' title='bbox 510 5148 656 5222; x_wconf 78' lang='lat' dir='ltr'><strong>Orig-</strong></span> <span class='ocrx_word' id='word_1_408' title='bbox 692 5151 905 5207; x_wconf 81' lang='lat' dir='ltr'><strong>cartb.i</strong></span> <span class='ocrx_word' id='word_1_409' title='bbox 908 5151 1081 5208; x_wconf 78' lang='lat' dir='ltr'><strong>ncAr</strong></span> <span class='ocrx_word' id='word_1_410' title='bbox 1083 5150 1203 5206; x_wconf 79' lang='lat' dir='ltr'><strong>hivo</strong></span> <span class='ocrx_word' id='word_1_411' title='bbox 1238 5151 1315 5206; x_wconf 87' lang='lat' dir='ltr'><strong>Re</strong></span> <span class='ocrx_word' id='word_1_412' title='bbox 1285 5152 1408 5223; x_wconf 75' lang='lat' dir='ltr'><strong>egui</strong></span> <span class='ocrx_word' id='word_1_413' title='bbox 1444 5149 2221 5221; x_wconf 68' lang='lat' dir='ltr'><strong>croatiae.l&#39;riv.Nr.129¹s,.</strong></span> 
     </span>
    </p>
   </div>
   <div class='ocr_carea' id='block_1_8' title="bbox 1854 5379 2475 5396">
    <p class='ocr_par' dir='ltr' id='par_1_8' title="bbox 1854 5379 2475 5396">
     <span class='ocr_line' id='line_1_42' title="bbox 1854 5379 2475 5396; baseline 0 0"><span class='ocrx_word' id='word_1_414' title='bbox 1854 5379 2475 5396; x_wconf 95' lang='lat' dir='ltr'><strong> </strong></span> 
     </span>
    </p>
   </div>
  </div>
 </body>
</html>
