3950 5917
3363 426 3478 505 θ

154 636 281 719 ,per
308 621 457 696 ’boo
502 636 796 718 presens
846 623 1177 719 scriptum
1227 632 1538 698 nmmum
1591 621 1875 698 Μαι·
1927 633 2002 700 et
2049 621 2360 699 dismas
2403 625 2852 721 precipimus,
2899 635 2976 701 at
3023 631 3476 727 precipiendo

174 724 583 815 mandamus,
653 734 990 823 quatenus
1057 728 1130 800 in
1200 736 1477 819 antea,
1519 728 1697 801 sicut
1762 728 2054 821 gratiam
2104 727 2302 800 Beati
2351 727 2672 824 Donpnij
2751 740 2825 803 ot
2873 740 3180 806 nostro-
3236 748 3471 809 caran

176 827 433 918 habetis,
483 838 557 902 et
607 827 773 902 dicti
822 825 1113 922 cmlii
1165 846 1414 926 penam
1473 830 1685 929 vultis
1739 829 2093 925 effugere,
2172 830 2564 927 supradicta
2613 832 3000 927 nullatanus
3053 840 3472 933 atemptetin,

174 943 233 1005 et
272 936 337 1005 in
380 929 711 1029 predictis
760 933 1147 1007 nullatanus
1198 932 1601 1007 excedatis.'
1684 932 2011 1030 Alioquin
2061 932 2599 1029 indignationem
2651 932 2729 1007 B.
2799 935 3149 1034 Dompnij,
3197 949 3276 1012 et
3319 962 3474 1014 a«

62 1070 63 1073 κ
170 1047 392 1125 ιιι-ω,
468 1056 556 1108 ac
638 1034 1009 1131 supradicti
1070 1031 1357 1129 Concilij
1429 1054 1704 1132 penam,
1777 1039 1839 1112 si
1890 1035 2469 1128 contrafeceritis,
2537 1038 2778 1132 procul
2829 1037 3033 1115 dubio
3084 1044 3470 1119 ineamus.

62 3024 65 3121 t

170 1137 319 1210 Data
378 1135 646 1233 Spaleti
714 1142 788 1213 in
866 1138 1128 1213 Palatio
1183 1138 1804 1236 Archbpisoopali,
1872 1140 1987 1215 die
2050 1139 2290 1215 Mal-th
2362 1139 2461 1215 12
2531 1139 2766 1223 Medii.
2818 1142 2996 1218 infra
3050 1153 3336 1221 oetam
3387 1145 3469 1220 Β.

172 1239 472 1337 bonpnij.
522 1240 915 1317 hdietione
952 1252 1177 1316 sana.

166 1414 360 1471 Jeme·
388 1414 592 1471 Lucius.
631 1416 882 1473 liemon-ie
918 1419 971 1472 di
1002 1414 1140 1473 Tm}
1174 1435 1296 1490 pag.
1336 1418 1455 1473 1³4.
1493 1449 1560 1458 —
1608 1416 1814 1473 Fax-lati.
1849 1414 2110 1488 Illyricum
2146 1414 2360 1473 sacrum
2394 1417 2538 1474 Tom.
2572 1417 2657 1473 m.
2692 1436 2816 1492 pag.
2851 1418 2970 1476 293.
3007 1453 3075 1464 —
3113 1423 3376 1496 Orlgiuale
3410 1428 3470 1480 in

438 1503 679 1559 nmo
715 1505 927 1574 capuan
962 1505 1334 1575 rngnnms.

1477 2055 2124 2141 Lxxvln.

328 2342 529 2415 Anao
602 2340 832 2416 1320
884 2344 999 2418 die
1055 2342 1185 2418 23.
1211 2341 1638 2439 Septembris
1691 2351 1764 2414 in
1830 2338 2086 2436 Vrbaz,
2141 2351 2213 2416 et
2273 2343 2481 2419 1321
2539 2345 2654 2417 die
2708 2345 2783 2419 8.
2829 2347 3245 2421 Novembris

1460 2471 1533 2535 ἐπ
1589 2460 1844 2536 Castro
1901 2461 2125 2537 ΟΙεΙέό.

168 2716 681 2831 lobanneS,
747 2731 1056 2805 totius
1123 2722 1673 2805 Slavoniae
1735 2722 2097 2829 Banus,
2179 2728 2745 2832 vectigalia
2812 2732 2904 2808 in
2970 2731 3452 2812 districtu

62 2842 65 2959 ἶ
168 2852 591 2944 Rakouok
651 2860 1204 2966 (Rakovec)
1270 2862 1761 2968 exigenda
1823 2854 2246 2943 Nicolao
2297 2863 2741 2945 Ladislai
2807 2866 2923 2946 de
2973 2864 3452 2949 Rakonok

986 3003 1215 3081 filio
1279 3005 1895 3083 auctoritate
1958 3006 2242 3108 regia
2308 3002 2593 3082 cedit.

414 3270 811 3362 Johannes,
890 3270 1123 3345 Banus
1205 3273 1428 3345 tooius
1509 3269 1953 3360 sclavoniae,
2029 3270 2296 3345 dilectis
2352 3269 2481 3346 sibi
2534 3276 2880 3348 vniuersis
2955 3271 3204 3348 Christi
3256 3260 3448 3349 fide-'f

164 3366 321 3462 libus,
377 3397 677 3471 presens
769 3377 1089 3471 scriptum
1160 3376 1595 3471 inspecturis,
1668 3374 1956 3448 salutem
2029 3375 2097 3446 in
2179 3374 2414 3449 salutis
2500 3374 2848 3470 largitore.
2977 3377 3113 3450 Pro
3186 3383 3443 3452 meritis

158 3485 494 3552 nostrorum
570 3478 887 3552 fidelium
966 3478 1274 3572 vigilanti
1354 3480 1579 3550 animo
1659 3487 1899 3551 nostro
1983 3481 2306 3550 conuenit
2357 3478 2750 3575 prouidere,
2830 3483 2984 3575 quia
3033 3482 3189 3552 dum
3242 3479 3444 3555 bonis

154 3568 651 3673 benefacimus,
729 3581 888 3655 dum
943 3604 1180 3655 eorum
1234 3584 1439 3678 quieti
1496 3603 1967 3674 assurgemus,
2025 3580 2180 3653 dum
2215 3584 2406 3678 ipsos
2453 3580 2653 3656 bonis
2692 3582 3006 3675 ditamus,
3063 3596 3443 3681 oportunos

154 3698 253 3772 per
294 3683 412 3757 bec
461 3697 714 3761 nostre
782 3684 1260 3779 magnitudinis
1333 3687 1757 3780 conquiescit
1825 3687 2088 3758 animus
2161 3688 2403 3758 merito
2478 3697 2547 3759 et
2599 3682 2890 3760 sonetur.
2999 3687 3298 3764 Proinde
3353 3686 3441 3765 ad

157 3786 585 3862 vniuersornm
644 3801 786 3862 tam
829 3792 1262 3885 presencium
1316 3811 1516 3884 quam
1570 3786 1946 3860 futurorum
2000 3790 2320 3862 noticiam
2367 3789 2605 3863 harum
2659 3794 2844 3865 serie
2897 3793 3213 3867 volumus
3269 3814 3442 3889 per-

158 3894 389 3963 uenire:
487 3893 700 3981 Quod
753 3892 1000 3965 nobilis
1052 3895 1164 3964 vir
1214 3893 1545 3984 magister
1591 3889 1918 3964 Nicolaus
1988 3890 2171 3965 filius
2224 3891 2521 3965 Ladislai
2574 3892 2660 3965 de
2715 3893 3104 3983 Rakolnok,
3160 3894 3245 3966 ad
3299 3918 3442 3967 no—

157 3997 322 4065 stram
368 3996 833 4091 personaliter
895 3992 1237 4068 accedens
1309 3998 1766 4090 presenciam,
1840 3993 2143 4066 exhibuit
2211 3993 2410 4068 nobis
2461 3995 2721 4069 litteras
2775 4007 3048 4071 nostras
3101 4006 3442 4091 patentes,

154 4104 353 4185 petens
401 4122 533 4174 nos
589 4122 877 4196 precum
932 4121 1085 4171 cum
1136 4101 1498 4187 instancia,
1554 4108 1627 4169 vt
1681 4097 1963 4170 easdem
2021 4098 2107 4169 de
2143 4093 2363 4169 verbo
2419 4097 2504 4168 ad
2548 4096 2837 4170 verbum
2892 4097 3177 4171 rescribi
3233 4097 3440 4170 face-

156 4213 366 4291 remus,
416 4226 501 4275 ac
535 4206 799 4276 nostris
852 4203 1092 4276 litteris
1145 4199 1675 4296 priuilegialibus
1731 4199 1953 4273 eidem
2009 4199 2444 4294 dignaremur
2497 4199 2938 4291 confirmare,
2993 4205 3184 4273 cuius
3238 4211 3444 4274 tenor

156 4299 273 4370 talis
318 4316 462 4379 est:
528 4305 687 4379 Nos
737 4304 1091 4379 «lohannes
1143 4305 1372 4377 Banus
1427 4308 1648 4377 tocius
1704 4304 2077 4377 Sclavonie
2131 4300 2597 4396 significamus
2654 4301 2893 4398 quibus
2947 4303 3228 4398 expedit
3269 4308 3438 4376 vni-

153 4408 348 4477 uersis.
453 4407 663 4496 Quod
727 4407 974 4481 nobilis
1027 4411 1136 4481 vir
1185 4407 1510 4481 Nicolaus
1579 4405 1764 4480 filius
1833 4405 2133 4480 Ladizlai
2187 4406 2275 4478 de
2327 4405 2693 4495 Rakonok,
2748 4406 3033 4480 dilectus
3090 4417 3159 4478 et
3212 4405 3440 4480 fidelis

148 4517 365 4598 noster,
433 4535 595 4583 cum
662 4514 1001 4586 vniuersis
1054 4508 1390 4583 nobilibus
1446 4520 1517 4582 et
1569 4513 1737 4583 viris
1790 4509 2070 4584 idoneis
2123 4509 2465 4583 districtus
2519 4510 2717 4603 regni
2770 4508 3170 4598 Sclavonie,
3223 4509 3439 4584 vide-

148 4602 275 4679 licet
319 4610 581 4687 Comite
650 4613 977 4711 Georgyo
1030 4613 1176 4687 filio
1233 4611 1543 4706 Georgij,
1595 4612 1803 4686 Petro
1856 4612 2001 4685 filio
2057 4613 2438 4702 Michaelis,
2491 4611 2828 4683 Michaele
2881 4610 3023 4684 filio
3060 4611 3438 4687 Radomeri

150 4706 221 4779 do
258 4711 659 4806 Kamai-cha,
731 4717 1083 4793 Iwachino
1155 4715 1300 4790 mio
1342 4716 1632 4805 Thome,
1711 4715 1835 4808 filij
1892 4717 2273 4814 Berywoy,
2354 4713 2442 4786 ad
2505 4723 2810 4789 nostram
2863 4716 3207 4793 accedens
3261 4739 3442 4815 pre-

150 4820 432 4911 tenehm,
496 4842 762 4916 sueque
811 4820 1158 4893 fidelitatis
1211 4821 1504 4893 seruicia
1559 4816 1759 4892 nobis
1812 4841 2210 4916 proponens
2264 4827 2334 4891 et
2387 4816 2773 4911 declaranS,
2842 4828 3087 4915 petens
3142 4845 3181 4893 a
3236 4818 3440 4894 nobis

152 4932 381 5007 precum
429 4945 590 4995 cum
626 4926 983 5015 instancia,
1061 4932 1139 4996 vt
1187 4944 1314 5019 pro
1371 4925 1513 4996 suis
1565 4920 2004 4995 fidelitatibus
2058 4931 2128 4994 et
2180 4924 2500 5014 servicijs
2570 4919 2770 4996 nobis
2836 4927 3143 5022 inpensis
3197 4933 3268 4996 et
3316 4926 3438 4994 in-

150 5020 503 5121 pendendys
560 5048 688 5122 per
737 5025 1056 5116 eundem,
1101 5029 1170 5099 in
1204 5025 1509 5099 districta
1562 5027 2033 5119 possessionis
2089 5025 2398 5099 eiusdem
2442 5027 2511 5097 in
2552 5024 2918 5101 Rakolnok
2970 5031 3192 5122 ipsum
3247 5045 3435 5097 oon-

152 5119 543 5219 Quibus,
596 5150 723 5224 per
770 5151 1088 5223 magnam
1141 5131 1324 5201 viam
1380 5127 1467 5200 de
1518 5125 1739 5201 Crisio
1794 5128 1881 5201 ad
1934 5126 2342 5221 Zagrabiam
2396 5127 2735 5221 euntibus,
2807 5124 3309 5203 transeuntibus
3364 5136 3440 5199 et

150 5223 571 5321 redeuntibus,
644 5231 1046 5326 quibuslibet
1106 5254 1259 5304 cum
1314 5233 1774 5324 mercimonijs
1827 5229 2297 5326 pergentibus,
2367 5228 2684 5304 tributum
2736 5235 2924 5304 iuxta
2976 5231 3176 5325 regni
3247 5248 3436 5302 con-

152 5329 536 5407 uetudinem
608 5334 1041 5431 approbatam
1096 5337 1263 5409 dare
1317 5344 1387 5407 et
1440 5333 1751 5424 confere,
1825 5338 2225 5407 auctoritate
2278 5337 2500 5430 regia,
2571 5356 2702 5431 qua
2765 5332 3109 5426 fungimur
3159 5333 3228 5403 in
3280 5330 3440 5405 Ba-

2869 5458 3016 5534 13*

3143 5624 3788 5781 45824sn

3789 5744 3891 5875 A
