3950 5917
3268 410 3426 489 158

132 618 481 697 roboratas
570 619 817 695 Datum
868 642 996 717 per
1045 642 1288 697 manns
1339 616 1930 694 Reverendissimi
1983 622 2052 693 in
2106 614 2377 694 Clu-isto
2431 617 2651 694 Petris
2703 627 2778 692 et
2824 617 3100 694 Domini
3144 617 3425 697 Domini

132 724 429 799 Demea-ii
500 722 962 798 Miseracione
1032 723 1264 798 divina
1335 727 1432 797 tit.
1504 722 1633 798 SS.
1705 732 1998 820 quatuor
2063 732 2550 796 coronatorum
2620 720 2695 796 S.
2756 720 2840 795 R.
2893 720 2977 799 Ε.
3047 720 3424 798 Presbiteri

137 827 506 919 Gordinalis,
580 839 863 903 motae
909 827 1408 921 strigoniensis
1469 825 1833 900 Ecclesiae
1912 823 2404 914 Gubernatoris
2482 827 2817 924 perpetui,
2893 825 3170 922 locique
3219 828 3423 902 eius-

136 930 263 1005 dem
309 928 595 1005 Comitis
664 931 976 1005 similiter
1049 933 1386 1027 perpetui,
1456 939 1529 1002 et
1580 930 1734 1003 aule
1786 937 2025 1003 nostre
2105 928 2323 1002 fidelis
2404 928 2822 1022 cancellarii.
2884 928 3091 1003 Anno
3144 929 3425 1004 Domini

133 1031 737 1109 {commu
800 1036 1030 1132 quinta
1100 1032 1255 1107 idus
1322 1032 1514 1125 Maii,
1583 1036 1783 1128 regni
1852 1042 2077 1107 autem
2151 1035 2369 1107 nostri
2421 1054 2602 1106 anno
2657 1032 2988 1106 secundo.
3041 1031 3426 1107 Reveren-

132 1136 395 1212 oannis
428 1147 501 1211 et
536 1136 1102 1211 venerabilibus:
1156 1135 1406 1210 eodem
1456 1134 1755 1209 Domino
1783 1136 2138 1209 Demetrio
2196 1134 2669 1211 Gubernatore
2721 1135 3087 1210 Ecclesiae
3136 1134 3423 1232 strigo-—
3543 1230 3558 1243 Ι

134 1243 356 1316 niensis
388 1249 754 1337 perpetuo,
805 1239 1159 1314 Ludovico
1198 1236 1595 1330 colocensi,
1642 1239 1850 1313 Petro
1887 1238 2235 1332 Jsdrensi,
2288 1238 2587 1335 Ugolino
2623 1238 3015 1337 spalatensi
3067 1249 3139 1312 et
3169 1238 3424 1335 Ugone

132 1340 425 1439 Ragusini
495 1344 1106 1441 Archiepiscopis3
1173 1342 1496 1417 Emerico
1566 1342 1924 1438 Agriensi,
1994 1341 2207 1416 Paulo
2278 1341 2754 1437 Zagrabiensi,
2819 1341 3110 1417 Gublino
3186 1338 3425 1417 Tran'-

135 1447 387 1544 sylvano
407 1499 432 1539 ,
504 1445 875 1521 Valentino
958 1446 1687 1542 Quinqueecclesiensi
1755 1447 2211 1521 Decretorum
2282 1445 2617 1538 Doctore,
2685 1445 2958 1520 Joanne
3027 1445 3422 1540 Baratensi,

138 1549 431 1624 Guilelmo
486 1550 859 1641 Jauriensi,
920 1548 1300 1623 Benedicto
1351 1548 1877 1646 vesprimiensi,
1947 1548 2221 1623 Joanne
2289 1548 2773 1641 Chanadiensi,
2848 1548 3153 1645 Georgio
3223 1550 3422 1625 Bos-

135 1658 298 1727 nessi
313 1706 337 1745 ,
437 1652 650 1728 Petro
722 1651 1078 1741 vaciensi,
1175 1652 1445 1726 Joanne
1526 1651 1937 1750 syrmiensi,
2033 1652 2247 1726 fratre
2316 1652 2679 1726 Dominico
2750 1653 3102 1743 Nitriensi,
3198 1652 3415 1743 Paulo

134 1753 540 1847 Tinniniensi,
609 1755 963 1829 Demetrio
1034 1755 1420 1847 Nonnensi,
1500 1757 1748 1830 eodem
1822 1755 2217 1850 Grisogono
2270 1756 2742 1852 Traguriensi,
2811 1756 3089 1830 Matheo
3153 1755 3423 1830 Sibini-

141 1863 337 1950 censi,
404 1860 766 1957 Stephano
835 1859 1152 1948 Farensi,
1230 1857 1497 1932 Jacobo
1562 1858 1980 1949 Macarensi,
2065 1858 2406 1934 Michaele
2479 1859 2945 1935 scardonensi
3018 1870 3089 1934 et
3156 1860 3419 1934 Thema

135 1960 487 2057 Segniensi,
560 1963 1032 2037 Ecclesiamm
1088 1961 1478 2059 Episcopis,
1531 1962 1892 2037 Ecclesiae
1944 1963 2078 2035 Dei
2140 1963 2435 2037 feliciter
2503 1961 3057 2058 gubernantibus.
3142 1960 3425 2037 Gorba-

133 2068 317 2139 viensi
367 2065 539 2140 sede
596 2076 913 2140 vacante.
1019 2063 1405 2160 Magnificis
1458 2069 1627 2140 viris
1681 2066 1971 2140 Nicolao
2028 2065 2116 2139 de
2171 2065 2381 2158 Gara,
2449 2070 2650 2160 regni
2701 2070 2920 2142 nostri
2987 2066 3296 2141 Palatino
3350 2075 3424 2141 et

50 2166 51 2241 ἰ
132 2166 331 2242 helice
381 2166 873 2259 Cumanorum,
940 2167 1259 2243 Ladislao
1311 2168 1634 2262 Vajvoda
1688 2169 2146 2245 Transilvano
2221 2180 2291 2243 et
2344 2168 2611 2243 Comite
2664 2169 2753 2245 de
2804 2169 3072 2263 Zonuk,
3149 2166 3423 2247 Comito

131 2267 374 2345 Nicolao
427 2274 518 2346 de
576 2271 810 2345 Zeech
861 2272 1106 2345 Judice
1162 2271 1412 2346 Curiae
1474 2282 1781 2364 nostrae,
1834 2273 2187 2369 Stephano
2242 2274 2330 2347 de
2365 2272 2650 2363 Lindus,
2702 2278 2911 2348 totius
2962 2276 3163 2370 regni
3199 2272 3417 2348 Scla-

132 2378 365 2467 voniae,
413 2375 745 2449 Emerico
800 2376 983 2450 dicto
1033 2374 1273 2449 Bubek
1342 2376 1726 2449 Dalmatiae
1781 2387 1854 2449 et
1906 2372 2255 2469 Creatiae,
2325 2400 2408 2450 ac
2462 2375 2814 2474 Stephano
2884 2376 3026 2452 filio
3089 2376 3420 2475 Phylipus

134 2475 201 2549 de
237 2476 549 2554 Hachow
604 2478 841 2568 Banis,
921 2478 1212 2553 Nicolao
1295 2478 1478 2553 dicto
1532 2478 1795 2552 Zambo
1872 2480 2444 2572 Tavernicorum,
2523 2480 2755 2554 Blasio
2835 2480 3020 2555 dicto
3099 2479 3423 2575 Forgacb

50 2660 55 2667 ‚
132 2577 607 2674 Pincernarum,
660 2581 952 2657 Nicolao
1005 2580 1147 2656 filio
1200 2582 1471 2656 Nicolai
1522 2582 1612 2656 de
1658 2582 1923 2677 Telegd
1992 2582 2398 2674 Janitorum,
2468 2582 2788 2658 Ladislao
2861 2583 3002 2659 filio
3073 2583 3421 2680 quondam

49 3442 55 3633 f

131 2680 355 2759 Domini
413 2686 770 2783 Dyonisii,
838 2684 1238 2778 Wajvodae
1294 2685 1708 2780 Agazonum
1778 2696 2176 2761 nostrorum
2243 2686 2622 2781 Magistris,
2690 2688 3047 2784 praedicto
3096 2686 3420 2779 Nicolso,

132 2783 615 2966 fflnffibgt,
656 2787 1433 2966 1ξίζῖιιᾏιῗέε.Ροεοιιίθιιεί.,
1505 2788 1793 2886 aliisque
1847 2812 2052 2887 quam
2102 2791 2407 2887 plurimis
2477 2793 2680 2886 regni
2749 2795 2966 2865 nostri
3037 2787 3413 2869 Comitatus

1576 3069 1678 3147 (L-
1721 3070 1787 3135 S·
1826 3079 1932 3155 μ)

138 3248 239 3306 hh
267 3260 529 3328 scripu-e
565 3258 863 3329 stepha-m
899 3258 1111 3329 esem
1145 3266 1247 3313 etc.
1285 3286 1353 3298 —
1389 3257 1621 3329 Wagner
1653 3257 1797 3314 188.
1829 3266 1973 3314 tono
2009 3258 2070 3312 V.
2104 3259 2227 3314 ltro.
2262 3258 2395 3314 xm.
2430 3286 2494 3302 -—
2532 3259 2702 3329 Fejbr.
2740 3259 2800 3315 G.
2837 3259 2901 3316 D.
2936 3260 3001 3317 fl.
3034 3262 3092 3314 Τ.
3131 3264 3216 3315 to.
3251 3260 3312 3315 V.
3349 3263 3400 3317 ¹.

1566 3820 1926 3905 exn.

1052 4205 1062 4213 1
1156 4105 1376 4179 1386
1481 4107 1605 4178 22.
1659 4108 2016 4181 Januarcc.
2071 4104 2343 4180 nudae.

131 4358 502 4448 carolus
564 4366 769 4450 Rex
848 4368 1408 4475 Stephano,
1491 4369 1926 4476 Vegliae
1988 4379 2081 4449 et
2137 4367 2662 4450 Modrusae
2723 4329 3127 4476 Comiti,
3210 4394 3413 4451 eam

126 4494 510 4610 largitur
602 4510 1062 4613 gratiam,
1156 4518 1292 4612 ut,
1386 4511 1468 4588 si
1549 4509 1711 4588 hic
1771 4507 2153 4613 absque
2211 4507 2655 4588 masculo
2734 4506 3176 4588 haerede
3239 4506 3412 4590 de-

130 4647 564 4749 cesserit,
628 4648 945 4724 omnia
1011 4646 1227 4750 eius
1289 4643 1537 4726 bona
1590 4650 1684 4725 in
1734 4645 2046 4725 filiam
2091 4642 2793 4727 Elisabetham
2854 4655 3409 4729 transeant.

387 4912 682 4991 Karolus
731 4912 848 4990 dei
874 4918 1111 5011 gracia
1148 4914 1483 5011 Vngarie,
1531 4915 1926 4991 Jerosolimi
1962 4927 2036 4990 et
2078 4915 2345 5010 Sicilie,
2395 4938 2532 4991 nec
2563 4936 2707 4990 non
2739 4916 3123 5011 Dalmacie,
3170 4916 3410 4992 Oroa-

132 5011 236 5102 de,
276 5012 512 5110 namo,
571 5017 845 5110 Sei-uie,
900 5017 1188 5121 Galicie,
1239 5018 1677 5112 Lodomerie,
1740 5018 2098 5111 Comanie,
2148 5019 2607 5118 Balgarieque
2659 5018 2846 5113 Rex,
2914 5020 3282 5096 Prouincie
3333 5027 3411 5095 et

136 5105 432 5214 bmlgrij
488 5143 575 5195 sc
623 5120 1047 5198 Pedimontis
1099 5119 1383 5215 Comes,
1432 5125 1780 5199 vninersis
1830 5132 2194 5220 presentes
2247 5123 2512 5199 litteras
2562 5125 3003 5223 inspecturis,
3052 5132 3194 5197 tam
3227 5141 3411 5219 pre-

135 5217 388 5298 mtibas
437 5245 638 5319 qnam
688 5225 957 5300 futuris.
1010 5224 1116 5299 V.
1138 5280 1159 5299 .
1179 5229 1308 5300 ‚tis
1362 5237 1434 5300 et
1485 5281 1504 5300 .
1525 5281 1545 5302 .
1568 5230 1695 5302 ‚tis
1748 5226 1837 5300 sd
1871 5227 2298 5302 collaciones
2348 5225 2706 5304 beneficas
2758 5249 2855 5301 ex
2905 5225 3138 5301 debito
3189 5233 3408 5298 natu-

50 5400 51 5437 ;
135 5316 367 5399 uhu·
414 5331 877 5422 asu-ingimus,
958 5327 1086 5404 sed
1138 5328 1274 5405 illis
1328 5334 1740 5427 propensius
1806 5328 2210 5428 rependium
2279 5340 2523 5407 nostre
2589 5328 2912 5405 munifice
2976 5328 3410 5405 liberalitatis

302 5481 1066 5558 (rutrum-cmm)
2827 5454 2937 5533 2⁰
