3950 5917
3385 409 3390 414 ’
3424 424 3474 504 9

140 633 420 730 Quique
474 636 975 731 pervenientes
1029 632 1189 709 dicti
1238 632 1590 732 Episcopi,
1648 632 2136 706 Dalmatiarum
2187 641 2638 730 peragrantes
2693 630 3023 710 Civitates
3077 646 3149 711 et
3200 634 3481 711 Chroa-

142 751 369 812 torum
427 748 636 835 atque
694 735 1068 812 Serhorum
1120 737 1522 836 proceribus
1578 741 2101 828 convenientes,
2164 741 2604 832 congregatis
2655 741 2724 810 in
2780 738 3059 835 Spalato
3109 740 3480 839 Episcopis

142 847 207 916 e
253 841 655 934 Judicibus,
712 842 1231 917 celeberrimum
1286 840 1664 916 Concilium
1731 864 2094 939 peregere.
2198 840 2330 916 Ubi
2383 841 2616 916 divino
2680 845 3034 935 juvamine
3088 844 3246 920 freti
3297 846 3477 919 haec

147 969 322 1042 quae
381 957 771 1043 sequuntur
823 945 1126 1042 Capitula
1181 945 1563 1021 ohservare
1616 968 1975 1022 censuere.

460 1101 517 1176 1.
628 1101 969 1189 Quoniam
1039 1107 1401 1198 antiquitus
1471 1102 1549 1174 Β.
1604 1101 1939 1175 Domnius
2005 1099 2089 1174 ah
2136 1100 2476 1198 Apostolo
2538 1102 2745 1177 Petro
2797 1103 3198 1200 praedicare
3255 1104 3476 1178 Salo-

138 1229 296 1280 nam
332 1210 603 1282 missus
651 1217 786 1297 est,
841 1211 1347 1302 constituitque,
1403 1215 1477 1278 nt
1518 1210 1668 1302 ipsa
1719 1205 2040 1279 Ecclesia
2093 1214 2164 1278 et
2199 1210 2468 1296 civitas,
2522 1206 2636 1279 ubi
2673 1218 2908 1281 sancta
2963 1211 3113 1301 eJus
3167 1208 3472 1282 membra

134 1315 622 1406 requiescant,
674 1314 858 1385 inter
906 1333 1148 1385 omnes
1198 1310 1557 1384 Ecclesiae
1600 1310 2011 1383 Provinciae
2067 1309 2267 1402 hujus
2319 1310 2634 1385 Primatis
2681 1310 2932 1386 haheat
2964 1323 3037 1386 et
3067 1312 3475 1408 Metropolis

134 1437 435 1504 nomen,
490 1437 704 1511 super
757 1436 1001 1491 omnes
1051 1415 1437 1513 Episcopos
1490 1415 1791 1510 legitime
1847 1418 2206 1505 sortiatur3
2258 1418 2350 1486 ita
2389 1414 2717 1490 duntaxat
2765 1426 2839 1489 ut
2875 1415 2959 1488 ad
2997 1418 3148 1508 ejus
3192 1420 3473 1509 jussio-

134 1541 299 1591 nem
350 1519 720 1615 Episcopi,
794 1523 906 1614 qui
956 1542 1082 1616 per
1134 1519 1432 1593 divinam
1485 1522 1774 1611 gratiam
1844 1517 2236 1591 cathedram
2287 1521 2506 1614 ipsam
2576 1523 2951 1608 retinuerit,
3025 1529 3095 1593 et
3146 1521 3475 1617 Synodus

136 1621 571 1714 celebretur,
626 1628 694 1696 dc
747 1626 1181 1698 consecratio
1231 1622 1760 1720 Episcoporum,
1832 1626 1988 1719 quia
2041 1622 2314 1695 dicente
2366 1622 2700 1697 Domino:
2773 1623 2886 1697 uhi
2937 1623 3142 1698 fuerit
3192 1646 3472 1721 corpus,

136 1727 273 1800 illic
326 1725 950 1823 congregabuntur
1000 1737 1069 1800 et
1112 1728 1401 1823 aquilae.

457 1882 547 1955 Π.
654 1883 746 1956 Ut
797 1886 868 1956 in
914 1886 1174 1957 cunctis
1206 1882 1571 1974 Ecclesiis,
1624 1886 1695 1955 in
1731 1880 1971 1977 quibus
2026 1904 2229 1980 supra
2282 1882 2607 1955 recolitur
2656 1881 3039 1979 Episcopus
3092 1883 3468 1976 habitasse,

141 2008 317 2059 nunc
398 1997 640 2059 autem
713 1986 945 2076 Clero,
1027 1986 1266 2061 ordine
1340 1997 1411 2060 et
1459 1987 1726 2083 populis
1797 1985 2150 2059 sufficiens
2219 1985 2416 2061 adest
2482 1985 2658 2059 infra
2708 1986 3138 2059 Dioeceseos
3191 1989 3465 2080 limites,

138 2089 540 2186 Episcopus
594 2090 967 2180 habeatur,
1022 2095 1176 2187 quia
1221 2094 1415 2184 iuxta
1473 2090 1821 2163 decretum
1873 2090 2145 2162 Petrum
2198 2111 2336 2163 non
2390 2091 2552 2163 licet
2601 2094 2671 2162 in
2709 2091 2995 2163 modicis
3052 2091 3464 2184 civitatibuS,

138 2195 248 2267 vel
300 2196 502 2269 villis
561 2194 949 2291 Episcopos
1023 2205 1351 2285 statuere,
1404 2218 1494 2267 ne
1555 2216 1809 2268 nomen
1859 2193 2185 2291 Episcopi
2252 2195 2572 2283 vilescat,
2647 2203 2715 2266 et
2766 2205 2839 2267 ut
2888 2195 3269 2290 Episcopus
3323 2219 3470 2267 va-

138 2322 298 2373 cans
353 2310 744 2372 vacantem
795 2301 1191 2374 Dioecesim
1246 2321 1398 2371 cum
1453 2295 1756 2372 Consilio
1800 2298 2328 2396 Metropolitani,
2384 2308 2454 2370 et
2506 2307 2933 2371 caeterorum
2969 2298 3507 2404 Episcoporum,

139 2425 282 2477 coe.
338 2407 671 2500 accipiat.

450 2559 575 2632 111.
686 2559 1022 2647 Quoniam
1066 2563 1341 2632 minime
1392 2561 1700 2632 terminis
1751 2581 1793 2629 a
1826 2557 2141 2632 Patribus
2195 2559 2458 2631 statutis
2511 2556 2869 2630 transferri
2913 2557 3186 2650 debent,
3242 2582 3469 2634 unus-

142 2666 431 2759 quisque
456 2661 854 2760 Episcopus
908 2663 1292 2760 descriptos
1346 2661 1476 2737 sibi
1525 2666 1855 2737 terminos
1907 2662 2287 2759 possideat,
2341 2671 2411 2734 et
2462 2661 2754 2735 alienam
2807 2661 3179 2735 dioecesim
3234 2665 3467 2736 nulla-

134 2777 337 2839 tenus
392 2768 727 2857 invadat3
761 2770 921 2860 jure
971 2771 1247 2865 proprio
1303 2777 1582 2841 servato
1620 2770 1689 2838 in
1726 2765 2123 2858 regnandis,
2179 2765 2677 2838 consecrandis
2729 2765 3092 2858 Ecclesiis,
3146 2768 3264 2841 vel
3319 2768 3464 2839 Sa-

138 2870 547 2945 cerdotibus
599 2873 1118 2968 promovendis,
1174 2882 1377 2968 atque
1431 2894 1470 2943 a
1527 2892 1653 2945 suo
1706 2869 2051 2965 Episcopo
2106 2868 2411 2943 Chrisma
2468 2869 2955 2965 accipiendum.

450 3027 577 3100 IV.
686 3027 775 3100 Ut
828 3009 1316 3123 possessiones
1369 3026 1862 3119 Ecclesiarum,
1935 3048 2112 3122 quae
2163 3048 2287 3121 pro
2343 3030 2646 3121 peccatis
2715 3027 3139 3100 conditorum
3195 3026 3465 3101 oblatae

130 3141 289 3204 sunt
324 3131 419 3203 ad
456 3132 802 3204 honorem
841 3141 1257 3222 sanctorum,
1314 3129 1778 3204 saecularibus
1831 3133 2108 3204 minime
2143 3134 2654 3225 mancipentur3
2710 3135 2862 3227 quia
2900 3154 3016 3207 res
3051 3132 3205 3205 Deo
3245 3134 3466 3206 semel

129 3234 455 3309 dedicata
512 3235 816 3309 humano
872 3235 1168 3310 dominio
1226 3235 1420 3310 suhdi
1473 3258 1611 3309 non
1666 3234 1889 3308 debet.

450 3391 543 3464 V.
653 3390 743 3464 Ut
814 3395 875 3464 si
947 3415 1072 3488 qua
1144 3391 1465 3465 Ecclesia
1541 3390 1657 3465 vel
1727 3393 2086 3486 possessio
2157 3412 2282 3485 per
2346 3390 2773 3485 privilegium
2846 3413 2886 3463 a
2957 3389 3267 3465 fidelihus
3335 3390 3463 3466 suh

122 3496 579 3569 anathemate
632 3498 703 3568 in
745 3498 1099 3592 principali
1148 3495 1468 3570 Ecclesia
1524 3495 1596 3568 S.
1625 3495 1809 3567 Petri
1862 3494 2154 3590 apostoli
2210 3494 2519 3566 subditae
2574 3504 2750 3582 sunt,
2807 3498 3079 3567 minime
3132 3494 3472 3587 substan-

120 3610 235 3672 tur
286 3598 868 3692 (subtrahantur)
926 3611 1254 3696 quatenus
1292 3610 1380 3673 ·et
1432 3598 1871 3673 offerentibus
1925 3608 1995 3671 et
2045 3620 2162 3671 res
2215 3602 2363 3693 ipsa
2415 3595 2756 3673 tuentibus
2811 3597 3060 3673 Christi
3113 3598 3465 3694 Clavigeri

120 3702 311 3776 Petri
366 3713 699 3777 tueantur
752 3704 1112 3800 suffragiis.

451 3859 577 3933 vI.
685 3859 775 3933 Ut
830 3864 888 3933 si
941 3861 1171 3934 divino
1218 3860 1478 3953 judicio
1533 3862 1602 3932 in
1644 3859 1923 3931 tumultu
1978 3855 2195 3953 plebis
2248 3857 2577 3955 Princeps
2631 3860 3029 3953 provinciae
3084 3858 3460 3949 occidatur,

124 3969 281 4060 quia
340 3963 536 4061 quod
592 3987 634 4035 a
690 3966 915 4038 multis
971 3968 1404 4037 committitur
1453 3964 1729 4036 inultum
1784 3971 2039 4053 manet,
2093 3962 2211 4035 vel
2263 3984 2387 4057 pro
2443 3964 2594 4057 ipso
2645 3972 2836 4035 reatu
2892 3964 3122 4057 quiss)
3181 3984 3464 4056 cogno-

120 4081 361 4162 scunt,
424 4067 715 4142 obnoxii
770 4067 1021 4142 dehent
1074 4092 1236 4143 esse
1273 4090 1397 4164 pro
1433 4072 1582 4165 ipsa
1619 4072 1841 4140 anima
1899 4068 2380 4162 eleemosynas
2435 4064 2697 4154 facere,
2755 4076 2826 4138 et
2862 4069 2922 4138 si
2958 4088 3155 4160 quam
3193 4065 3460 4138 Eccle-

120 4180 303 4248 siam
367 4173 752 4264 dedicavit,
808 4173 924 4246 vel
974 4172 1256 4248 libertos
1308 4172 1497 4263 fecit,
1553 4172 1954 4261 defendere,
2010 4193 2299 4242 uxorem
2355 4180 2468 4242 aut
2519 4169 2695 4244 filios
2751 4169 3022 4243 fovere·
3048 4166 3369 4264 henigne.

450 4329 604 4402 Vll.
712 4328 800 4401 Ut
856 4332 916 4403 si
971 4333 1118 4424 quis
1172 4330 1510 4421 malignus
1584 4325 1837 4400 diaboli
1908 4329 2145 4422 spiritu
2210 4326 2413 4398 affato
2471 4288 2820 4417 (afflatus)
2894 4325 3218 4417 singulari
3273 4346 3458 4396 con-

113 4437 307 4524 silio,
352 4438 542 4509 sicut
567 4433 810 4523 Judas,
864 4434 1225 4507 Dominum
1263 4456 1459 4506 suum
1514 4433 1868 4521 occiderit,
1922 4430 2149 4527 lapide
2185 4453 2225 4503 e
2266 4431 2446 4503 collo
2503 4450 2866 4525 suspenso,
2919 4426 3107 4500 ferro
3164 4451 3460 4524 corpore

116 4542 607 4634 praecinctus,
662 4539 825 4609 exul
860 4541 1226 4633 poeniteat.

450 4693 636 4766 Vlll.
741 4693 849 4765 De
915 4692 1280 4790 Episcopis
1351 4692 1774 4787 Ragusitano
1849 4696 1913 4764 dc
1985 4687 2447 4781 Catharitano,
2529 4710 2816 4784 quorum
2887 4687 3252 4763 manifeste
3324 4712 3458 4763 una

114 4797 341 4874 sedes
387 4798 846 4893 dignoscitur,
900 4800 1115 4892 ipsam
1170 4798 1568 4872 Dioecesim
1624 4819 1840 4891 aequa
1895 4796 2097 4868 lance
2149 4800 2329 4867 inter
2382 4816 2459 4867 se
2514 4792 2843 4885 dividant,
2896 4797 2990 4866 ita
3042 4804 3117 4867 ut
3169 4798 3228 4867 si
3280 4815 3457 4867 unus

112 4905 365 4977 dictae
418 4903 793 4976 Ecclesiae
854 4900 1101 4976 Pastor
1152 4900 1423 4992 obierit,
1492 4901 1716 4974 donec
1783 4901 2133 4974 ordinetur
2200 4897 2611 4994 Episcopus,
2680 4897 2996 4971 residens
3068 4897 3457 4994 Episcopus
3613 4906 3616 4909 ’

114 5015 349 5106 [psius
404 5006 778 5081 Ecclesiae
840 5005 1411 5081 Ecclesiasticam
1467 5028 1698 5079 curam
1753 5015 1970 5099 gerat.

448 5164 570 5239 lx.
672 5164 782 5237 De
834 5162 1095 5237 Licinio
1148 5163 1526 5261 Episcopo,
1582 5166 1756 5236 utin
1792 5161 2138 5249 Ecclesia,
2191 5163 2262 5233 in
2315 5181 2445 5255 qua
2503 5159 2849 5231 ordinatus
2905 5166 3037 5244 est,
3094 5161 3459 5228 contentus

114 5281 589 5370 permaneam
660 5279 732 5341 et
795 5268 1019 5342 nullus
1091 5268 1418 5364 deinceps
1489 5271 1557 5339 in
1631 5289 1712 5338 ea
1766 5266 2294 5361 Episcoporum,
2362 5264 2482 5336 vel
2551 5261 3117 5358 Presbyterorum
3169 5255 3457 5331 Missam

120 5378 469 5466 eetehret,
529 5375 757 5448 donec
806 5375 1126 5469 proprius
1177 5370 1564 5468 Episcopus
1620 5393 1772 5443 eam
1828 5377 2197 5450 consecret
2251 5372 2608 5442 canonice.
2687 5365 2764 5439 Si
2817 5367 2965 5459 quis
3018 5361 3457 5459 postmodum

336 5544 507 5611 (Purs-
540 5539 583 5594 1.
627 5538 802 5593 Privil.
839 5544 897 5590 et
929 5535 1141 5601 Libere.)
2983 5490 3030 5564 2
