3950 5917
3311 419 3465 506 393

1386 1035 2223 1121 ccxxxvlu.

1012 1324 1222 1395 Anno
1282 1322 1518 1396 1721.
1600 1324 1717 1395 die
1776 1322 1899 1395 17.
1957 1324 2154 1415 Majae'.
2239 1321 2549 1397 Viennae

12 1635 13 1682 3
120 1578 551 1662 Carolus
642 1580 770 1661 ΙΙΙ.
865 1579 1069 1663 Rex
1160 1589 1673 1690 angustiis
1766 1589 2137 1664 aerarii
2229 1610 2707 1690 pressuS,
2822 1587 3267 1690 ordinat,
3360 1601 3460 1670 ut

11 1685 15 1884 ,
123 1715 590 1799 croatiae
655 1718 1001 1798 Status
1093 1745 1367 1800 unam
1461 1724 2009 1803 alteramve
2103 1724 2612 1829 legionem
2698 1729 3118 1805 aestivis
3196 1752 3458 1807 men-

118 1854 407 1937 sibus
521 1867 1162 1963 sustentent,
1248 1872 1435 1938 .aut
1530 1858 1852 1940 50.000
1940 1861 2159 1941 t'lor.
2252 1863 2433 1942 hoc
2525 1866 2908 1943 nomine
3022 1866 3454 1972 solvant,

118 2006 677 2099 speratque
740 1995 1086 2075 Status
1150 1996 1621 2106 Oroatiae
1684 1999 1930 2077 hanc
1994 2000 2438 2104 ejusdem
2499 2001 3227 2081 ordinationem
3293 2029 3452 2085 suo

1081 2159 1504 2214 assensu
1568 2135 2179 2239 probaturos
2242 2162 2496 2217 esse.

115 2401 541 2478 GAROLUS
618 2402 941 2477 DIVINA
1002 2404 1315 2479 Favente
1386 2403 1796 2581 Clementiat
1832 2405 2114 2583 Eltztcztus
2167 2407 2629 2482 Romanorum
2711 2410 3087 2506 Imperator
3159 2414 3453 2508 Semper

1593 2533 1768 2604 ugus
1800 2532 1880 2581 us
1952 2601 1960 2606 Δ
2003 2534 2063 2583 c.

3376 2734 3467 2826 ᾖ.

275 2740 285 2747 ’
418 2729 850 2822 'Reverendi,
924 2731 1407 2821 Honorabiles,
1478 2731 1908 2830 spectabiles
1990 2729 2075 2807 ac
2144 2734 2515 2832 Magnifici,
2594 2760 2728 2811 nec
2797 2760 2936 2811 non
3015 2738 3300 2834 Egregij

108 2834 427 2925 Nobiles,
490 2834 732 2907 fideles
769 2834 984 2909 Nobis
1023 2836 1272 2909 dilecti.
1328 2838 1626 2909 Aliunde
1671 2838 1893 2934 palam
1949 2849 2060 2912 est
2111 2840 2450 2931 omnibus,
2503 2851 2662 2935 post
2712 2839 2890 2914 bella
2936 2852 3071 2915 tam
3109 2835 3462 2937 diuturna,‘

106 2962 339 3035 eaque
392 2942 831 3033 gravissima.
894 2938 1239 3029 confecta,
1293 2944 1628 3015 aerarium
1686 2941 2011 3015 Nostrum
2065 2941 2762 3040 Caesareo-Regium
2799 2954 2980 3019 tanta
3038 2948 3221 3020 mole
3273 2971 3449 3044 pre-

12 3041 15 3052 ’
104 3047 225 3133 mi,
310 3052 385 3115 ut
455 3047 650 3116 oneri
715 3044 996 3116 ulterius
1067 3042 1387 3135 ferendo,
1468 3048 1598 3117 nisi
1672 3046 1985 3119 omnibus
2055 3045 2533 3140 haereditarijs
2603 3048 2866 3143 Regnis
2920 3060 2990 3122 et
3056 3051 3450 3145 Provincijs

106 3144 382 3220 Nostris
438 3150 507 3218 in
581 3168 990 3220 concursum
1062 3169 1280 3242 aequa
1355 3148 1554 3219 lance
1610 3151 1911 3221 attractis
1983 3152 2200 3244 intpar
2251 3150 2456 3245 plane
2510 3160 2582 3224 et
2650 3151 3103 3245 insufficiens,
3185 3155 3447 3248 absque

107 3251 326 3322 milite
380 3259 608 3321 tamen
664 3260 1082 3323 conservato
1143 3262 1209 3323 et
1262 3249 1489 3322 debite
1544 3252 1768 3323 soluto
1823 3250 2134 3346 publicae
2189 3251 2556 3326 Securitati
2609 3265 2679 3327 et
2733 3260 3074 3328 communi
3142 3261 3462 3328 omnium*

104 3352 294 3426 bono
353 3374 438 3424 ac
489 3357 698 3448 quieti
751 3363 1188 3449 prospectum
1244 3358 1411 3427 satis
1467 3375 1604 3424 non
1661 3356 1787 3443 sit3
1842 3364 1913 3427 ut
1949 3354 2127 3427 adeo
2180 3355 2286 3428 bis
2341 3361 2616 3430 motivis
2669 3362 2985 3455 permoti,
3039 3358 3202 3430 licet
3244 3379 3441 3433 more

100 3460 439 3529 maiorum
481 3456 910 3545 Nostrorum,
967 3457 1189 3551 quoad
1245 3479 1370 3553 per
1419 3456 1726 3552 publicas
1778 3461 2084 3530 rationes
2138 3457 2287 3530 fieri
2333 3460 2546 3550 valet,
2604 3462 3074 3536 charissimum
3115 3460 3443 3534 Nostrum

99 3559 633 3632 haereditarium
692 3559 1011 3633 Croatiae
1064 3560 1377 3654 Regnum
1453 3560 1779 3653 singulari
1852 3585 2129 3657 semper
2179 3562 2665 3637 benevolentia
2721 3567 3280 3660 complectamur,
3351 3564 3442 3638 ad

100 3673 494 3737 extremum
567 3664 765 3736 aliter
839 3664 1074 3736 facere
1146 3687 1283 3737 non
1347 3668 1792 3760 potuerimus,
1874 3668 2034 3761 quin
2115 3668 2183 3740 in
2262 3666 2332 3739 id
2385 3669 2682 3739 currenti
2749 3667 2888 3741 boc
2941 3689 3121 3740 anno
3175 3676 3440 3762 partem

99 3789 379 3862 quoque
454 3770 714 3854 oneris,
794 3771 924 3840 etsi
995 3771 1364 3858 minimam,
1433 3768 1933 3859 derivaremns,
1990 3770 2058 3842 id
2112 3780 2219 3845 est
2288 3793 2492 3844 unam
2546 3772 2924 3844 alteramve
2994 3769 3341 3863 legionem
3396 3794 3438 3843 a

96 3875 316 3966 prima
376 3870 572 3943 buius
627 3874 885 3942 mensis
928 3869 1119 3963 Maji,
1174 3894 1305 3966 qua
1362 3871 1491 3944 illis
1546 3871 1679 3943 buc
1732 3873 2146 3946 movendum
2202 3884 2377 3965 erat,
2429 3879 2498 3947 in
2535 3865 2826 3948 aestivis
2876 3872 3253 3964 mensibus,
3308 3897 3440 3948 se-

96 3973 394 4046 cuudum
450 3975 898 4067 regulamenti
955 3977 1019 4046 in
1070 3972 1415 4067 Hungaria
1470 3997 1594 4070 pro
1634 3975 1881 4071 hyeme
1935 3976 2257 4071 publicati
2309 3988 2621 4052 tenorem
2659 3989 2729 4052 et
2765 4001 3101 4070 normam,
3150 3988 3437 4053 susten-

12 4089 13 4098 ’
91 4077 373 4150 tendam
430 4078 676 4150 ibidem
735 4088 804 4150 et
857 4077 1323 4151 dislocandam
1382 4082 1983 4170 constitueremus,
2035 4081 2155 4154 vel
2209 4083 2357 4154 eius
2412 4082 2572 4156 loco
2623 4086 2691 4156 iu
2745 4093 2986 4180 parato
3023 4105 3189 4155 aere
3226 4085 3437 4177 quiu-

93 4184 423 4276 quaginta
481 4183 663 4252 mille
700 4179 1031 4271 florenos,
1087 4186 1264 4256 sicut
1299 4180 1364 4255 id
1400 4182 1721 4255 electioni
1758 4194 2039 4257 vestrae
2088 4185 2467 4259 clementer
2498 4186 2970 4282 relinquimus,
3025 4186 3435 4260 alternative

88 4293 547 4381 prompteque
602 4294 1148 4379 expectaremus.
1212 4284 1324 4368 ,Ut
1378 4308 1553 4359 vero
1607 4288 1824 4381 ipsum
1877 4287 2015 4360 hoc
2067 4310 2242 4361 onus
2293 4290 2601 4363 ulteriori
2653 4291 3025 4363 lenimento
3076 4299 3439 4384 tempera-

90 4398 235 4461 tum
290 4386 497 4461 vobis
551 4388 850 4462 Statibus
904 4393 1161 4484 totique
1215 4389 1462 4482 Regno
1516 4390 1742 4462 levius
1797 4391 2092 4481 accidat,
2170 4390 2469 4486 benigne
2522 4395 2778 4490 pariter
2827 4393 3286 4485 indulgemus,
3356 4385 3442 4467 ut*

88 4503 387 4586 uterque
443 4488 895 4564 Generalatus
947 4491 1506 4566 Varasdiniensis
1562 4504 1633 4567 et
1685 4492 2287 4587 Carlostadiensis,
2361 4495 2743 4569 Cameralia
2815 4499 2977 4571 item
3047 4495 3227 4569 bona
3283 4516 3430 4568 no·-

86 4606 233 4670 stra
290 4599 466 4667 intra
520 4595 745 4684 Regni
816 4596 1063 4669 limites
1119 4600 1275 4679 sita,
1325 4597 1442 4670 vel
1498 4597 1654 4670 dum
1708 4598 2065 4695 praefatae
2132 4598 2452 4694 legiones
2503 4602 2575 4673 in
2630 4597 2974 4673 Croatiam
3029 4599 3436 4694 dirigendae

86 4709 160 4774 et
225 4697 479 4770 ibidem
535 4698 1011 4789 collocandae,
1081 4699 1199 4771 vel
1255 4699 1410 4772 dum
1467 4702 1618 4793 ejus
1674 4702 1830 4776 loco
1887 4725 2011 4776 aes
2063 4713 2368 4798 paratum
2421 4707 2759 4801 praestari
2813 4705 3170 4794 voluerit,=
3207 4725 3435 4798 aequa

84 4805 539 4900 proportione
594 4802 820 4875 habita
875 4806 939 4874 in
997 4805 1230 4875 oneris
1281 4814 1542 4899 partem
1597 4809 1898 4880 veniant.
1982 4804 2211 4893 Quare
2265 4806 2354 4880 de
2409 4817 2943 4882 commonstrata
2997 4817 3233 4882 vestra
3287 4829 3431 4903 pe-

86 4908 333 4979 culiari
383 4904 774 5001 illibataque
830 4928 1106 5003 semper
1161 4906 1291 4979 lide
1343 4929 1429 4979 ac
1464 4907 1712 5005 publici
1766 4909 1924 4982 boni
1979 4910 2433 5006 promovendi
2487 4911 2713 4986 studio
2766 4912 3148 4986 clementer
3197 4910 3430 4985 confi·-

86 5010 342 5099 dimus,
404 5008 559 5083 Vos
611 5010 908 5105 desuper
958 5021 1267 5107 prompte
1323 5011 1704 5106 seduloque
1774 5012 2298 5105 deliberaturos,
2354 5036 2645 5112 eamque
2697 5018 3063 5112 positivam
3120 5024 3190 5089 et
3242 5036 3429 5088 con-

88 5136 335 5209 gruam
410 5112 989 5201 declarationem,
1086 5118 1179 5187 uti
1251 5123 1485 5188 nostra
1559 5114 1647 5188 de
1710 5114 1931 5189 Vobis
2003 5138 2169 5212 spes
2250 5128 2453 5216 atque
2529 5119 3009 5216 inseparabilis
3077 5142 3119 5191 a
3189 5126 3430 5193 vestra

85 5220 561 5291 incolumitate
614 5218 895 5311 Servitij
950 5217 1184 5292 Nostri
1241 5217 1593 5292 Caesareo
1638 5217 1842 5313 Regij
1900 5242 1987 5292 ac
2037 5220 2285 5316 publici
2356 5221 2521 5296 boni
2587 5227 2894 5297 rationes
2966 5233 3203 5322 aperte
3264 5245 3456 5294 ma·-

84 5319 485 5419 nifesteque
555 5323 942 5419 postulant,
1014 5343 1103 5396 eo
1176 5326 1396 5418 magis
1468 5326 1619 5398 sine
1690 5321 2145 5399 haesitatione
2218 5324 2501 5401 daturos
2569 5324 2755 5419 fore,
2823 5349 2981 5400 cum
3047 5349 3174 5425 per
3233 5328 3458 5422 inte-j

296 5508 458 5577 (rm
485 5506 528 5562 1.
570 5506 746 5563 rava
778 5516 834 5562 οι
863 5506 1087 5578 uben.)
2907 5483 3010 5559 ⁵0
