3950 5917
1574 521 1581 530 ,
1620 541 1623 550 ,
3308 439 3462 528 ais

1234 661 1769 778 Articulus
1820 658 2370 759 Septimus.

31 836 34 881 ¹
456 868 535 942 In
588 870 759 946 rixis
823 881 894 944 et
944 868 1361 962 tumultibus,
1415 873 1545 972 qui
1578 893 1730 944 cum
1781 874 2140 967 sangvinis
2210 869 2611 968 profusione
2663 867 2853 963 fient,
2922 893 3085 945 reus
3142 871 3464 967 quinque,

31 1024 32 1033 x
142 973 261 1050 vel
313 973 521 1047 etiam
572 996 697 1072 pro
753 973 1030 1048 arbitrio
1099 973 1347 1048 Jndiefi
1402 961 1660 1072 plnres,
1731 976 1858 1051 sed
1911 973 2000 1050 ad
2051 997 2387 1051 summum
2440 985 2602 1049 octo
2652 972 2958 1050 florenos
3010 973 3466 1068 Ungaricales

148 1101 230 1151 ac
278 1077 480 1153 laeso
534 1100 886 1176 expensas
941 1089 1012 1152 et
1063 1078 1336 1170 damna,
1387 1102 1525 1154 nec
1573 1101 1713 1153 non
1767 1077 2128 1177 Chyrurgo
2195 1078 2490 1154 debitam
2559 1079 2955 1170 mercedem
3029 1079 3278 1153 solvat.
3383 1077 3465 1151 In

146 1183 299 1256 aliis
347 1203 554 1272 vero,
607 1195 787 1278 qnae
838 1181 1140 1278 absque
1130 1185 1504 1278 sanguinis
1557 1182 1923 1275 effusione,
1976 1183 2260 1260 vibratis
2313 1184 2588 1280 gladiis,
2641 1165 2793 1260 sola
2843 1184 3322 1280 percussione,
3377 1180 3467 1275 ad

152 1290 266 1359 ..i
312 1307 469 1360 cum
524 1289 722 1381 signa
773 1287 892 1360 vel
944 1289 1083 1361 alio
1134 1288 1560 1363 insolentiori
1608 1286 1817 1361 modo
1871 1292 2397 1380 committentur,
2441 1285 2746 1363 florenos
2797 1286 3250 1384 Ungaricales
3302 1301 3468 1358 ine-²

31 1426 32 1503 ᾗ
154 1389 337 1464 dium
379 1398 501 1464 aut
535 1393 870 1485 integrum
921 1390 1282 1482 florenum,
1336 1391 1573 1466 autad
1607 1414 1939 1467 summum
1995 1396 2195 1465 etiam
2251 1401 2579 1491 quatuor'3
2632 1390 2897 1473 Ansam
2931 1414 3208 1489 quoqne
3235 1390 3467 1464 talium

148 1499 452 1568 rixarum
506 1504 578 1567 et
626 1496 1027 1568 tumultuum
1091 1495 1528 1593 praebentes,
1601 1497 1847 1589 singuli
1900 1497 2200 1571 medium
2249 1497 2369 1570 vel
2423 1496 2511 1569 ad
2564 1518 2898 1571 summum
2962 1505 3110 1569 tres
3159 1493 3468 1568 florenos

144 1597 601 1694 ngaricales
656 1600 955 1689 solvant,
1008 1603 1100 1672 ita
1154 1610 1408 1693 tamen,
1460 1611 1534 1673 ut
1582 1603 1652 1675 in
1707 1599 1984 1674 arbitrio
2039 1604 2127 1676 sit
2176 1600 2426 1674 Judicii
2475 1622 2639 1675 reos
2694 1603 2837 1695 Jam
2894 1600 3224 1673 dictarum
3276 1598 3466 1670 mul-

143 1713 407 1777 ctarum
476 1706 700 1792 vices,
774 1707 950 1777 sieut
1000 1706 1068 1775 in
1123 1707 1324 1778 tertio
1400 1706 1685 1779 articulo
1755 1727 1880 1801 pro
1936 1705 2256 1801 qualitate
2329 1725 2671 1801 personae
2739 1705 2859 1779 vel
2928 1704 3119 1796 facti,
3189 1703 3342 1778 aliis
3394 1706 3465 1776 in

31 1838 32 1899 j
142 1805 457 1904 Corpore
510 1807 855 1903 suppliciis
911 1806 1212 1880 afficere.

1252 2049 1807 2142 Art‘fioulus
1888 2067 2368 2144 Octavus.

456 2271 626 2346 Post
674 2273 849 2346 tales
905 2283 1130 2345 autem
1181 2274 1373 2347 rixas
1428 2283 1498 2346 et
1547 2273 1892 2362 tumultus,
1948 2281 2019 2346 et
2065 2277 2125 2349 si
2175 2274 2366 2348 laesa
2422 2296 2582 2370 pars
2637 2272 2726 2347 ob
2763 2296 2956 2350 suam
3010 2271 3462 2352 offensionem

134 2378 394 2452 nuliam
452 2378 537 2451 ad
591 2375 902 2450 Judicem
956 2376 1308 2451 conferret
1360 2377 1778 2473 quaerelam,
1831 2377 2265 2452 nihilominus
2334 2387 2562 2452 tamen
2633 2388 2871 2452 contra
2922 2377 3141 2468 ReoS,
3214 2381 3274 2456 si
3324 2375 3460 2456 Ju-.

140 2480 327 2554 (licio
386 2479 478 2553 ob
532 2485 1001 2554 enormitatem
1056 2480 1221 2554 facti
1272 2485 1361 2554 ita
1416 2480 1782 2573 videbitur,
1838 2505 1931 2555 ex
1987 2481 2212 2556 officio
2268 2485 2397 2555 erit
2446 2481 2943 2580 inquirendum,
2997 2505 3082 2555 ac
3116 2503 3241 2579 pro
3280 2503 3461 2584 qua-

140 2586 339 2659 litate
394 2585 558 2658 facti
611 2590 739 2657 erit
788 2584 1318 2680 procedendum.

1306 2841 1858 2918 Articulus
1927 2843 2295 2922 Nonus.

459 3047 834 3126 Fornicarii
889 3048 1261 3141 manifesti,
1315 3054 1407 3124 nti
1459 3060 1531 3126 et
1580 3054 1772 3149 ipsae
1824 3049 2296 3143 Fornicariae,
2346 3052 2640 3128 uinculis
2689 3052 2762 3125 in
2794 3073 2973 3147 pane
3008 3063 3079 3128 et
3112 3076 3294 3150 aqua
3341 3074 3473 3150 per

138 3155 406 3250 aliquot
477 3153 626 3229 dies
696 3155 817 3229 vel
877 3176 1089 3252 opere
1144 3153 1415 3251 publico
1486 3159 1865 3252 puniantur.
1967 3103 2296 3228 Adulteri⁹
2350 3178 2528 3232 vero
2598 3165 2670 3231 et
2735 3165 3051 3253 raptores
3121 3156 3470 3253 {legimini

136 3259 401 3334 bellico
454 3259 796 3336 iudicandi
848 3281 932 3332 ac
983 3262 1185 3334 etiam
1234 3262 1305 3334 in
1358 3281 1650 3356 corpore
1704 3259 2085 3355 castigandi
2147 3258 2606 3334 subiiciantur.

1246 3519 1800 3593 Articulus
1878 3515 2382 3592 Decimus.

456 3724 938 3801 inobedientes
1009 3725 1155 3819 filii,
1228 3726 1349 3801 vel
1418 3729 1624 3801 etiam
1695 3728 1978 3822 gravius
2030 3728 2101 3799 in
2153 3734 2473 3823 parentes
2542 3733 2940 3820 peccantes,
3010 3745 3052 3797 a
3104 3722 3459 3800 Judicibus

127 3851 269 3928 pre
323 3834 669 3924 gravitate
717 3829 897 3905 facti
934 3852 1223 3904 carcere
1269 3831 1391 3906 vel
1443 3828 1772 3906 similibus
1827 3831 2178 3926 suppliciis
2227 3838 2701 3920 coerceantur,
2770 3828 2891 3902 vel
2950 3830 3155 3902 etiam
3209 3830 3270 3903 si
3323 3827 3472 3908 de-.

126 3935 383 4010 liutu-
410 3933 769 4009 Jndicibus
814 3937 909 4009 ita
946 3957 1237 4012 enorme
1264 3934 1607 4025 videatur,
1661 3932 1753 4005 ad
1783 3936 2097 4029 regimen
2146 3932 2466 4007 bellicum
2515 3935 3086 4022 transmittantur3
3138 3935 3201 4007 si
3234 3942 3463 4005 autem

128 4039 373 4114 levior
404 4042 497 4113 sit
530 4037 821 4113 filiorm
872 4040 1098 4138 culpa,
1151 4050 1390 4113 contra
1441 4037 1599 4113 illos
1652 4034 1914 4134 absque
1963 4036 2328 4111 Parentum
2382 4041 2823 4113 accusatione
2869 4036 3292 4111 Judicialiter
3320 4056 3466 4110 non

126 4141 579 4240 procedatur.

1168 4351 1727 4428 Articulus
1804 4348 2448 4425 Undecimus.

458 4557 948 4632 Peccuniariae
1020 4558 1315 4633 mulctae
1365 4579 1492 4657 pro
1545 4558 1860 4635 Judicum
1914 4570 1987 4634 et
2035 4568 2420 4635 ceterorum
2475 4558 2878 4634 officialium
2924 4557 3209 4636 Salat-iis
3261 4558 3465 4636 aliis-

31 4664 32 4733 }
126 4688 275 4760 que
334 4659 582 4737 Jndicii
634 4666 963 4760 expensis
1016 4663 1455 4761 applicentur.

1125 4939 1683 5016 Articulus
1771 4937 2488 5014 Duodecimus.

455 5144 783 5222 Profozio
835 5141 924 5220 ab
973 5147 1420 5220 incarceratis
1471 5151 1544 5217 et
1595 5146 1914 5222 arestatis
1960 5146 2278 5242 personis
2328 5147 2747 5243 inposterum
2798 5166 2941 5222 non
2991 5146 3165 5221 ultra
3217 5149 3459 5245 viginti

121 5255 446 5362 quinque
498 5250 821 5329 denarios
871 5253 1162 5350 exigere
1212 5249 1623 5347 permissum
1675 5249 1783 5324 sit.

2891 5536 3041 5613 40*
