3950 5917
3308 423 3465 498 205

160 622 305 698 liter
372 644 552 698 vnns
619 622 938 698 denarius
1016 626 1414 718 exigeretur
1482 633 1553 696 et
1600 628 2051 721 reciperetur,
2129 625 2443 720 preterea
2520 627 2822 722 inquilini
2893 648 3017 701 seu
3073 633 3455 709 seruitores

164 730 461 826 ipsorum
506 725 842 801 Nobilium
890 736 961 801 et
992 732 1659 824 possessionatorum
1710 728 2055 801 hominum
2107 728 2286 824 apud
2340 731 2563 803 curias
2618 728 2991 804 eorundem
3040 730 3463 828 residentes,

167 829 422 927 quibus,
482 829 604 905 sed
658 840 729 905 et
761 829 1161 926 coniugibus
1198 841 1269 904 et
1302 829 1533 905 liberis
1585 834 1887 928 ipsorum
1936 835 2161 904 victus
2214 832 2641 928 quotidianos
2687 855 2812 929 per
2850 833 3161 907 dominos
3218 856 3460 915 eorum

160 936 694 1026 ministraretur‚‘
726 938 839 1031 qui
873 935 960 1008 ad
1000 935 1403 1010 solutionem
1457 936 1836 1010 huiusmodi
1890 937 2180 1009 collecte
2215 936 2685 1010 mardurinalis
2720 939 2994 1011 minime
3035 946 3463 1036 tenerentur,

160 1047 354 1135 provt
435 1040 642 1112 etiam
695 1061 827 1111 nec
879 1036 964 1112 ab
1018 1042 1290 1135 antiquo
1369 1049 1678 1136 tempore
1759 1039 1962 1113 dicati
2038 1035 2511 1130 exstitissent...
2536 1043 2606 1112 in
2658 1041 2953 1113 medium
3032 1042 3312 1115 aliorum
3369 1044 3459 1122 ad

162 1141 560 1216 soluendum
613 1142 830 1217 dictos
881 1152 1252 1239 prouentus
1321 1152 1745 1216 arctarentur
1811 1152 1881 1216 et
1951 1143 2543 1239 compellerentur,
2615 1154 2684 1217 et
2734 1144 2912 1218 vltra
2965 1144 3093 1218 hec
3146 1153 3459 1242 tempore

69 1283 70 1320 t
163 1247 538 1319 exactionis
593 1244 927 1321 buiusmdi
978 1247 1508 1320 mardurinarum
1566 1247 1835 1320 diuersa
1892 1247 2210 1319 victualia
2263 1246 2644 1320 hominibus
2700 1257 2770 1320 et
2810 1251 3004 1344 equis
3057 1252 3459 1327 necessaria

162 1371 273 1445 per
319 1350 529 1422 villas
583 1351 652 1424 in
702 1349 910 1423 rebus
962 1374 1046 1424 ac
1096 1354 1164 1424 in
1217 1354 1523 1448 pecuniis
1575 1351 1749 1423 vltra
1804 1348 2100 1424 debitum
2170 1355 2635 1444 exigerentur,
2708 1351 3063 1448 multisque
3135 1352 3284 1426 aliis
3338 1352 3457 1431 dl-

165 1455 369 1526 uersis
426 1452 1016 1527 adiuuentionibus
1084 1456 1310 1528 incole
1383 1453 1541 1528 dicti
1593 1454 1816 1549 Regni
1869 1457 2086 1528 nostri
2154 1451 2522 1527 Sclauonie
2591 1465 3039 1548 grauarentur
3091 1465 3161 1528 et
3212 1459 3459 1552 oppri-

170 1567 522 1645 merentur„
583 1557 761 1653 quod
812 1561 882 1632 in
936 1561 1301 1630 maximum
1355 1560 1797 1655 preiudicium
1849 1562 2154 1655 ipsorum
2203 1558 2539 1631 Nobilium
2588 1562 3254 1654 possessionatorum
3310 1560 3453 1636 ho·-

167 1664 399 1733 minum
458 1661 746 1735 cederet
823 1666 1477 1758 oppressionemque
1538 1684 1902 1758 pauperum
1973 1673 2174 1757 atque
2246 1661 2631 1758 dampnum,
2703 1663 3159 1759 supplicarunt
3227 1665 3455 1764 itaque

169 1767 373 1837 nuncii
425 1768 575 1837 suis
631 1774 699 1837 et
750 1765 1056 1855 aliorum,
1137 1788 1418 1862 quorum
1475 1788 1677 1862 supra
1732 1765 2113 1839 nominibus
2183 1777 2418 1839 nostre
2469 1765 2808 1841 Maiestati
2875 1767 3108 1838 humili
3176 1789 3458 1863 precum

169 1870 492 1958 instantia,
549 1878 628 1940 vt
680 1869 937 1942 eisdem
993 1874 1174 1942 circa
1229 1875 1557 1966 premissa
1612 1871 1830 1964 regali
1883 1868 2008 1943 sub
2060 1870 2398 1942 lenamine
2453 1870 2992 1966 prouideremus.,
3057 1869 3239 1942 vnde
3291 1892 3449 1964 nos,

172 1976 267 2065 qui
312 1981 713 2044 cunctorum
794 1983 1180 2047 nostrorum
1261 1973 1671 2046 subditorum
1753 1972 1950 2045 nobis
2006 1971 2300 2045 fidelium
2355 1995 2450 2046 ex
2504 1973 2732 2046 officio
2809 1978 3026 2047 nostri
3104 1976 3457 2068 regiminis

69 2147 70 2168 ἶ
167 2097 352 2149 casus
423 2078 720 2149 nociuos
771 2099 898 2173 per
941 2088 1269 2150 consueta
1341 2077 1643 2150 remedia
1713 2075 2122 2164 reformare,
2177 2100 2261 2149 ac
2312 2080 2558 2150 iniuste
2630 2081 2929 2172 grauatis
2985 2087 3053 2150 et
3105 2081 3460 2174 oppressis

69 2187 70 2206 ³
171 2182 340 2274 regia
393 2180 824 2276 prouidentia
880 2181 1180 2254 solemus
1230 2181 1618 2269 subuenire,
1675 2179 2269 2277 supplicationibus
2340 2180 2662 2277 predictis
2722 2181 2939 2275 regali
3010 2185 3260 2276 pietate
3317 2204 3460 2258 ex—

175 2282 393 2357 auditis
457 2294 529 2357 et
588 2284 962 2357 clementer
1029 2284 1344 2359 admissis
1412 2285 1727 2357 volumus
1783 2339 1801 2356 .
1843 2338 1908 2356 ..
1963 2284 2169 2357 modo
2225 2285 2548 2379 deinceps
2601 2294 2671 2358 et
2721 2288 3138 2380 inposterum
3205 2284 3457 2364 huius-

177 2386 337 2460 modi
389 2396 768 2483 prouentus
821 2387 1310 2462 mardurinales
1364 2392 1432 2461 in
1486 2388 1665 2462 dIcto
1720 2388 1965 2483 Regno
2004 2397 2240 2461 nostro
2288 2387 2653 2461 Sclauonie
2703 2392 2889 2460 iuxta
2944 2389 3461 2484 dispositionem

173 2490 487 2585 quondam
544 2491 987 2565 Serenissimi
1035 2496 1356 2588 principis
1422 2492 1672 2564 domini
1718 2490 2135 2586 Sigismundi
2204 2491 2638 2587 Imperatoris
2693 2503 2764 2565 et
2813 2492 3028 2585 Regis
3084 2491 3459 2584 Hungarie„

179 2597 272 2665 aui
324 2598 543 2672 nostri
598 2597 843 2668 eodem
888 2595 1120 2687 modo,
1175 2619 1307 2692 quo
1353 2607 1722 2693 prouentus
1777 2596 1946 2668 lucri
1987 2593 2274 2668 Camere
2328 2607 2563 2669 nostre
2612 2600 2683 2668 in
2735 2595 2870 2669 boc
2920 2595 3164 2689 Regno
3218 2606 3459 2672 nostro

177 2694 498 2792 Hungarie
559 2700 868 2772 dicantur
915 2709 986 2772 et
1035 2703 1423 2794 exiguntur,
1476 2709 1552 2773 vt
1608 2710 1764 2795 puta
1820 2700 1906 2772 de
1956 2700 2242 2792 singulis
2298 2703 2589 2796 quinque
2640 2704 2854 2796 portis
2924 2722 3100 2772 vnus
3156 2696 3458 2773 florenos

69 2835 70 2882 ;
179 2806 306 2875 auri
354 2814 466 2874 aut
516 2803 724 2876 valor
777 2804 1080 2878 eiusdem
1154 2808 1302 2879 sine
1357 2804 1575 2900 aliqua
1653 2806 1970 2876 nouitatis
2050 2803 2439 2877 inductione
2521 2814 2851 2878 consueto
2932 2814 3239 2899 tempore
3296 2808 3463 2880 exi-

69 2885 72 2988 l

183 2915 373 2996 gatur.
479 2906 825 2994 Quocirca
905 2907 1105 2980 vobis
1187 2907 1494 2980 fidelibus
1579 2910 1828 2980 nostris
1908 2905 2320 2979 dicatoribns
2374 2917 2446 2980 et
2495 2907 2932 2980 exactoribus
3004 2907 3463 3002 predictorum

185 3023 606 3100 prouentuum
659 3011 1201 3083 mardurinalinm
1255 3015 1324 3083 in
1375 3011 1640 3107 prefato
1714 3011 1960 3105 Regno
2014 3022 2250 3085 nostro
2306 3009 2673 3084 Sclauonie
2728 3034 2907 3084 nunc
2959 3013 3339 3084 constitutis
3395 3022 3467 3086 et

191 3114 250 3181 in
291 3112 578 3187 futurum
645 3115 1156 3202 constituendis,
1230 3114 1464 3187 barum
1536 3118 1717 3190 serie
1778 3113 2059 3187 firmiter
2128 3118 2580 3210 precipientes
2635 3114 3056 3203 mandamus,
3130 3125 3463 3209 quatenus

185 3217 402 3290 amodo
455 3223 880 3314 inposterum
933 3218 1243 3292 omnibus
1296 3218 1596 3292 affuturis
1649 3216 2066 3314 temporibus
2119 3222 2531 3314 prescriptos
2592 3228 2963 3315 prouentus
3015 3217 3455 3292 Mardurina—

197 3315 284 3390 les
326 3323 690 3396 secundum
745 3322 1117 3419 predictam
1168 3322 1682 3417 dispositionem
1735 3345 1860 3396 seu
1916 3321 2404 3394 ordinationem
2478 3332 2785 3418 tempore
2840 3330 3171 3394 consueto
3222 3345 3261 3390 a
3317 3345 3459 3415 po·-

189 3422 335 3513 pulis
384 3437 451 3499 et
500 3423 1002 3519 Job'agionibus
1073 3430 1205 3498 iam
1277 3426 1568 3499 fatorum
1639 3425 1976 3499 Nobilium
2031 3435 2100 3496 et
2150 3425 2494 3498 hominum
2564 3428 3230 3522 possessionatorum
3307 3426 3467 3501 dicti

187 3532 356 3619 regni
402 3534 625 3603 nostri
679 3531 1046 3603 Sclauonie
1118 3535 1405 3625 exigere
1461 3541 1530 3602 et
1584 3531 1817 3603 leuare
1874 3527 2205 3616 debeatis.5
2275 3552 2409 3600 nec
2480 3531 2907 3623 quidcunque
2981 3529 3263 3623 amplius
3336 3550 3461 3624 pro

193 3626 320 3703 dica
367 3636 480 3707 vel
539 3635 764 3728 sigillo
821 3645 935 3705 aut
984 3638 1347 3730 quittancia
1399 3635 1516 3707 vel
1573 3633 1778 3707 etiam
1831 3637 2129 3729 portario
2184 3656 2309 3706 seu
2363 3633 2692 3706 hostiario
2728 3643 2965 3706 vestro
3019 3642 3281 3727 petere,
3338 3653 3469 3709 seu

192 3732 340 3808 vltra
388 3736 686 3811 debitum
756 3739 977 3834 aliqua
1059 3739 1374 3811 victualia
1431 3742 1498 3811 in
1551 3738 1758 3810 rebus
1813 3748 1928 3810 aut
1979 3741 2048 3811 in
2102 3740 2408 3834 pecuniis
2457 3760 2496 3807 a
2552 3738 2821 3810 villanis
2874 3746 2943 3807 et
2996 3737 3243 3809 villicis
3292 3757 3467 3831 pre·-

190 3833 361 3913 dictis
412 3846 702 3936 exigere
756 3864 881 3915 seu
931 3852 1344 3939 extorquere
1398 3844 1822 3936 aliquatenus
1877 3845 2377 3937 presummatis‚
2447 3842 2763 3914 volumus
2828 3844 3057 3927 ettam,
3128 3848 3204 3912 vt
3256 3840 3464 3917 villici

69 3973 70 3976 ¹
193 3949 252 4012 et
293 3946 585 4040 inquilini
659 3968 782 4020 seu
854 3950 1227 4021 seruitores
1298 3943 1581 4042 predicti
1652 3955 1888 4018 contra
1955 3949 2295 4039 antiquam
2368 3945 2525 4018 dicti
2579 3949 2778 4040 regni
2828 3948 3044 4016 nostri
3099 3942 3467 4021 Sclauonie

69 4077 70 4090 ¹
191 4050 729 4122 cousuetudinem
780 4054 850 4122 in
903 4049 1283 4123 huiusmodi
1331 4050 1669 4122 dicatione
1717 4072 1858 4122 non
1910 4060 2522 4138 connumerentur;
2594 4049 2719 4124 sed
2775 4073 2814 4120 a
2868 4049 3097 4121 talium
3155 4069 3469 4142 prouen-

193 4153 352 4222 tuum
401 4154 739 4227 solutione
791 4158 980 4226 iuxta
1031 4157 1325 4251 priorem
1384 4153 1946 4228 consuetudinem
2000 4156 2277 4227 omnino
2326 4152 2521 4226 liberi
2577 4157 2713 4227 sint
2781 4165 2852 4240 et
2903 4154 3276 4249 supportati
3328 4152 3466 4230 ba-

191 4245 478 4347 beantur,
548 4280 753 4332 secus
805 4257 1041 4330 facere
1095 4281 1233 4331 non
1286 4261 1515 4331 ausuri
1567 4261 1636 4331 in
1689 4259 2069 4354 premissis,
2140 4268 2499 4353 presentes
2571 4257 2843 4330 tandem
2918 4265 3071 4353 post
3141 4255 3471 4333 lecturam

198 4373 443 4453 semper
489 4361 684 4434 reddi
708 4359 1043 4436 .iuhemus
1114 4365 1552 4457 presentanti.
1656 4361 1900 4433 Datum
1970 4361 2164 4434 Bude
2235 4361 2533 4434 Sabbato
2607 4365 2922 4457 proximo
2990 4368 3146 4432 ante
3217 4358 3471 4437 festum

199 4454 505 4538 cathedre
558 4464 738 4538 beati
791 4465 973 4538 Petri
1025 4464 1362 4561 Apostoli.
1415 4466 1620 4538 Anno
1655 4465 1930 4538 Domini
1982 4464 2346 4541 millesimo
2404 4464 3070 4560 quadringentesimo
3125 4467 3471 4560 quinqua-

187 4567 436 4651 gesimo
485 4573 794 4665 septimo.
855 4569 1194 4643 Bohemie.
1239 4592 1411 4642 vero
1467 4626 1484 4642 .
1515 4625 1532 4642 .
1564 4625 1580 4642 .
1612 4626 1628 4640 .
1732 4569 1882 4642 Nos
1933 4572 2162 4664 itaque
2217 4569 2599 4644 humillimis
2654 4580 2724 4642 et
2775 4569 3040 4642 deuotis
3114 4567 3469 4663 supplica-

197 4665 459 4745 tionibus
520 4671 934 4770 prefatorum
996 4672 1332 4747 Nobilium
1385 4673 1610 4768 Regni
1682 4677 1898 4746 nostri
1953 4672 2321 4747 Sclauonie
2394 4678 2585 4768 regia
2640 4671 3057 4768 benignitate
3129 4670 3471 4750 exauditis

203 4777 262 4837 et
303 4773 663 4852 clementer
714 4777 1058 4871 admissis,
1127 4781 1542 4874 prescriptas
1601 4778 1861 4851 litteras
1935 4777 2096 4850 dicti
2169 4777 2507 4872 quondam
2581 4778 2835 4851 domini
2903 4775 3197 4850 Ladislai
3249 4775 3470 4876 Regis

201 4889 320 4945 non
366 4877 639 4955 abrasas
689 4905 830 4956 non
885 4936 1144 4955 ......
1200 4882 1419 4978 aliqua
1474 4885 1581 4955 sui
1634 4891 1825 4976 parte
1881 4891 2266 4977 suspectas,
2319 4885 2525 4954 immo
2579 4905 2770 4955 mere
2824 4891 2895 4954 et
2946 4883 3216 4954 sincere
3268 4885 3475 4956 verl-

205 4978 338 5093 kntis
389 4984 766 5079 integritate
821 4986 1306 5082 prepollentes,
1377 4984 1946 5082 presentibusque
2000 4986 2241 5060 litteris
2310 4989 2564 5060 nostris
2636 4986 2723 5059 de
2775 4983 2994 5058 verbo
3046 4983 3134 5057 ad
3184 4982 3477 5064 verbum

207 5095 333 5152 ⁸1³0
378 5084 805 5164 diminutione
857 5101 930 5164 et
979 5100 1345 5185 augmento
1400 5089 1674 5185 aliquali
1720 5092 2044 5179 insertas,
2107 5089 2332 5185 quoad
2383 5111 2625 5164 omnes
2698 5113 2934 5162 earum
2988 5140 3350 5163 ........
3404 5100 3479 5167 et

212 5185 494 5265 uficnlos
546 5248 852 5269 .......
909 5193 1358 5292 approbamus
1413 5201 1483 5266 et
1534 5190 1976 5282 ratificamus,
2047 5214 2306 5290 easque
2378 5215 2471 5267 ex
2540 5203 2730 5266 certa
2801 5202 3038 5267 nostre
3088 5191 3471 5274 Maiestatis

207 5287 477 5367 sciencia
526 5308 594 5376 et
641 5301 868 5373 animo
948 5297 1324 5374 deliberato
1386 5296 1809 5370 Prolatorum
1864 5299 2068 5370 etiam
2122 5306 2195 5369 et
2242 5296 2584 5371 Baronum
2638 5307 3027 5373 nostrorum
3078 5297 3164 5370 ad
3217 5295 3289 5372 id
3340 5320 3479 5376 ac-

203 5389 466 5472 cedente
514 5403 798 5482 consilio
857 5425 984 5502 pro
1038 5402 1321 5502 prefatis
1372 5398 1730 5476 Nobilibus
1782 5399 2010 5496 Regni
2061 5402 2274 5477 nostri
2328 5400 2698 5478 Sclauonie
2748 5399 3178 5500 presentibus
3231 5411 3303 5475 et
3354 5399 3481 5482 tu-
