3950 5917
1478 1023 2002 1108 Lxxvl.

1123 1325 1333 1399 Anno
1377 1326 1416 1399 1
1429 1324 1613 1399 289.
1680 1327 1920 1400 Tertio
1956 1325 2122 1398 Idus
2154 1326 2370 1401 lunii.

146 1582 601 1668 ladislaus
666 1586 799 1666 IV.
864 1586 1061 1668 Rex
1145 1586 1502 1667 «loanni
1573 1599 1670 1667 et
1728 1587 2247 1667 Leonardo
2311 1586 2871 1670 comitibus
2936 1590 3051 1671 de
3112 1590 3420 1673 Vino-

146 1720 299 1829 dol,
375 1723 762 1805 Modrus
835 1735 932 1804 et
988 1724 1352 1831 Veglia
1448 1730 2178 1830 possessiones
2268 1750 2448 1805 nec
2538 1749 2727 1806 non
2810 1729 2973 1833 jus
3068 1740 3415 1833 patro-

235 1871 484 1942 natus
552 1861 1108 1943 Ecclesiae
1164 1860 1895 1944 Corbaviensis
1958 1875 2054 1943 et
2106 1863 2666 1967 Senyensis
2731 1866 3287 1946 confirmat.

386 2128 773 2223 Ladislaus‚
813 2128 924 2203 dei
961 2133 1194 2225 gracia
1223 2130 1602 2225 Hungarie‚
1654 2132 2041 2225 Dalmacie‚
2096 2130 2416 2226 Croacie‚
2468 2132 2716 2226 Reme,
2770 2133 3042 2226 Serme,
3100 2134 3416 2229 Gallicie‚

142 2226 503 2324 Lodomerie,
576 2231 1051 2330 Cumanieque
1105 2234 1288 2322 Rex,
1358 2238 1704 2310 vniuersis
1762 2234 2010 2309 Christi
2081 2235 2420 2326 fidelibus,
2489 2247 2629 2310 tam
2679 2237 3136 2334 presentibus,
3209 2264 3414 2335 quam

141 2328 346 2424 futuris,
400 2341 840 2433 presencium
888 2341 1209 2410 noticiam
1260 2336 1614 2431 habituris,
1668 2339 1958 2414 salutem
2012 2342 2081 2412 in
2134 2343 2433 2414 omnium
2482 2341 2849 2416 saluatore.
2954 2342 3250 2436 Dignum
3304 2353 3417 2417 est

144 2446 201 2507 et
236 2450 742 2514 consentaneum
795 2443 1081 2532 racioni‚
1132 2450 1212 2515 vt
1246 2464 1357 2532 ea,
1412 2464 1545 2537 que
1597 2465 1725 2538 per
1772 2444 2044 2517 inclitos
2098 2465 2337 2538 reges,
2387 2447 2868 2540 progenitores
2922 2456 3226 2537 nostros,
3282 2445 3415 2521 sibi

142 2534 370 2615 fideliter
415 2541 984 2641 obsequentibus,
1055 2547 1233 2619 iuste
1288 2556 1359 2618 et
1407 2545 1712 2639 legitime
1783 2555 1940 2620 sunt
1993 2545 2268 2638 collata,
2337 2557 2668 2644 perpetuo
2721 2547 2976 2621 robore
3046 2547 3417 2623 fulciantur

149 2651 199 2711 et
226 2646 656 2721 inuiolabiliter
716 2647 1187 2721 obseruantur.
1278 2648 1575 2720 Proinde
1631 2648 1716 2720 ad
1769 2651 2251 2723 vniuersorum
2305 2652 2626 2723 noticiam
2677 2660 2922 2723 tenore
2974 2657 3413 2747 presencium

142 2745 389 2823 volumus
435 2754 831 2847 peruenire.
891 2751 1089 2837 Quod
1141 2748 1411 2825 nobiles
1464 2753 1596 2824 viri
1647 2752 2028 2841 Johannes,
2082 2752 2483 2827 Leonardus
2539 2765 2607 2825 et
2657 2755 3034 2827 eorundem
3086 2754 3235 2845 filii,
3290 2756 3411 2828 filii

146 2853 347 2923 comitis
374 2852 527 2951 Vyd
572 2855 668 2927 de
707 2853 1091 2949 Wynodoh
1145 2853 1535 2927 Modrussia
1592 2864 1662 2927 et
1711 2854 1963 2949 vegla,
2017 2858 2248 2930 missis
2303 2854 2391 2928 ad
2445 2878 2572 2930 nos
2626 2857 3180 2952 procuratoribus
3234 2862 3408 2950 suis,

145 2968 177 3018 a
221 2965 398 3027 nostra
445 2961 646 3052 regia
707 2960 1064 3053 pecierunt
1114 2957 1456 3029 humiliter
1506 2957 1949 3054 supplicando
2004 2962 2389 3050 maiestate,
2461 2959 2643 3055 quod
2715 2982 2846 3034 nos
2916 2965 3418 3058 possessiones

145 3070 345 3143 comm,
403 3062 632 3150 villas,
704 3059 968 3155 predia,
1040 3061 1350 3150 castella,
1421 3061 1705 3151 insulas„
1771 3083 2084 3153 nemora,
2156 3072 2404 3153 terras,
2473 3063 2734 3155 silvas,
2805 3066 2953 3136 iura
3006 3073 3411 3161 patronatus

148 3158 515 3234 ecclesiarum
581 3162 677 3236 de
737 3159 1077 3236 Gorbouia
1133 3174 1205 3235 et
1256 3163 1343 3236 de
1384 3162 1689 3260 Scenya,
1744 3187 1877 3260 que
1932 3174 2003 3235 et
2055 3186 2226 3258 quas
2281 3186 2376 3237 ex
2429 3165 2810 3239 collacione
2861 3168 3215 3240 illustrium
3252 3168 3418 3242 Re-

146 3274 260 3349 gum
300 3261 660 3360 Hungarie‚
727 3270 1241 3362 progenitorum
1294 3277 1710 3359 nostrorum,
1779 3270 2042 3362 piarum
2087 3266 2682 3358 recordacionum.,
2752 3272 2930 3344 iuste
2985 3280 3056 3342 et
3104 3271 3411 3363 legitime

142 3366 545 3460 possederunt,
602 3373 716 3443 eis
769 3370 1159 3465 relinquere
1213 3369 1675 3463 dignaremur,
1729 3379 1800 3442 et
1850 3380 2090 3442 nostro
2142 3371 2501 3465 priuilegio
2559 3370 2991 3445 confirmare.
3102 3372 3409 3460 Quorum

139 3480 235 3536 nos
275 3471 440 3545 iustis
490 3471 954 3568 peticionibus
1006 3470 1474 3546 fauorabilitcr
1524 3474 1850 3564 inclinati,
1904 3471 2471 3569 attendentesque
2549 3473 2896 3548 fidelitatis
2949 3486 3020 3548 et
3072 3480 3409 3549 seruitio-

136 3582 247 3638 rum
281 3579 495 3647 merita
532 3579 863 3670 graciosa
921 3575 1298 3649 eorundem
1330 3575 1690 3666 Johannis‚
1742 3575 2113 3667 Leonardi‚
2165 3575 2626 3671 predictorum
2677 3581 3025 3666 comitum,
3080 3601 3213 3674 que
3265 3578 3412 3651 ka-

136 3671 358 3749 tissimis
404 3678 965 3774 progenitoribus
1019 3682 1275 3753 nostris
1328 3677 1696 3753 illustribus
1741 3677 2048 3773 Regibus
2085 3679 2436 3774 Hungarie
2489 3691 2561 3753 et
2599 3680 2948 3778 Stephano
3002 3682 3184 3776 Regi
3232 3686 3409 3778 patri

135 3784 315 3848 nostro
359 3782 829 3855 reuererendo
895 3804 1050 3855 cum
1102 3780 1346 3855 fauore
1417 3804 1681 3857 summe
1750 3781 2101 3857 fidelitatis
2171 3784 2671 3880 impenderunt,
2742 3797 2942 3880 prout
3010 3785 3211 3859 nobis
3279 3808 3410 3882 per

140 3875 452 3957 relaciones
512 3885 829 3959 fidelium
899 3895 1289 3959 nostrorum
1343 3895 1453 3960 est
1502 3885 1815 3976 relatum,
1884 3885 2408 3961 considerantes
2480 3898 2552 3959 et
2618 3885 2951 3983 obsequia
3023 3889 3406 3961 eorundem

136 3986 383 4077 intuita,
433 4010 566 4084 quc
622 3991 697 4061 in
750 3992 1165 4084 recepcione
1215 3993 1615 4062 nunciorum
1686 3998 2078 4063 nostrorum
2129 3986 2216 4060 ad
2271 3991 2528 4060 curiam
2581 3990 2963 4062 Romanam
3018 4001 3090 4062 et
3141 3991 3228 4063 ad
3281 3995 3404 4063 in-

134 4080 367 4159 inclitum
413 4090 744 4165 Karulum
796 4091 1066 4186 Regem
1119 4091 1379 4189 Sycilie
1433 4102 1503 4164 et
1551 4091 1737 4166 filios
1809 4113 1976 4166 suos
2039 4099 2377 4185 cognatos
2447 4102 2726 4167 nostros
2796 4092 3213 4188 perdilectos
3265 4092 3412 4166 de·-

136 4186 489 4285 stin-torum,
562 4195 1041 4291 hospitalitatis
1107 4199 1411 4289 graciam
1480 4193 1940 4292 inpendendo,
2013 4214 2152 4266 non
2205 4196 2356 4266 sine
2410 4197 2677 4288 magnis
2733 4216 2973 4268 eorum
3026 4195 3405 4291 sumptibus

132 4286 559 4389 inpenderunt,
608 4308 691 4371 vt
740 4297 1058 4389 fideliter,
1127 4302 1232 4374 sic
1283 4298 1563 4389 deuote,
1616 4303 1983 4372 vniuorsas
2034 4300 2527 4392 possessiones
2581 4320 2847 4388 eorum,
2917 4297 3183 4394 predia,
3254 4300 3408 4373 vil-

130 4382 223 4479 ’88η
266 4402 559 4493 castella,
617 4411 867 4492 terras,
919 4401 1206 4493 insulas⁹
1260 4425 1571 4494 nemora,
1622 4402 1859 4491 siluas,
1912 4404 2061 4473 iura
2111 4409 2507 4497 patronatus
2561 4402 3012 4474 ecclesiarum
3067 4401 3155 4474 de
3210 4401 3401 4474 Cor-

128 4486 281 4568 huia
326 4513 391 4575 et
438 4506 528 4578 de
585 4502 891 4600 Scenya‚
944 4527 1079 4602 que
1133 4515 1205 4579 et
1255 4528 1425 4601 quas
1479 4509 1659 4578 iusto
1713 4505 1903 4577 titulo
1957 4504 2356 4578 collacionis
2418 4503 2881 4600 predictorum
2938 4502 3210 4598 Regum
3261 4527 3404 4601 pa-

126 4594 279 4672 Gffioe
315 4607 795 4698 possederunt,
847 4626 1056 4705 super
1099 4607 1341 4705 quibus
1383 4608 1671 4699 litteras,
1723 4608 2082 4705 priuilegia
2138 4630 2265 4681 seu
2315 4610 2682 4680 munimina
2734 4605 3192 4703 predictorum
3243 4607 3410 4683 Re—

126 4716 249 4789 gun
291 4718 353 4778 et
380 4708 601 4806 Regis
640 4709 966 4807 Stephani
1017 4716 1229 4809 patris
1265 4715 1481 4786 nostri
1532 4711 1902 4804 karissimi,
1954 4711 2260 4805 legitime
2312 4719 2616 4806 optenta,
2666 4708 2923 4785 habent
2970 4712 3088 4786 uel
3136 4710 3407 4787 habere

126 4798 398 4902 dicuntur,
448 4826 523 4888 et
554 4815 901 4889 voluerint
949 4826 1355 4912 presentare
1387 4816 1547 4889 loco
1584 4824 1656 4888 et
1687 4824 2001 4912 tempore
2052 4815 2479 4911 opportunis,
2534 4813 2798 4888 eisdem
2848 4813 3170 4906 Johanni‚
3203 4814 3408 4891 Leo-

128 4907 291 4981 Mnlo
336 4926 402 4987 et
448 4918 621 5012 filijs
673 4940 913 4993 eorum
966 4918 1356 5009 comitibus,
1409 4928 1481 4993 et
1528 4940 1658 5014 per
1710 4940 1836 4994 eos
1883 4921 2188 5013 ipsorum
2254 4915 2624 4992 heredibus
2692 4917 3162 5015 heredumque
3216 4939 3398 4993 suo-

130 5025 239 5082 mn
290 5021 826 5113 successoribus,
878 5024 1320 5118 relinquimus
1398 5020 1693 5120 pacifice
1770 5020 2256 5117 possidendas,
2336 5019 2673 5094 tenendas
2743 5031 2816 5095 ct
2877 5018 3257 5111 habendas,
3329 5028 3406 5093 et

130 5126 495 5203 mucium
575 5128 973 5199 auctoritate
1054 5127 1375 5200 duximus
1457 5123 1992 5216 confirmandas,
2071 5123 2403 5221 dupplicis
2483 5124 2690 5219 sigilli
2741 5128 2960 5200 nostri
3030 5123 3407 5197 munimine

130 5214 474 5301 roborando.
581 5226 829 5302 Datum
905 5251 1032 5325 per
1098 5252 1341 5304 manus
1420 5226 1839 5303 venerabilis
1919 5229 2132 5324 patris
2212 5223 2533 5320 Gregorii
2612 5226 2726 5300 dei
2777 5228 3015 5320 gracia
3089 5224 3408 5322 episcopi

127 5315 574 5422 &udiensiffi
631 5332 783 5406 aule
835 5342 1071 5409 nostre
1126 5333 1547 5426 cancellariJ‚
1601 5332 1827 5408 dilecti
1881 5340 1951 5405 et
2003 5328 2230 5405 fidelis
2283 5334 2521 5406 nostri.
2599 5331 2807 5405 Anno
2859 5327 3118 5403 domini
3163 5326 3404 5401 mille-

288 5486 498 5554 σιτ-1.
541 5490 715 5547 ffivn.
750 5490 1052 5564 numm)
2826 5454 2928 5532 18
