3950 5917
520 405 680 479 458

523 611 872 683 cellarium
943 606 1309 702 publicum,
1392 606 1632 680 decem
1708 607 2138 681 adminimum
2214 608 2672 683 commembra
2758 608 3010 681 adesse
3083 608 3460 705 oportebit;
3543 607 3629 679 ab
3715 608 3840 678 hoc

518 733 730 811 porro
785 709 970 784 Foro
1026 708 1509 806 Capitaneatus
1562 708 1765 782 Urbis
1823 708 2092 783 Causae
2148 710 2323 784 infra
2376 712 2688 785 valorem
2745 711 2949 784 1000
3003 710 3049 782 fl
3124 710 3634 808 inappellabiles
3691 714 3843 797 siut,

523 818 596 889 in
650 816 800 888 aliis
854 837 895 885 e
952 835 1299 886 converso
1355 814 1636 905 majoris
1705 811 2027 886 substrati
2082 812 2325 888 Causis
2381 816 2742 910 appellatio
2798 815 2896 886 ad
2963 815 3294 885 Tabulam
3350 817 3529 887 hanc
3591 817 3842 884 liano-

524 919 657 991 len·
712 927 784 990 et
860 919 963 990 sic
1034 916 1315 990 ulterius
1385 916 1471 988 ad
1526 916 1852 988 Tabulam
1934 929 2237 990 nostram
2293 917 2582 1011 Regiam
2663 927 2734 989 et
2786 915 3353 1012 Septemviralem
3436 918 3843 1002 admittatur,

527 1019 1322 1115 Transmissioualesquc
1373 1019 1834 1092 extradentur.

839 1173 1281 1248 ordinatione
1351 1175 1483 1246 bac
1534 1174 1754 1268 Regia
1827 1174 1911 1247 ad
1968 1176 2251 1247 alteram
2316 1178 2519 1247 etiam
2571 1186 2834 1270 partem
2888 1175 3252 1248 Districtus
3309 1175 3848 1262 Commercialis,

527 1300 624 1352 ex
684 1278 859 1351 locis
910 1278 1378 1351 Jurisdiotioni
1430 1278 1823 1370 Hungariae
1878 1275 2208 1370 subJ'ectis
2259 1282 2745 1364 enascituram„
2815 1278 3171 1349 Buccarim
3227 1301 3495 1374 nempe.
3568 1277 3849 1350 Bucca-

525 1383 782 1453 riczam
877 1391 948 1453 et
1025 1381 1300 1453 Portum
1379 1377 1701 1475 Regium„
1801 1381 1990 1453 velut
2068 1381 2252 1454 Loca
2330 1380 2796 1454 Jurisdictioui
2879 1380 3357 1453 CommerciaIi
3431 1381 3851 1453 Fluminensi

529 1482 1033 1572 connectenda,
1113 1507 1198 1556 ac
1278 1488 1345 1556 iu
1401 1483 1795 1556 consimiles
1876 1482 2158 1557 Liberas
2232 1481 2767 1558 commerciales
2842 1482 3376 1556 communitates
3461 1483 3850 1569 evehenda,

525 1587 893 1660 intellecta.

842 1743 1058 1829 Quam
1130 1733 1414 1835 proinde
1488 1743 1982 1814 ordinationem
2057 1764 2139 1813 ac
2210 1743 2680 1837 provisionem
2752 1750 3057 1814 nostram
3111 1741 3398 1834 Regiam
3473 1763 3596 1836 pro
3655 1739 3850 1812 Con-

529 1868 705 1940 grua
783 1849 1018 1917 notitia
1103 1855 1172 1916 et
1251 1848 1358 1917 sui
1436 1842 1811 1917 directione
1890 1843 2359 1918 Fidelitatibus
2437 1846 2692 1918 vestris
2771 1866 2905 1916 una
2987 1843 3368 1917 clementer
3446 1847 3852 1916 intimamus.

532 1948 796 2035 Quibus
866 1951 935 2021 in
997 1949 1260 2043 reliquo
1316 1950 1533 2042 gratia
1590 1958 1659 2021 et
1713 1948 2075 2021 clementia
2132 1957 2365 2020 nostra
2423 1944 3048 2039 Caesareo-Regia
3101 1945 3399 2041 benigne
3461 1949 3853 2040 jugiterque

530 2072 919 2148 propensae
1000 2073 1376 2125 manemus.
1484 2051 1729 2123 Datum
1806 2055 1875 2124 in
1944 2049 2456 2123 Archi-Ducali
2526 2048 2819 2124 Civitate
2899 2058 3135 2124 nostra
3193 2048 3472 2123 ⁴Vienna
3525 2049 3852 2122 Austriae

532 2154 647 2228 die
698 2157 1034 2249 vigesima
1090 2176 1272 2227 nona
1329 2156 1584 2228 mensis
1638 2155 1960 2249 Augusti,
2038 2156 2242 2227 Anno
2295 2154 2569 2227 Domini
2640 2153 3003 2227 millesimo
3056 2154 3673 2249 septingentesimo
3730 2175 3856 2224 se-

530 2260 962 2353 ptuagesimo
1017 2261 1328 2352 septimo.

843 2463 1092 2537 Maria
1149 2464 1543 2536 Theresia
1597 2484 1687 2534 m.
1744 2485 1807 2557 p.

2113 2663 2365 2741 Comes
2418 2664 2828 2740 Franciscus
2881 2664 3275 2761 Ezterbazy
3334 2687 3420 2738 m.
3475 2686 3543 2760 p.

2299 2871 2644 2968 Iosephus
2697 2869 3079 2969 Jablanczy
3130 2894 3218 2943 m.
3270 2894 3334 2967 p.

1703 3178 1966 3242 Tenor
2031 3176 2690 3243 ludorsationicz

2090 3393 2316 3467 4468.

856 3602 1354 3700 spectabilibus
1428 3625 1512 3675 ac
1563 3600 1973 3696 magnificis,
2056 3599 2456 3675 Honorabili
2526 3603 2687 3674 item
2745 3609 2815 3674 et
2867 3599 3191 3695 Egregiis
3263 3597 3344 3671 N.
3401 3596 3481 3670 N.
3559 3596 3868 3670 Tabulae

544 3705 1751 3885 ggssffiffslffffigrffiecgsslmme
1827 3703 2145 3779 croatiae
2219 3714 2285 3778 et
2359 3704 2735 3779 Slavoniae
2805 3702 3141 3791 Praesidi,
3213 3712 3283 3775 et
3331 3699 3874 3788 Ammon-uma,

968 4015 1101 4089 Per
1153 4014 1589 4110 Sopronium‚
1644 4011 2026 4108 Zagrabiae
2083 4055 2181 4065 -—-
2233 4009 2349 4086 Ex
2402 4011 2563 4087 offo.

546 4270 628 4323 Ex
663 4285 854 4339 opere:
884 4270 968 4325 sse
1002 4269 1126 4323 lure
1160 4267 1403 4324 Oroatia
1442 4270 1504 4323 ad
1542 4267 1733 4321 Urbem
1770 4268 2085 4336 rou-tumque
2115 4267 2528 4321 mantuensem.
