<?xml version="1.0" encoding="UTF-8"?>
<!DOCTYPE html PUBLIC "-//W3C//DTD XHTML 1.0 Transitional//EN"
    "http://www.w3.org/TR/xhtml1/DTD/xhtml1-transitional.dtd">
<html xmlns="http://www.w3.org/1999/xhtml" xml:lang="en" lang="en">
 <head>
  <title>
</title>
<meta http-equiv="Content-Type" content="text/html;charset=utf-8" />
  <meta name='ocr-system' content='tesseract 3.04.00' />
  <meta name='ocr-capabilities' content='ocr_page ocr_carea ocr_par ocr_line ocrx_word'/>
</head>
<body>
  <div class='ocr_page' id='page_1' title='image "./juraregnicroati00etcgoog/juraregnicroati00etcgoog_0081.png"; bbox 0 0 3950 5917; ppageno 0'>
   <div class='ocr_carea' id='block_1_1' title="bbox 3322 431 3433 510">
    <p class='ocr_par' dir='ltr' id='par_1_1' title="bbox 3322 431 3433 510">
     <span class='ocr_line' id='line_1_1' title="bbox 3322 431 3433 510; baseline 0.045 -5"><span class='ocrx_word' id='word_1_1' title='bbox 3322 431 3433 510; x_wconf 81' lang='lat'><strong>65</strong></span> 
     </span>
    </p>
   </div>
   <div class='ocr_carea' id='block_1_2' title="bbox 136 629 3439 5483">
    <p class='ocr_par' dir='ltr' id='par_1_2' title="bbox 136 629 3439 5483">
     <span class='ocr_line' id='line_1_2' title="bbox 160 629 3434 733; baseline 0.001 -24"><span class='ocrx_word' id='word_1_2' title='bbox 160 637 254 710; x_wconf 85' lang='lat' dir='ltr'><strong>illo</strong></span> <span class='ocrx_word' id='word_1_3' title='bbox 294 636 397 709; x_wconf 87' lang='lat' dir='ltr'><strong>uel</strong></span> <span class='ocrx_word' id='word_1_4' title='bbox 428 636 551 711; x_wconf 88' lang='lat' dir='ltr'><strong>illis</strong></span> <span class='ocrx_word' id='word_1_5' title='bbox 595 629 810 709; x_wconf 84' lang='lat' dir='ltr'><strong>iudex</strong></span> <span class='ocrx_word' id='word_1_6' title='bbox 844 639 950 709; x_wconf 91' lang='lat' dir='ltr'><strong>ire</strong></span> <span class='ocrx_word' id='word_1_7' title='bbox 983 635 1329 710; x_wconf 85' lang='lat' dir='ltr'><strong>tenebitur</strong></span> <span class='ocrx_word' id='word_1_8' title='bbox 1378 647 1450 710; x_wconf 88' lang='lat' dir='ltr'><strong>et</strong></span> <span class='ocrx_word' id='word_1_9' title='bbox 1503 637 1572 709; x_wconf 93' lang='lat' dir='ltr'><strong>ei</strong></span> <span class='ocrx_word' id='word_1_10' title='bbox 1623 640 1872 709; x_wconf 84' lang='lat' dir='ltr'><strong>citator</strong></span> <span class='ocrx_word' id='word_1_11' title='bbox 1918 632 2241 708; x_wconf 86' lang='lat' dir='ltr'><strong>refundet</strong></span> <span class='ocrx_word' id='word_1_12' title='bbox 2268 655 2643 730; x_wconf 81' lang='lat' dir='ltr'><strong>expensas,</strong></span> <span class='ocrx_word' id='word_1_13' title='bbox 2674 656 2789 724; x_wconf 86' lang='lat' dir='ltr'><strong>eo,</strong></span> <span class='ocrx_word' id='word_1_14' title='bbox 2826 635 3008 730; x_wconf 89' lang='lat' dir='ltr'><strong>quod</strong></span> <span class='ocrx_word' id='word_1_15' title='bbox 3035 646 3434 733; x_wconf 61' lang='lat' dir='ltr'><strong>contempt}</strong></span> 
     </span>
     <span class='ocr_line' id='line_1_3' title="bbox 164 737 3432 836; baseline 0.001 -26"><span class='ocrx_word' id='word_1_16' title='bbox 164 743 500 812; x_wconf 73' lang='lat' dir='ltr'><strong>auctoritate</strong></span> <span class='ocrx_word' id='word_1_17' title='bbox 547 741 808 833; x_wconf 84' lang='lat' dir='ltr'><strong>regalis</strong></span> <span class='ocrx_word' id='word_1_18' title='bbox 860 741 1224 836; x_wconf 85' lang='lat' dir='ltr'><strong>priuilegii,</strong></span> <span class='ocrx_word' id='word_1_19' title='bbox 1286 739 1420 814; x_wconf 90' lang='lat' dir='ltr'><strong>sibi</strong></span> <span class='ocrx_word' id='word_1_20' title='bbox 1473 742 1757 833; x_wconf 82' lang='lat' dir='ltr'><strong>cog-niti,</strong></span> <span class='ocrx_word' id='word_1_21' title='bbox 1811 741 2199 833; x_wconf 84' lang='lat' dir='ltr'><strong>irrequisito</strong></span> <span class='ocrx_word' id='word_1_22' title='bbox 2254 737 2481 810; x_wconf 91' lang='lat' dir='ltr'><strong>iudice</strong></span> <span class='ocrx_word' id='word_1_23' title='bbox 2535 742 2851 829; x_wconf 88' lang='lat' dir='ltr'><strong>ciuitatis,</strong></span> <span class='ocrx_word' id='word_1_24' title='bbox 2905 737 3218 833; x_wconf 82' lang='lat' dir='ltr'><strong>fatigauit</strong></span> <span class='ocrx_word' id='word_1_25' title='bbox 3269 759 3432 812; x_wconf 83' lang='lat' dir='ltr'><strong>eum</strong></span> 
     </span>
     <span class='ocr_line' id='line_1_4' title="bbox 164 838 3436 938; baseline 0 -25"><span class='ocrx_word' id='word_1_26' title='bbox 164 841 359 914; x_wconf 76' lang='lat' dir='ltr'><strong>frasu-a</strong></span> <span class='ocrx_word' id='word_1_27' title='bbox 406 840 743 915; x_wconf 79' lang='lat' dir='ltr'><strong>laboribus</strong></span> <span class='ocrx_word' id='word_1_28' title='bbox 795 852 865 915; x_wconf 90' lang='lat' dir='ltr'><strong>et</strong></span> <span class='ocrx_word' id='word_1_29' title='bbox 913 846 1265 938; x_wconf 78' lang='lat' dir='ltr'><strong>expensis,</strong></span> <span class='ocrx_word' id='word_1_30' title='bbox 1374 840 1583 916; x_wconf 81' lang='lat' dir='ltr'><strong>Ciues</strong></span> <span class='ocrx_word' id='word_1_31' title='bbox 1654 853 1880 915; x_wconf 90' lang='lat' dir='ltr'><strong>autem</strong></span> <span class='ocrx_word' id='word_1_32' title='bbox 1950 840 2235 914; x_wconf 80' lang='lat' dir='ltr'><strong>liberam</strong></span> <span class='ocrx_word' id='word_1_33' title='bbox 2298 838 2596 914; x_wconf 76' lang='lat' dir='ltr'><strong>habeant</strong></span> <span class='ocrx_word' id='word_1_34' title='bbox 2665 841 3143 936; x_wconf 84' lang='lat' dir='ltr'><strong>undecumque</strong></span> <span class='ocrx_word' id='word_1_35' title='bbox 3211 844 3436 914; x_wconf 66' lang='lat' dir='ltr'><strong>uolu-</strong></span> 
     </span>
     <span class='ocr_line' id='line_1_5' title="bbox 163 942 3426 1039; baseline 0.001 -24"><span class='ocrx_word' id='word_1_36' title='bbox 163 949 297 1016; x_wconf 80' lang='lat' dir='ltr'><strong>erint</strong></span> <span class='ocrx_word' id='word_1_37' title='bbox 339 944 619 1038; x_wconf 84' lang='lat' dir='ltr'><strong>eligendi</strong></span> <span class='ocrx_word' id='word_1_38' title='bbox 669 944 1067 1019; x_wconf 77' lang='lat' dir='ltr'><strong>facultatem</strong></span> <span class='ocrx_word' id='word_1_39' title='bbox 1121 944 1416 1018; x_wconf 91' lang='lat' dir='ltr'><strong>iudicem</strong></span> <span class='ocrx_word' id='word_1_40' title='bbox 1473 949 1765 1019; x_wconf 89' lang='lat' dir='ltr'><strong>ciuitatis</strong></span> <span class='ocrx_word' id='word_1_41' title='bbox 1819 942 2020 1019; x_wconf 88' lang='lat' dir='ltr'><strong>nohis</strong></span> <span class='ocrx_word' id='word_1_42' title='bbox 2074 944 2632 1039; x_wconf 76' lang='lat' dir='ltr'><strong>presentandum,</strong></span> <span class='ocrx_word' id='word_1_43' title='bbox 2688 955 2760 1017; x_wconf 91' lang='lat' dir='ltr'><strong>et</strong></span> <span class='ocrx_word' id='word_1_44' title='bbox 2794 945 3096 1018; x_wconf 89' lang='lat' dir='ltr'><strong>mutandi</strong></span> <span class='ocrx_word' id='word_1_45' title='bbox 3123 945 3426 1019; x_wconf 86' lang='lat' dir='ltr'><strong>eundem</strong></span> 
     </span>
     <span class='ocr_line' id='line_1_6' title="bbox 164 1046 3434 1143; baseline 0.001 -24"><span class='ocrx_word' id='word_1_46' title='bbox 164 1051 440 1120; x_wconf 77' lang='lat' dir='ltr'><strong>mmtim</strong></span> <span class='ocrx_word' id='word_1_47' title='bbox 489 1069 612 1143; x_wconf 91' lang='lat' dir='ltr'><strong>pro</strong></span> <span class='ocrx_word' id='word_1_48' title='bbox 669 1071 799 1122; x_wconf 89' lang='lat' dir='ltr'><strong>sue</strong></span> <span class='ocrx_word' id='word_1_49' title='bbox 855 1047 1133 1120; x_wconf 86' lang='lat' dir='ltr'><strong>arbitrio</strong></span> <span class='ocrx_word' id='word_1_50' title='bbox 1185 1048 1574 1122; x_wconf 88' lang='lat' dir='ltr'><strong>uoluntatis.</strong></span> <span class='ocrx_word' id='word_1_51' title='bbox 1642 1049 1812 1121; x_wconf 91' lang='lat' dir='ltr'><strong>Item</strong></span> <span class='ocrx_word' id='word_1_52' title='bbox 1869 1051 1929 1122; x_wconf 88' lang='lat' dir='ltr'><strong>si</strong></span> <span class='ocrx_word' id='word_1_53' title='bbox 1965 1052 2116 1142; x_wconf 90' lang='lat' dir='ltr'><strong>quis</strong></span> <span class='ocrx_word' id='word_1_54' title='bbox 2171 1046 2258 1118; x_wconf 91' lang='lat' dir='ltr'><strong>de</strong></span> <span class='ocrx_word' id='word_1_55' title='bbox 2313 1050 2587 1119; x_wconf 88' lang='lat' dir='ltr'><strong>ciuitate</strong></span> <span class='ocrx_word' id='word_1_56' title='bbox 2641 1051 2790 1120; x_wconf 85' lang='lat' dir='ltr'><strong>sine</strong></span> <span class='ocrx_word' id='word_1_57' title='bbox 2843 1047 3103 1120; x_wconf 83' lang='lat' dir='ltr'><strong>herede</strong></span> <span class='ocrx_word' id='word_1_58' title='bbox 3158 1047 3434 1123; x_wconf 84' lang='lat' dir='ltr'><strong>deces-</strong></span> 
     </span>
     <span class='ocr_line' id='line_1_7' title="bbox 162 1149 3434 1246; baseline 0.001 -25"><span class='ocrx_word' id='word_1_59' title='bbox 162 1154 318 1240; x_wconf 80' lang='lat' dir='ltr'><strong>serit,</strong></span> <span class='ocrx_word' id='word_1_60' title='bbox 365 1151 444 1222; x_wconf 89' lang='lat' dir='ltr'><strong>de</strong></span> <span class='ocrx_word' id='word_1_61' title='bbox 490 1151 702 1224; x_wconf 88' lang='lat' dir='ltr'><strong>rebus</strong></span> <span class='ocrx_word' id='word_1_62' title='bbox 758 1155 903 1224; x_wconf 89' lang='lat' dir='ltr'><strong>suis</strong></span> <span class='ocrx_word' id='word_1_63' title='bbox 954 1149 1317 1224; x_wconf 83' lang='lat' dir='ltr'><strong>mobilibus</strong></span> <span class='ocrx_word' id='word_1_64' title='bbox 1370 1150 1652 1224; x_wconf 85' lang='lat' dir='ltr'><strong>liberam</strong></span> <span class='ocrx_word' id='word_1_65' title='bbox 1699 1149 1948 1223; x_wconf 88' lang='lat' dir='ltr'><strong>habeat</strong></span> <span class='ocrx_word' id='word_1_66' title='bbox 2010 1149 2415 1245; x_wconf 88' lang='lat' dir='ltr'><strong>disponendi</strong></span> <span class='ocrx_word' id='word_1_67' title='bbox 2466 1154 2869 1246; x_wconf 88' lang='lat' dir='ltr'><strong>cuicumque</strong></span> <span class='ocrx_word' id='word_1_68' title='bbox 2938 1152 3233 1224; x_wconf 90' lang='lat' dir='ltr'><strong>uoluerit</strong></span> <span class='ocrx_word' id='word_1_69' title='bbox 3302 1151 3434 1224; x_wconf 81' lang='lat' dir='ltr'><strong>fa·-</strong></span> 
     </span>
     <span class='ocr_line' id='line_1_8' title="bbox 162 1252 3428 1345; baseline 0.001 -22"><span class='ocrx_word' id='word_1_70' title='bbox 162 1253 435 1325; x_wconf 77' lang='lat' dir='ltr'><strong>eultatem.</strong></span> <span class='ocrx_word' id='word_1_71' title='bbox 492 1254 641 1327; x_wconf 89' lang='lat' dir='ltr'><strong>Res</strong></span> <span class='ocrx_word' id='word_1_72' title='bbox 692 1276 867 1326; x_wconf 90' lang='lat' dir='ltr'><strong>uero</strong></span> <span class='ocrx_word' id='word_1_73' title='bbox 915 1252 1325 1344; x_wconf 70' lang='lat' dir='ltr'><strong>immobiles,</strong></span> <span class='ocrx_word' id='word_1_74' title='bbox 1382 1253 1654 1345; x_wconf 89' lang='lat' dir='ltr'><strong>domos,</strong></span> <span class='ocrx_word' id='word_1_75' title='bbox 1711 1257 1995 1343; x_wconf 85' lang='lat' dir='ltr'><strong>curiam,</strong></span> <span class='ocrx_word' id='word_1_76' title='bbox 2048 1258 2317 1344; x_wconf 90' lang='lat' dir='ltr'><strong>uineas,</strong></span> <span class='ocrx_word' id='word_1_77' title='bbox 2370 1261 2593 1328; x_wconf 87' lang='lat' dir='ltr'><strong>terras</strong></span> <span class='ocrx_word' id='word_1_78' title='bbox 2641 1264 2711 1326; x_wconf 92' lang='lat' dir='ltr'><strong>et</strong></span> <span class='ocrx_word' id='word_1_79' title='bbox 2744 1253 3086 1345; x_wconf 85' lang='lat' dir='ltr'><strong>hedificia,</strong></span> <span class='ocrx_word' id='word_1_80' title='bbox 3141 1275 3428 1330; x_wconf 86' lang='lat' dir='ltr'><strong>suorum</strong></span> 
     </span>
     <span class='ocr_line' id='line_1_9' title="bbox 161 1355 3430 1452; baseline 0.002 -26"><span class='ocrx_word' id='word_1_81' title='bbox 161 1360 476 1428; x_wconf 83' lang='lat' dir='ltr'><strong>concinium</strong></span> <span class='ocrx_word' id='word_1_82' title='bbox 526 1355 763 1429; x_wconf 88' lang='lat' dir='ltr'><strong>habito</strong></span> <span class='ocrx_word' id='word_1_83' title='bbox 819 1358 1137 1446; x_wconf 92' lang='lat' dir='ltr'><strong>consilio,</strong></span> <span class='ocrx_word' id='word_1_84' title='bbox 1191 1359 1394 1431; x_wconf 82' lang='lat' dir='ltr'><strong>uxori</strong></span> <span class='ocrx_word' id='word_1_85' title='bbox 1442 1379 1567 1430; x_wconf 90' lang='lat' dir='ltr'><strong>sue</strong></span> <span class='ocrx_word' id='word_1_86' title='bbox 1620 1358 1733 1430; x_wconf 87' lang='lat' dir='ltr'><strong>uel</strong></span> <span class='ocrx_word' id='word_1_87' title='bbox 1787 1358 1992 1429; x_wconf 89' lang='lat' dir='ltr'><strong>alicui</strong></span> <span class='ocrx_word' id='word_1_88' title='bbox 2046 1365 2493 1450; x_wconf 84' lang='lat' dir='ltr'><strong>cognatorum</strong></span> <span class='ocrx_word' id='word_1_89' title='bbox 2549 1379 2823 1431; x_wconf 89' lang='lat' dir='ltr'><strong>suorum</strong></span> <span class='ocrx_word' id='word_1_90' title='bbox 2879 1358 3256 1452; x_wconf 87' lang='lat' dir='ltr'><strong>relinquat,</strong></span> <span class='ocrx_word' id='word_1_91' title='bbox 3325 1362 3430 1431; x_wconf 76' lang='lat' dir='ltr'><strong>ita</strong></span> 
     </span>
     <span class='ocr_line' id='line_1_10' title="bbox 158 1459 3434 1557; baseline 0.002 -29"><span class='ocrx_word' id='word_1_92' title='bbox 158 1467 353 1548; x_wconf 68' lang='lat' dir='ltr'><strong>umen,</strong></span> <span class='ocrx_word' id='word_1_93' title='bbox 401 1459 572 1554; x_wconf 88' lang='lat' dir='ltr'><strong>quod</strong></span> <span class='ocrx_word' id='word_1_94' title='bbox 643 1482 784 1534; x_wconf 89' lang='lat' dir='ltr'><strong>nec</strong></span> <span class='ocrx_word' id='word_1_95' title='bbox 849 1483 982 1556; x_wconf 90' lang='lat' dir='ltr'><strong>per</strong></span> <span class='ocrx_word' id='word_1_96' title='bbox 1027 1464 1276 1556; x_wconf 88' lang='lat' dir='ltr'><strong>ipsum,</strong></span> <span class='ocrx_word' id='word_1_97' title='bbox 1345 1482 1481 1533; x_wconf 89' lang='lat' dir='ltr'><strong>nec</strong></span> <span class='ocrx_word' id='word_1_98' title='bbox 1532 1483 1660 1557; x_wconf 92' lang='lat' dir='ltr'><strong>per</strong></span> <span class='ocrx_word' id='word_1_99' title='bbox 1708 1482 2029 1548; x_wconf 80' lang='lat' dir='ltr'><strong>uxorem,</strong></span> <span class='ocrx_word' id='word_1_100' title='bbox 2083 1483 2216 1533; x_wconf 88' lang='lat' dir='ltr'><strong>nec</strong></span> <span class='ocrx_word' id='word_1_101' title='bbox 2266 1481 2393 1556; x_wconf 89' lang='lat' dir='ltr'><strong>per</strong></span> <span class='ocrx_word' id='word_1_102' title='bbox 2445 1470 2784 1553; x_wconf 83' lang='lat' dir='ltr'><strong>cognatos</strong></span> <span class='ocrx_word' id='word_1_103' title='bbox 2836 1483 2876 1531; x_wconf 92' lang='lat' dir='ltr'><strong>a</strong></span> <span class='ocrx_word' id='word_1_104' title='bbox 2929 1460 3434 1534; x_wconf 82' lang='lat' dir='ltr'><strong>iurisdiccione</strong></span> 
     </span>
     <span class='ocr_line' id='line_1_11' title="bbox 160 1563 3430 1659; baseline 0.002 -26"><span class='ocrx_word' id='word_1_105' title='bbox 160 1564 387 1637; x_wconf 77' lang='lat' dir='ltr'><strong>ciuitatis</strong></span> <span class='ocrx_word' id='word_1_106' title='bbox 431 1567 650 1659; x_wconf 88' lang='lat' dir='ltr'><strong>possit</strong></span> <span class='ocrx_word' id='word_1_107' title='bbox 705 1565 1014 1654; x_wconf 89' lang='lat' dir='ltr'><strong>alienari,</strong></span> <span class='ocrx_word' id='word_1_108' title='bbox 1069 1565 1185 1637; x_wconf 88' lang='lat' dir='ltr'><strong>uel</strong></span> <span class='ocrx_word' id='word_1_109' title='bbox 1238 1566 1474 1654; x_wconf 83' lang='lat' dir='ltr'><strong>eximi,</strong></span> <span class='ocrx_word' id='word_1_110' title='bbox 1530 1565 1644 1636; x_wconf 92' lang='lat' dir='ltr'><strong>uel</strong></span> <span class='ocrx_word' id='word_1_111' title='bbox 1697 1564 1919 1637; x_wconf 89' lang='lat' dir='ltr'><strong>auelli.</strong></span> <span class='ocrx_word' id='word_1_112' title='bbox 1973 1564 2173 1654; x_wconf 85' lang='lat' dir='ltr'><strong>Item,</strong></span> <span class='ocrx_word' id='word_1_113' title='bbox 2229 1567 2287 1637; x_wconf 90' lang='lat' dir='ltr'><strong>si</strong></span> <span class='ocrx_word' id='word_1_114' title='bbox 2336 1566 2484 1657; x_wconf 89' lang='lat' dir='ltr'><strong>quis</strong></span> <span class='ocrx_word' id='word_1_115' title='bbox 2535 1567 2862 1638; x_wconf 85' lang='lat' dir='ltr'><strong>intestate</strong></span> <span class='ocrx_word' id='word_1_116' title='bbox 2915 1563 3300 1638; x_wconf 75' lang='lat' dir='ltr'><strong>decesserit</strong></span> <span class='ocrx_word' id='word_1_117' title='bbox 3353 1574 3430 1638; x_wconf 73' lang='lat' dir='ltr'><strong>et</strong></span> 
     </span>
     <span class='ocr_line' id='line_1_12' title="bbox 158 1665 3434 1764; baseline 0.001 -28"><span class='ocrx_word' id='word_1_118' title='bbox 158 1684 255 1736; x_wconf 74' lang='lat' dir='ltr'><strong>nec</strong></span> <span class='ocrx_word' id='word_1_119' title='bbox 294 1687 585 1756; x_wconf 84' lang='lat' dir='ltr'><strong>uxorem,</strong></span> <span class='ocrx_word' id='word_1_120' title='bbox 660 1689 797 1741; x_wconf 88' lang='lat' dir='ltr'><strong>nec</strong></span> <span class='ocrx_word' id='word_1_121' title='bbox 853 1666 1058 1755; x_wconf 87' lang='lat' dir='ltr'><strong>filios,</strong></span> <span class='ocrx_word' id='word_1_122' title='bbox 1130 1689 1265 1740; x_wconf 92' lang='lat' dir='ltr'><strong>nec</strong></span> <span class='ocrx_word' id='word_1_123' title='bbox 1318 1677 1657 1760; x_wconf 85' lang='lat' dir='ltr'><strong>cognatos</strong></span> <span class='ocrx_word' id='word_1_124' title='bbox 1728 1666 2081 1755; x_wconf 83' lang='lat' dir='ltr'><strong>habuerit3</strong></span> <span class='ocrx_word' id='word_1_125' title='bbox 2153 1665 2287 1738; x_wconf 88' lang='lat' dir='ltr'><strong>due</strong></span> <span class='ocrx_word' id='word_1_126' title='bbox 2356 1677 2591 1761; x_wconf 87' lang='lat' dir='ltr'><strong>partes</strong></span> <span class='ocrx_word' id='word_1_127' title='bbox 2661 1689 2891 1739; x_wconf 90' lang='lat' dir='ltr'><strong>rerum</strong></span> <span class='ocrx_word' id='word_1_128' title='bbox 2965 1689 3241 1741; x_wconf 87' lang='lat' dir='ltr'><strong>suarum</strong></span> <span class='ocrx_word' id='word_1_129' title='bbox 3293 1690 3434 1764; x_wconf 81' lang='lat' dir='ltr'><strong>per</strong></span> 
     </span>
     <span class='ocr_line' id='line_1_13' title="bbox 160 1767 3428 1866; baseline 0.001 -25"><span class='ocrx_word' id='word_1_130' title='bbox 160 1770 297 1842; x_wconf 76' lang='lat' dir='ltr'><strong>uiros</strong></span> <span class='ocrx_word' id='word_1_131' title='bbox 334 1767 456 1841; x_wconf 84' lang='lat' dir='ltr'><strong>fide</strong></span> <span class='ocrx_word' id='word_1_132' title='bbox 499 1770 779 1864; x_wconf 83' lang='lat' dir='ltr'><strong>dignos,</strong></span> <span class='ocrx_word' id='word_1_133' title='bbox 834 1771 1124 1845; x_wconf 91' lang='lat' dir='ltr'><strong>consilio</strong></span> <span class='ocrx_word' id='word_1_134' title='bbox 1177 1773 1425 1843; x_wconf 90' lang='lat' dir='ltr'><strong>ciuium</strong></span> <span class='ocrx_word' id='word_1_135' title='bbox 1462 1769 1549 1842; x_wconf 88' lang='lat' dir='ltr'><strong>ad</strong></span> <span class='ocrx_word' id='word_1_136' title='bbox 1585 1770 1720 1843; x_wconf 91' lang='lat' dir='ltr'><strong>hoc</strong></span> <span class='ocrx_word' id='word_1_137' title='bbox 1773 1769 2158 1866; x_wconf 88' lang='lat' dir='ltr'><strong>deputatos,</strong></span> <span class='ocrx_word' id='word_1_138' title='bbox 2212 1768 2623 1865; x_wconf 87' lang='lat' dir='ltr'><strong>pauperibus</strong></span> <span class='ocrx_word' id='word_1_139' title='bbox 2652 1779 2723 1842; x_wconf 88' lang='lat' dir='ltr'><strong>et</strong></span> <span class='ocrx_word' id='word_1_140' title='bbox 2752 1771 3054 1845; x_wconf 87' lang='lat' dir='ltr'><strong>ecclesie</strong></span> <span class='ocrx_word' id='word_1_141' title='bbox 3110 1770 3428 1844; x_wconf 86' lang='lat' dir='ltr'><strong>eiusdem</strong></span> 
     </span>
     <span class='ocr_line' id='line_1_14' title="bbox 158 1871 3430 1969; baseline 0.002 -28"><span class='ocrx_word' id='word_1_142' title='bbox 158 1873 383 1945; x_wconf 72' lang='lat' dir='ltr'><strong>ciuitatis</strong></span> <span class='ocrx_word' id='word_1_143' title='bbox 432 1871 953 1962; x_wconf 69' lang='lat' dir='ltr'><strong>distribuantur,</strong></span> <span class='ocrx_word' id='word_1_144' title='bbox 1032 1876 1233 1946; x_wconf 90' lang='lat' dir='ltr'><strong>tertia</strong></span> <span class='ocrx_word' id='word_1_145' title='bbox 1287 1896 1456 1946; x_wconf 91' lang='lat' dir='ltr'><strong>uero</strong></span> <span class='ocrx_word' id='word_1_146' title='bbox 1509 1896 1671 1969; x_wconf 90' lang='lat' dir='ltr'><strong>pars</strong></span> <span class='ocrx_word' id='word_1_147' title='bbox 1724 1877 1792 1946; x_wconf 92' lang='lat' dir='ltr'><strong>in</strong></span> <span class='ocrx_word' id='word_1_148' title='bbox 1845 1876 2200 1945; x_wconf 77' lang='lat' dir='ltr'><strong>utilitatem</strong></span> <span class='ocrx_word' id='word_1_149' title='bbox 2247 1876 2539 1948; x_wconf 89' lang='lat' dir='ltr'><strong>ciuitatis</strong></span> <span class='ocrx_word' id='word_1_150' title='bbox 2568 1885 2982 1947; x_wconf 87' lang='lat' dir='ltr'><strong>reseruetur.</strong></span> <span class='ocrx_word' id='word_1_151' title='bbox 3038 1875 3205 1946; x_wconf 90' lang='lat' dir='ltr'><strong>Item</strong></span> <span class='ocrx_word' id='word_1_152' title='bbox 3261 1883 3430 1948; x_wconf 88' lang='lat' dir='ltr'><strong>sta—</strong></span> 
     </span>
     <span class='ocr_line' id='line_1_15' title="bbox 157 1974 3439 2072; baseline 0.001 -27"><span class='ocrx_word' id='word_1_153' title='bbox 157 1976 364 2062; x_wconf 77' lang='lat' dir='ltr'><strong>tuimus,</strong></span> <span class='ocrx_word' id='word_1_154' title='bbox 430 1977 606 2070; x_wconf 90' lang='lat' dir='ltr'><strong>quod</strong></span> <span class='ocrx_word' id='word_1_155' title='bbox 682 1980 751 2049; x_wconf 92' lang='lat' dir='ltr'><strong>in</strong></span> <span class='ocrx_word' id='word_1_156' title='bbox 807 1977 1052 2048; x_wconf 90' lang='lat' dir='ltr'><strong>eadem</strong></span> <span class='ocrx_word' id='word_1_157' title='bbox 1108 1980 1383 2050; x_wconf 88' lang='lat' dir='ltr'><strong>ciuitate</strong></span> <span class='ocrx_word' id='word_1_158' title='bbox 1454 1975 1676 2048; x_wconf 86' lang='lat' dir='ltr'><strong>forum</strong></span> <span class='ocrx_word' id='word_1_159' title='bbox 1751 1977 2132 2072; x_wconf 86' lang='lat' dir='ltr'><strong>sollempne</strong></span> <span class='ocrx_word' id='word_1_160' title='bbox 2204 1974 2470 2048; x_wconf 92' lang='lat' dir='ltr'><strong>duobus</strong></span> <span class='ocrx_word' id='word_1_161' title='bbox 2542 1977 2782 2050; x_wconf 90' lang='lat' dir='ltr'><strong>diebus</strong></span> <span class='ocrx_word' id='word_1_162' title='bbox 2837 1981 2905 2048; x_wconf 93' lang='lat' dir='ltr'><strong>in</strong></span> <span class='ocrx_word' id='word_1_163' title='bbox 2959 1975 3439 2069; x_wconf 71' lang='lat' dir='ltr'><strong>hebdomada,</strong></span> 
     </span>
     <span class='ocr_line' id='line_1_16' title="bbox 156 2075 3424 2176; baseline 0.002 -29"><span class='ocrx_word' id='word_1_164' title='bbox 156 2075 410 2150; x_wconf 72' lang='lat' dir='ltr'><strong>uidelicet</strong></span> <span class='ocrx_word' id='word_1_165' title='bbox 456 2079 567 2152; x_wconf 90' lang='lat' dir='ltr'><strong>die</strong></span> <span class='ocrx_word' id='word_1_166' title='bbox 614 2081 780 2152; x_wconf 91' lang='lat' dir='ltr'><strong>lune</strong></span> <span class='ocrx_word' id='word_1_167' title='bbox 836 2089 908 2151; x_wconf 93' lang='lat' dir='ltr'><strong>et</strong></span> <span class='ocrx_word' id='word_1_168' title='bbox 959 2078 1068 2150; x_wconf 91' lang='lat' dir='ltr'><strong>die</strong></span> <span class='ocrx_word' id='word_1_169' title='bbox 1121 2080 1319 2155; x_wconf 87' lang='lat' dir='ltr'><strong>Jouis</strong></span> <span class='ocrx_word' id='word_1_170' title='bbox 1376 2079 1787 2171; x_wconf 84' lang='lat' dir='ltr'><strong>celebretur,</strong></span> <span class='ocrx_word' id='word_1_171' title='bbox 1845 2090 1915 2153; x_wconf 89' lang='lat' dir='ltr'><strong>et</strong></span> <span class='ocrx_word' id='word_1_172' title='bbox 1966 2090 2286 2176; x_wconf 88' lang='lat' dir='ltr'><strong>preterea</strong></span> <span class='ocrx_word' id='word_1_173' title='bbox 2338 2078 2563 2152; x_wconf 84' lang='lat' dir='ltr'><strong>forum</strong></span> <span class='ocrx_word' id='word_1_174' title='bbox 2637 2079 3076 2152; x_wconf 88' lang='lat' dir='ltr'><strong>cottidianum</strong></span> <span class='ocrx_word' id='word_1_175' title='bbox 3133 2080 3424 2153; x_wconf 83' lang='lat' dir='ltr'><strong>cottidie</strong></span> 
     </span>
     <span class='ocr_line' id='line_1_17' title="bbox 156 2176 3424 2279; baseline 0.002 -28"><span class='ocrx_word' id='word_1_176' title='bbox 156 2176 430 2253; x_wconf 68' lang='lat' dir='ltr'><strong>habeatnr.</strong></span> <span class='ocrx_word' id='word_1_177' title='bbox 532 2183 967 2255; x_wconf 89' lang='lat' dir='ltr'><strong>Uniuersitas</strong></span> <span class='ocrx_word' id='word_1_178' title='bbox 1040 2206 1209 2256; x_wconf 91' lang='lat' dir='ltr'><strong>uero</strong></span> <span class='ocrx_word' id='word_1_179' title='bbox 1276 2186 1568 2258; x_wconf 88' lang='lat' dir='ltr'><strong>ciuitatis</strong></span> <span class='ocrx_word' id='word_1_180' title='bbox 1642 2182 2036 2279; x_wconf 85' lang='lat' dir='ltr'><strong>supradicte</strong></span> <span class='ocrx_word' id='word_1_181' title='bbox 2103 2181 2306 2256; x_wconf 90' lang='lat' dir='ltr'><strong>nobis</strong></span> <span class='ocrx_word' id='word_1_182' title='bbox 2375 2193 2648 2255; x_wconf 86' lang='lat' dir='ltr'><strong>tenetur</strong></span> <span class='ocrx_word' id='word_1_183' title='bbox 2708 2183 2795 2255; x_wconf 92' lang='lat' dir='ltr'><strong>ad</strong></span> <span class='ocrx_word' id='word_1_184' title='bbox 2850 2188 3127 2256; x_wconf 88' lang='lat' dir='ltr'><strong>seruitia</strong></span> <span class='ocrx_word' id='word_1_185' title='bbox 3182 2184 3424 2256; x_wconf 87' lang='lat' dir='ltr'><strong>infra-</strong></span> 
     </span>
     <span class='ocr_line' id='line_1_18' title="bbox 156 2282 3422 2383; baseline 0.002 -29"><span class='ocrx_word' id='word_1_186' title='bbox 156 2286 364 2377; x_wconf 70' lang='lat' dir='ltr'><strong>scripta.</strong></span> <span class='ocrx_word' id='word_1_187' title='bbox 428 2282 590 2358; x_wconf 88' lang='lat' dir='ltr'><strong>Cum</strong></span> <span class='ocrx_word' id='word_1_188' title='bbox 631 2290 817 2359; x_wconf 91' lang='lat' dir='ltr'><strong>enim</strong></span> <span class='ocrx_word' id='word_1_189' title='bbox 856 2286 1015 2358; x_wconf 85' lang='lat' dir='ltr'><strong>Rex</strong></span> <span class='ocrx_word' id='word_1_190' title='bbox 1051 2286 1400 2379; x_wconf 86' lang='lat' dir='ltr'><strong>Hungarie</strong></span> <span class='ocrx_word' id='word_1_191' title='bbox 1440 2286 1949 2382; x_wconf 82' lang='lat' dir='ltr'><strong>expeditionem</strong></span> <span class='ocrx_word' id='word_1_192' title='bbox 1988 2286 2077 2358; x_wconf 93' lang='lat' dir='ltr'><strong>ad</strong></span> <span class='ocrx_word' id='word_1_193' title='bbox 2111 2295 2342 2383; x_wconf 88' lang='lat' dir='ltr'><strong>partes</strong></span> <span class='ocrx_word' id='word_1_194' title='bbox 2385 2290 2783 2376; x_wconf 87' lang='lat' dir='ltr'><strong>maritimas,</strong></span> <span class='ocrx_word' id='word_1_195' title='bbox 2821 2288 2936 2359; x_wconf 91' lang='lat' dir='ltr'><strong>uel</strong></span> <span class='ocrx_word' id='word_1_196' title='bbox 2973 2284 3422 2379; x_wconf 76' lang='lat' dir='ltr'><strong>Corinthiam,</strong></span> 
     </span>
     <span class='ocr_line' id='line_1_19' title="bbox 154 2386 3424 2480; baseline 0.002 -24"><span class='ocrx_word' id='word_1_197' title='bbox 154 2386 235 2456; x_wconf 69' lang='lat' dir='ltr'><strong>tel</strong></span> <span class='ocrx_word' id='word_1_198' title='bbox 273 2387 589 2462; x_wconf 86' lang='lat' dir='ltr'><strong>Austriam</strong></span> <span class='ocrx_word' id='word_1_199' title='bbox 654 2389 899 2461; x_wconf 88' lang='lat' dir='ltr'><strong>facere</strong></span> <span class='ocrx_word' id='word_1_200' title='bbox 951 2390 1287 2480; x_wconf 88' lang='lat' dir='ltr'><strong>uoluerit,</strong></span> <span class='ocrx_word' id='word_1_201' title='bbox 1368 2388 1530 2463; x_wconf 88' lang='lat' dir='ltr'><strong>dicti</strong></span> <span class='ocrx_word' id='word_1_202' title='bbox 1596 2393 1788 2464; x_wconf 89' lang='lat' dir='ltr'><strong>ciues</strong></span> <span class='ocrx_word' id='word_1_203' title='bbox 1843 2389 2088 2462; x_wconf 89' lang='lat' dir='ltr'><strong>decem</strong></span> <span class='ocrx_word' id='word_1_204' title='bbox 2153 2390 2404 2463; x_wconf 88' lang='lat' dir='ltr'><strong>milites</strong></span> <span class='ocrx_word' id='word_1_205' title='bbox 2474 2394 2744 2462; x_wconf 88' lang='lat' dir='ltr'><strong>mittere</strong></span> <span class='ocrx_word' id='word_1_206' title='bbox 2797 2399 3185 2479; x_wconf 86' lang='lat' dir='ltr'><strong>teneantur,</strong></span> <span class='ocrx_word' id='word_1_207' title='bbox 3261 2414 3424 2462; x_wconf 85' lang='lat' dir='ltr'><strong>cum</strong></span> 
     </span>
     <span class='ocr_line' id='line_1_20' title="bbox 157 2492 3420 2589; baseline 0.002 -26"><span class='ocrx_word' id='word_1_208' title='bbox 157 2493 309 2563; x_wconf 68' lang='lat' dir='ltr'><strong>armis</strong></span> <span class='ocrx_word' id='word_1_209' title='bbox 358 2492 753 2566; x_wconf 88' lang='lat' dir='ltr'><strong>militaribus</strong></span> <span class='ocrx_word' id='word_1_210' title='bbox 818 2504 1204 2589; x_wconf 90' lang='lat' dir='ltr'><strong>apparatos.</strong></span> <span class='ocrx_word' id='word_1_211' title='bbox 1311 2493 1640 2566; x_wconf 88' lang='lat' dir='ltr'><strong>Preterea</strong></span> <span class='ocrx_word' id='word_1_212' title='bbox 1695 2493 1971 2566; x_wconf 91' lang='lat' dir='ltr'><strong>domino</strong></span> <span class='ocrx_word' id='word_1_213' title='bbox 2026 2495 2202 2586; x_wconf 82' lang='lat' dir='ltr'><strong>regi,</strong></span> <span class='ocrx_word' id='word_1_214' title='bbox 2260 2492 2529 2587; x_wconf 89' lang='lat' dir='ltr'><strong>quando</strong></span> <span class='ocrx_word' id='word_1_215' title='bbox 2582 2496 2804 2588; x_wconf 90' lang='lat' dir='ltr'><strong>ipsum</strong></span> <span class='ocrx_word' id='word_1_216' title='bbox 2857 2494 3017 2566; x_wconf 89' lang='lat' dir='ltr'><strong>illuc</strong></span> <span class='ocrx_word' id='word_1_217' title='bbox 3068 2497 3172 2566; x_wconf 90' lang='lat' dir='ltr'><strong>ire</strong></span> <span class='ocrx_word' id='word_1_218' title='bbox 3226 2515 3420 2568; x_wconf 82' lang='lat' dir='ltr'><strong>con—</strong></span> 
     </span>
     <span class='ocr_line' id='line_1_21' title="bbox 156 2593 3426 2692; baseline 0.002 -26"><span class='ocrx_word' id='word_1_219' title='bbox 156 2593 345 2680; x_wconf 63' lang='lat' dir='ltr'><strong>tigerit,</strong></span> <span class='ocrx_word' id='word_1_220' title='bbox 414 2593 667 2669; x_wconf 87' lang='lat' dir='ltr'><strong>debent</strong></span> <span class='ocrx_word' id='word_1_221' title='bbox 722 2596 889 2668; x_wconf 91' lang='lat' dir='ltr'><strong>dare</strong></span> <span class='ocrx_word' id='word_1_222' title='bbox 956 2617 1081 2691; x_wconf 89' lang='lat' dir='ltr'><strong>pro</strong></span> <span class='ocrx_word' id='word_1_223' title='bbox 1152 2595 1439 2692; x_wconf 91' lang='lat' dir='ltr'><strong>prandio</strong></span> <span class='ocrx_word' id='word_1_224' title='bbox 1495 2596 1859 2669; x_wconf 88' lang='lat' dir='ltr'><strong>duodecim</strong></span> <span class='ocrx_word' id='word_1_225' title='bbox 1909 2595 2157 2685; x_wconf 89' lang='lat' dir='ltr'><strong>boues,</strong></span> <span class='ocrx_word' id='word_1_226' title='bbox 2228 2596 2415 2668; x_wconf 88' lang='lat' dir='ltr'><strong>mille</strong></span> <span class='ocrx_word' id='word_1_227' title='bbox 2484 2617 2728 2692; x_wconf 88' lang='lat' dir='ltr'><strong>panes,</strong></span> <span class='ocrx_word' id='word_1_228' title='bbox 2783 2606 3072 2691; x_wconf 90' lang='lat' dir='ltr'><strong>quatuor</strong></span> <span class='ocrx_word' id='word_1_229' title='bbox 3118 2598 3426 2672; x_wconf 86' lang='lat' dir='ltr'><strong>tunellas</strong></span> 
     </span>
     <span class='ocr_line' id='line_1_22' title="bbox 156 2696 3414 2794; baseline 0.002 -28"><span class='ocrx_word' id='word_1_230' title='bbox 156 2696 269 2766; x_wconf 77' lang='lat' dir='ltr'><strong>uini.</strong></span> <span class='ocrx_word' id='word_1_231' title='bbox 308 2696 465 2771; x_wconf 88' lang='lat' dir='ltr'><strong>Duci</strong></span> <span class='ocrx_word' id='word_1_232' title='bbox 509 2710 745 2772; x_wconf 86' lang='lat' dir='ltr'><strong>autem</strong></span> <span class='ocrx_word' id='word_1_233' title='bbox 801 2699 1039 2772; x_wconf 89' lang='lat' dir='ltr'><strong>Totius</strong></span> <span class='ocrx_word' id='word_1_234' title='bbox 1093 2699 1491 2789; x_wconf 88' lang='lat' dir='ltr'><strong>Sclauonie,</strong></span> <span class='ocrx_word' id='word_1_235' title='bbox 1547 2703 1608 2773; x_wconf 87' lang='lat' dir='ltr'><strong>si</strong></span> <span class='ocrx_word' id='word_1_236' title='bbox 1661 2704 1748 2773; x_wconf 89' lang='lat' dir='ltr'><strong>sit</strong></span> <span class='ocrx_word' id='word_1_237' title='bbox 1801 2699 1889 2772; x_wconf 92' lang='lat' dir='ltr'><strong>de</strong></span> <span class='ocrx_word' id='word_1_238' title='bbox 1942 2700 2138 2794; x_wconf 90' lang='lat' dir='ltr'><strong>prole</strong></span> <span class='ocrx_word' id='word_1_239' title='bbox 2191 2702 2412 2793; x_wconf 88' lang='lat' dir='ltr'><strong>regia,</strong></span> <span class='ocrx_word' id='word_1_240' title='bbox 2467 2699 2902 2771; x_wconf 88' lang='lat' dir='ltr'><strong>medietatem</strong></span> <span class='ocrx_word' id='word_1_241' title='bbox 2945 2700 3414 2794; x_wconf 83' lang='lat' dir='ltr'><strong>predictorum</strong></span> 
     </span>
     <span class='ocr_line' id='line_1_23' title="bbox 156 2793 3424 2898; baseline 0.002 -29"><span class='ocrx_word' id='word_1_242' title='bbox 156 2793 275 2868; x_wconf 72' lang='lat' dir='ltr'><strong>darc</strong></span> <span class='ocrx_word' id='word_1_243' title='bbox 312 2810 630 2875; x_wconf 86' lang='lat' dir='ltr'><strong>tenentur.</strong></span> <span class='ocrx_word' id='word_1_244' title='bbox 742 2803 935 2874; x_wconf 88' lang='lat' dir='ltr'><strong>Bano</strong></span> <span class='ocrx_word' id='word_1_245' title='bbox 1006 2824 1178 2875; x_wconf 88' lang='lat' dir='ltr'><strong>uero</strong></span> <span class='ocrx_word' id='word_1_246' title='bbox 1257 2825 1385 2897; x_wconf 93' lang='lat' dir='ltr'><strong>pro</strong></span> <span class='ocrx_word' id='word_1_247' title='bbox 1457 2811 1767 2898; x_wconf 90' lang='lat' dir='ltr'><strong>tempore</strong></span> <span class='ocrx_word' id='word_1_248' title='bbox 1823 2806 2219 2892; x_wconf 75' lang='lat' dir='ltr'><strong>constitum,</strong></span> <span class='ocrx_word' id='word_1_249' title='bbox 2292 2824 2430 2874; x_wconf 90' lang='lat' dir='ltr'><strong>non</strong></span> <span class='ocrx_word' id='word_1_250' title='bbox 2509 2814 2738 2876; x_wconf 90' lang='lat' dir='ltr'><strong>tamen</strong></span> <span class='ocrx_word' id='word_1_251' title='bbox 2792 2803 3176 2886; x_wconf 80' lang='lat' dir='ltr'><strong>VicebanO,</strong></span> <span class='ocrx_word' id='word_1_252' title='bbox 3248 2804 3424 2876; x_wconf 77' lang='lat' dir='ltr'><strong>nihit</strong></span> 
     </span>
     <span class='ocr_line' id='line_1_24' title="bbox 154 2897 3418 3001; baseline 0.003 -34"><span class='ocrx_word' id='word_1_253' title='bbox 154 2897 286 2972; x_wconf 72' lang='lat' dir='ltr'><strong>aliud</strong></span> <span class='ocrx_word' id='word_1_254' title='bbox 326 2905 608 2995; x_wconf 85' lang='lat' dir='ltr'><strong>soluere,</strong></span> <span class='ocrx_word' id='word_1_255' title='bbox 670 2909 804 2978; x_wconf 89' lang='lat' dir='ltr'><strong>nisi</strong></span> <span class='ocrx_word' id='word_1_256' title='bbox 856 2910 929 2978; x_wconf 92' lang='lat' dir='ltr'><strong>in</strong></span> <span class='ocrx_word' id='word_1_257' title='bbox 981 2909 1309 3001; x_wconf 89' lang='lat' dir='ltr'><strong>principio</strong></span> <span class='ocrx_word' id='word_1_258' title='bbox 1363 2909 1679 2980; x_wconf 87' lang='lat' dir='ltr'><strong>introitus</strong></span> <span class='ocrx_word' id='word_1_259' title='bbox 1730 2909 1836 2980; x_wconf 89' lang='lat' dir='ltr'><strong>sui</strong></span> <span class='ocrx_word' id='word_1_260' title='bbox 1887 2904 2176 2978; x_wconf 90' lang='lat' dir='ltr'><strong>banatus</strong></span> <span class='ocrx_word' id='word_1_261' title='bbox 2230 2928 2437 2977; x_wconf 89' lang='lat' dir='ltr'><strong>unum</strong></span> <span class='ocrx_word' id='word_1_262' title='bbox 2489 2904 2766 2994; x_wconf 86' lang='lat' dir='ltr'><strong>bouem,</strong></span> <span class='ocrx_word' id='word_1_263' title='bbox 2840 2917 3110 2978; x_wconf 87' lang='lat' dir='ltr'><strong>centum</strong></span> <span class='ocrx_word' id='word_1_264' title='bbox 3166 2923 3418 3001; x_wconf 71' lang='lat' dir='ltr'><strong>panea,</strong></span> 
     </span>
     <span class='ocr_line' id='line_1_25' title="bbox 153 3005 3425 3103; baseline 0.004 -32"><span class='ocrx_word' id='word_1_265' title='bbox 153 3005 397 3077; x_wconf 77' lang='lat' dir='ltr'><strong>tunellum</strong></span> <span class='ocrx_word' id='word_1_266' title='bbox 442 3032 651 3082; x_wconf 87' lang='lat' dir='ltr'><strong>unam</strong></span> <span class='ocrx_word' id='word_1_267' title='bbox 709 3012 874 3098; x_wconf 89' lang='lat' dir='ltr'><strong>uini,</strong></span> <span class='ocrx_word' id='word_1_268' title='bbox 942 3008 1160 3082; x_wconf 91' lang='lat' dir='ltr'><strong>semel</strong></span> <span class='ocrx_word' id='word_1_269' title='bbox 1232 3008 1547 3103; x_wconf 87' lang='lat' dir='ltr'><strong>quamdiu</strong></span> <span class='ocrx_word' id='word_1_270' title='bbox 1620 3008 1966 3082; x_wconf 88' lang='lat' dir='ltr'><strong>durauerit</strong></span> <span class='ocrx_word' id='word_1_271' title='bbox 2034 3013 2104 3080; x_wconf 91' lang='lat' dir='ltr'><strong>in</strong></span> <span class='ocrx_word' id='word_1_272' title='bbox 2157 3006 2427 3080; x_wconf 86' lang='lat' dir='ltr'><strong>banatu.</strong></span> <span class='ocrx_word' id='word_1_273' title='bbox 2510 3009 2698 3082; x_wconf 85' lang='lat' dir='ltr'><strong>Sane</strong></span> <span class='ocrx_word' id='word_1_274' title='bbox 2752 3008 2837 3080; x_wconf 92' lang='lat' dir='ltr'><strong>ab</strong></span> <span class='ocrx_word' id='word_1_275' title='bbox 2893 3009 3207 3083; x_wconf 89' lang='lat' dir='ltr'><strong>omnibus</strong></span> <span class='ocrx_word' id='word_1_276' title='bbox 3259 3005 3425 3084; x_wconf 76' lang='lat' dir='ltr'><strong>istis</strong></span> 
     </span>
     <span class='ocr_line' id='line_1_26' title="bbox 158 3110 3425 3208; baseline 0.002 -30"><span class='ocrx_word' id='word_1_277' title='bbox 158 3110 381 3182; x_wconf 73' lang='lat' dir='ltr'><strong>seruitiis</strong></span> <span class='ocrx_word' id='word_1_278' title='bbox 445 3134 668 3208; x_wconf 89' lang='lat' dir='ltr'><strong>usque</strong></span> <span class='ocrx_word' id='word_1_279' title='bbox 751 3116 1275 3207; x_wconf 88' lang='lat' dir='ltr'><strong>quinquennium</strong></span> <span class='ocrx_word' id='word_1_280' title='bbox 1358 3123 1557 3185; x_wconf 90' lang='lat' dir='ltr'><strong>erunt</strong></span> <span class='ocrx_word' id='word_1_281' title='bbox 1624 3110 1822 3184; x_wconf 90' lang='lat' dir='ltr'><strong>liberi</strong></span> <span class='ocrx_word' id='word_1_282' title='bbox 1893 3122 1963 3184; x_wconf 92' lang='lat' dir='ltr'><strong>et</strong></span> <span class='ocrx_word' id='word_1_283' title='bbox 2033 3114 2389 3185; x_wconf 89' lang='lat' dir='ltr'><strong>immunes.</strong></span> <span class='ocrx_word' id='word_1_284' title='bbox 2502 3111 2883 3186; x_wconf 87' lang='lat' dir='ltr'><strong>Transacto</strong></span> <span class='ocrx_word' id='word_1_285' title='bbox 2954 3117 3425 3208; x_wconf 65' lang='lat' dir='ltr'><strong>quinquennio</strong></span> 
     </span>
     <span class='ocr_line' id='line_1_27' title="bbox 154 3208 3416 3311; baseline 0.002 -31"><span class='ocrx_word' id='word_1_286' title='bbox 154 3208 493 3287; x_wconf 68' lang='lat' dir='ltr'><strong>tenebuntur.</strong></span> <span class='ocrx_word' id='word_1_287' title='bbox 598 3216 805 3306; x_wconf 85' lang='lat' dir='ltr'><strong>Item,</strong></span> <span class='ocrx_word' id='word_1_288' title='bbox 868 3215 1078 3307; x_wconf 88' lang='lat' dir='ltr'><strong>ijdem</strong></span> <span class='ocrx_word' id='word_1_289' title='bbox 1132 3219 1323 3287; x_wconf 89' lang='lat' dir='ltr'><strong>ciues</strong></span> <span class='ocrx_word' id='word_1_290' title='bbox 1378 3216 1727 3288; x_wconf 86' lang='lat' dir='ltr'><strong>uoluntate</strong></span> <span class='ocrx_word' id='word_1_291' title='bbox 1783 3224 2161 3310; x_wconf 89' lang='lat' dir='ltr'><strong>spontanea</strong></span> <span class='ocrx_word' id='word_1_292' title='bbox 2234 3236 2443 3310; x_wconf 86' lang='lat' dir='ltr'><strong>super</strong></span> <span class='ocrx_word' id='word_1_293' title='bbox 2494 3237 2574 3288; x_wconf 89' lang='lat' dir='ltr'><strong>se</strong></span> <span class='ocrx_word' id='word_1_294' title='bbox 2630 3227 3169 3311; x_wconf 83' lang='lat' dir='ltr'><strong>assumpserunt,</strong></span> <span class='ocrx_word' id='word_1_295' title='bbox 3226 3216 3416 3311; x_wconf 78' lang='lat' dir='ltr'><strong>quod</strong></span> 
     </span>
     <span class='ocr_line' id='line_1_28' title="bbox 157 3317 3418 3415; baseline 0.001 -27"><span class='ocrx_word' id='word_1_296' title='bbox 157 3321 408 3404; x_wconf 55' lang='lat' dir='ltr'><strong>“pensis</strong></span> <span class='ocrx_word' id='word_1_297' title='bbox 456 3322 757 3415; x_wconf 87' lang='lat' dir='ltr'><strong>propriis</strong></span> <span class='ocrx_word' id='word_1_298' title='bbox 812 3317 1062 3391; x_wconf 89' lang='lat' dir='ltr'><strong>dictum</strong></span> <span class='ocrx_word' id='word_1_299' title='bbox 1116 3329 1412 3394; x_wconf 82' lang='lat' dir='ltr'><strong>montem</strong></span> <span class='ocrx_word' id='word_1_300' title='bbox 1487 3318 1716 3391; x_wconf 88' lang='lat' dir='ltr'><strong>Grech</strong></span> <span class='ocrx_word' id='word_1_301' title='bbox 1786 3341 1980 3390; x_wconf 90' lang='lat' dir='ltr'><strong>muro</strong></span> <span class='ocrx_word' id='word_1_302' title='bbox 2035 3317 2428 3391; x_wconf 88' lang='lat' dir='ltr'><strong>firmissimo</strong></span> <span class='ocrx_word' id='word_1_303' title='bbox 2485 3323 2999 3392; x_wconf 88' lang='lat' dir='ltr'><strong>communirent.</strong></span> <span class='ocrx_word' id='word_1_304' title='bbox 3107 3318 3218 3390; x_wconf 90' lang='lat' dir='ltr'><strong>Ad</strong></span> <span class='ocrx_word' id='word_1_305' title='bbox 3276 3342 3418 3390; x_wconf 88' lang='lat' dir='ltr'><strong>su-</strong></span> 
     </span>
     <span class='ocr_line' id='line_1_29' title="bbox 154 3420 3408 3518; baseline 0.003 -35"><span class='ocrx_word' id='word_1_306' title='bbox 154 3421 548 3494; x_wconf 79' lang='lat' dir='ltr'><strong>stentationem</strong></span> <span class='ocrx_word' id='word_1_307' title='bbox 604 3431 840 3495; x_wconf 89' lang='lat' dir='ltr'><strong>autem</strong></span> <span class='ocrx_word' id='word_1_308' title='bbox 893 3420 1231 3518; x_wconf 91' lang='lat' dir='ltr'><strong>hospitum</strong></span> <span class='ocrx_word' id='word_1_309' title='bbox 1275 3426 1345 3493; x_wconf 94' lang='lat' dir='ltr'><strong>in</strong></span> <span class='ocrx_word' id='word_1_310' title='bbox 1380 3421 1690 3517; x_wconf 86' lang='lat' dir='ltr'><strong>predicto</strong></span> <span class='ocrx_word' id='word_1_311' title='bbox 1744 3432 1978 3494; x_wconf 88' lang='lat' dir='ltr'><strong>monte</strong></span> <span class='ocrx_word' id='word_1_312' title='bbox 2031 3421 2498 3511; x_wconf 89' lang='lat' dir='ltr'><strong>habitantium,</strong></span> <span class='ocrx_word' id='word_1_313' title='bbox 2554 3421 2863 3496; x_wconf 88' lang='lat' dir='ltr'><strong>dedimus</strong></span> <span class='ocrx_word' id='word_1_314' title='bbox 2907 3432 3159 3493; x_wconf 86' lang='lat' dir='ltr'><strong>terram</strong></span> <span class='ocrx_word' id='word_1_315' title='bbox 3216 3427 3408 3494; x_wconf 79' lang='lat' dir='ltr'><strong>circa</strong></span> 
     </span>
     <span class='ocr_line' id='line_1_30' title="bbox 150 3519 3401 3620; baseline 0.002 -31"><span class='ocrx_word' id='word_1_316' title='bbox 150 3519 370 3593; x_wconf 72' lang='lat' dir='ltr'><strong>eundem</strong></span> <span class='ocrx_word' id='word_1_317' title='bbox 418 3536 725 3598; x_wconf 90' lang='lat' dir='ltr'><strong>montem</strong></span> <span class='ocrx_word' id='word_1_318' title='bbox 780 3521 1050 3615; x_wconf 86' lang='lat' dir='ltr'><strong>Grech,</strong></span> <span class='ocrx_word' id='word_1_319' title='bbox 1107 3535 1485 3599; x_wconf 84' lang='lat' dir='ltr'><strong>statuentes</strong></span> <span class='ocrx_word' id='word_1_320' title='bbox 1540 3547 1692 3596; x_wconf 91' lang='lat' dir='ltr'><strong>eam</strong></span> <span class='ocrx_word' id='word_1_321' title='bbox 1745 3547 1871 3620; x_wconf 90' lang='lat' dir='ltr'><strong>per</strong></span> <span class='ocrx_word' id='word_1_322' title='bbox 1941 3525 2261 3596; x_wconf 90' lang='lat' dir='ltr'><strong>dilectum</strong></span> <span class='ocrx_word' id='word_1_323' title='bbox 2317 3534 2389 3597; x_wconf 88' lang='lat' dir='ltr'><strong>et</strong></span> <span class='ocrx_word' id='word_1_324' title='bbox 2440 3523 2713 3596; x_wconf 90' lang='lat' dir='ltr'><strong>fidelem</strong></span> <span class='ocrx_word' id='word_1_325' title='bbox 2766 3535 3074 3597; x_wconf 90' lang='lat' dir='ltr'><strong>nostrum</strong></span> <span class='ocrx_word' id='word_1_326' title='bbox 3144 3524 3401 3597; x_wconf 89' lang='lat' dir='ltr'><strong>Dioni-</strong></span> 
     </span>
     <span class='ocr_line' id='line_1_31' title="bbox 149 3619 3416 3723; baseline 0.003 -30"><span class='ocrx_word' id='word_1_327' title='bbox 149 3619 274 3693; x_wconf 79' lang='lat' dir='ltr'><strong>8ium</strong></span> <span class='ocrx_word' id='word_1_328' title='bbox 323 3623 551 3701; x_wconf 75' lang='lat' dir='ltr'><strong>bunum</strong></span> <span class='ocrx_word' id='word_1_329' title='bbox 606 3629 855 3702; x_wconf 86' lang='lat' dir='ltr'><strong>Totius</strong></span> <span class='ocrx_word' id='word_1_330' title='bbox 925 3627 1295 3701; x_wconf 87' lang='lat' dir='ltr'><strong>Sclauonie</strong></span> <span class='ocrx_word' id='word_1_331' title='bbox 1383 3627 1647 3702; x_wconf 90' lang='lat' dir='ltr'><strong>eisdem</strong></span> <span class='ocrx_word' id='word_1_332' title='bbox 1716 3627 2123 3723; x_wconf 69' lang='lat' dir='ltr'><strong>hospitibus,</strong></span> <span class='ocrx_word' id='word_1_333' title='bbox 2197 3626 2321 3701; x_wconf 90' lang='lat' dir='ltr'><strong>sub</strong></span> <span class='ocrx_word' id='word_1_334' title='bbox 2394 3632 2602 3700; x_wconf 89' lang='lat' dir='ltr'><strong>certis</strong></span> <span class='ocrx_word' id='word_1_335' title='bbox 2669 3631 2869 3702; x_wconf 88' lang='lat' dir='ltr'><strong>metis</strong></span> <span class='ocrx_word' id='word_1_336' title='bbox 2930 3638 3002 3700; x_wconf 88' lang='lat' dir='ltr'><strong>et</strong></span> <span class='ocrx_word' id='word_1_337' title='bbox 3071 3628 3416 3704; x_wconf 84' lang='lat' dir='ltr'><strong>distinctis</strong></span> 
     </span>
     <span class='ocr_line' id='line_1_32' title="bbox 147 3727 3399 3828; baseline 0.002 -29"><span class='ocrx_word' id='word_1_338' title='bbox 147 3735 402 3817; x_wconf 74' lang='lat' dir='ltr'><strong>perpetuo</strong></span> <span class='ocrx_word' id='word_1_339' title='bbox 449 3730 965 3826; x_wconf 88' lang='lat' dir='ltr'><strong>possidendam.</strong></span> <span class='ocrx_word' id='word_1_340' title='bbox 1075 3727 1283 3806; x_wconf 81' lang='lat' dir='ltr'><strong>Cuius</strong></span> <span class='ocrx_word' id='word_1_341' title='bbox 1336 3741 1520 3804; x_wconf 86' lang='lat' dir='ltr'><strong>terre</strong></span> <span class='ocrx_word' id='word_1_342' title='bbox 1591 3741 1774 3803; x_wconf 86' lang='lat' dir='ltr'><strong>mete</strong></span> <span class='ocrx_word' id='word_1_343' title='bbox 1847 3735 1951 3806; x_wconf 90' lang='lat' dir='ltr'><strong>sic</strong></span> <span class='ocrx_word' id='word_1_344' title='bbox 2021 3730 2295 3804; x_wconf 89' lang='lat' dir='ltr'><strong>uadunt.</strong></span> <span class='ocrx_word' id='word_1_345' title='bbox 2366 3731 2592 3804; x_wconf 88' lang='lat' dir='ltr'><strong>Prima</strong></span> <span class='ocrx_word' id='word_1_346' title='bbox 2664 3743 2844 3804; x_wconf 88' lang='lat' dir='ltr'><strong>meta</strong></span> <span class='ocrx_word' id='word_1_347' title='bbox 2896 3742 3006 3805; x_wconf 89' lang='lat' dir='ltr'><strong>est</strong></span> <span class='ocrx_word' id='word_1_348' title='bbox 3056 3735 3126 3803; x_wconf 93' lang='lat' dir='ltr'><strong>in</strong></span> <span class='ocrx_word' id='word_1_349' title='bbox 3196 3742 3399 3828; x_wconf 92' lang='lat' dir='ltr'><strong>portu</strong></span> 
     </span>
     <span class='ocr_line' id='line_1_33' title="bbox 149 3820 3418 3932; baseline 0.001 -30"><span class='ocrx_word' id='word_1_350' title='bbox 149 3820 325 3922; x_wconf 68' lang='lat' dir='ltr'><strong>Snwe,</strong></span> <span class='ocrx_word' id='word_1_351' title='bbox 372 3838 477 3927; x_wconf 90' lang='lat' dir='ltr'><strong>qui</strong></span> <span class='ocrx_word' id='word_1_352' title='bbox 500 3835 928 3932; x_wconf 78' lang='lat' dir='ltr'><strong>Kyralrewy</strong></span> <span class='ocrx_word' id='word_1_353' title='bbox 980 3833 1246 3925; x_wconf 88' lang='lat' dir='ltr'><strong>dicitur,</strong></span> <span class='ocrx_word' id='word_1_354' title='bbox 1299 3837 1488 3908; x_wconf 84' lang='lat' dir='ltr'><strong>iuxta</strong></span> <span class='ocrx_word' id='word_1_355' title='bbox 1543 3856 1863 3929; x_wconf 86' lang='lat' dir='ltr'><strong>magnam</strong></span> <span class='ocrx_word' id='word_1_356' title='bbox 1924 3838 2133 3925; x_wconf 92' lang='lat' dir='ltr'><strong>uiam,</strong></span> <span class='ocrx_word' id='word_1_357' title='bbox 2188 3845 2260 3907; x_wconf 91' lang='lat' dir='ltr'><strong>et</strong></span> <span class='ocrx_word' id='word_1_358' title='bbox 2293 3856 2419 3930; x_wconf 88' lang='lat' dir='ltr'><strong>per</strong></span> <span class='ocrx_word' id='word_1_359' title='bbox 2454 3832 2744 3908; x_wconf 90' lang='lat' dir='ltr'><strong>eandem</strong></span> <span class='ocrx_word' id='word_1_360' title='bbox 2797 3835 3013 3908; x_wconf 86' lang='lat' dir='ltr'><strong>tendit</strong></span> <span class='ocrx_word' id='word_1_361' title='bbox 3062 3857 3280 3929; x_wconf 87' lang='lat' dir='ltr'><strong>usque</strong></span> <span class='ocrx_word' id='word_1_362' title='bbox 3315 3833 3418 3907; x_wconf 84' lang='lat' dir='ltr'><strong>ad</strong></span> 
     </span>
     <span class='ocr_line' id='line_1_34' title="bbox 148 3928 3408 4035; baseline 0 -25"><span class='ocrx_word' id='word_1_363' title='bbox 148 3928 325 4024; x_wconf 57' lang='lat' dir='ltr'><strong>rhum,</strong></span> <span class='ocrx_word' id='word_1_364' title='bbox 368 3942 473 4030; x_wconf 85' lang='lat' dir='ltr'><strong>qui</strong></span> <span class='ocrx_word' id='word_1_365' title='bbox 518 3938 807 4035; x_wconf 78' lang='lat' dir='ltr'><strong>Zoysca</strong></span> <span class='ocrx_word' id='word_1_366' title='bbox 861 3938 1143 4029; x_wconf 88' lang='lat' dir='ltr'><strong>dicitur,</strong></span> <span class='ocrx_word' id='word_1_367' title='bbox 1215 3960 1418 4033; x_wconf 90' lang='lat' dir='ltr'><strong>quem</strong></span> <span class='ocrx_word' id='word_1_368' title='bbox 1487 3941 1706 4010; x_wconf 88' lang='lat' dir='ltr'><strong>riuum</strong></span> <span class='ocrx_word' id='word_1_369' title='bbox 1778 3942 2021 4011; x_wconf 88' lang='lat' dir='ltr'><strong>transit</strong></span> <span class='ocrx_word' id='word_1_370' title='bbox 2076 3960 2202 4032; x_wconf 89' lang='lat' dir='ltr'><strong>per</strong></span> <span class='ocrx_word' id='word_1_371' title='bbox 2252 3947 2555 4032; x_wconf 89' lang='lat' dir='ltr'><strong>pontem,</strong></span> <span class='ocrx_word' id='word_1_372' title='bbox 2629 3937 2878 4011; x_wconf 89' lang='lat' dir='ltr'><strong>deinde</strong></span> <span class='ocrx_word' id='word_1_373' title='bbox 2930 3960 3057 4032; x_wconf 89' lang='lat' dir='ltr'><strong>per</strong></span> <span class='ocrx_word' id='word_1_374' title='bbox 3109 3938 3408 4010; x_wconf 89' lang='lat' dir='ltr'><strong>eandem</strong></span> 
     </span>
     <span class='ocr_line' id='line_1_35' title="bbox 148 4033 3406 4137; baseline 0.002 -31"><span class='ocrx_word' id='word_1_375' title='bbox 148 4033 275 4106; x_wconf 71' lang='lat' dir='ltr'><strong>lin</strong></span> <span class='ocrx_word' id='word_1_376' title='bbox 312 4039 508 4113; x_wconf 85' lang='lat' dir='ltr'><strong>tendit</strong></span> <span class='ocrx_word' id='word_1_377' title='bbox 559 4063 814 4118; x_wconf 87' lang='lat' dir='ltr'><strong>uersus</strong></span> <span class='ocrx_word' id='word_1_378' title='bbox 869 4042 1281 4135; x_wconf 88' lang='lat' dir='ltr'><strong>aquilonem,</strong></span> <span class='ocrx_word' id='word_1_379' title='bbox 1333 4045 1678 4116; x_wconf 87' lang='lat' dir='ltr'><strong>transiens</strong></span> <span class='ocrx_word' id='word_1_380' title='bbox 1731 4064 2004 4137; x_wconf 91' lang='lat' dir='ltr'><strong>aquam,</strong></span> <span class='ocrx_word' id='word_1_381' title='bbox 2068 4062 2200 4134; x_wconf 86' lang='lat' dir='ltr'><strong>que</strong></span> <span class='ocrx_word' id='word_1_382' title='bbox 2243 4039 2472 4113; x_wconf 85' lang='lat' dir='ltr'><strong>Mlaka</strong></span> <span class='ocrx_word' id='word_1_383' title='bbox 2527 4039 2795 4130; x_wconf 86' lang='lat' dir='ltr'><strong>dicitur,</strong></span> <span class='ocrx_word' id='word_1_384' title='bbox 2850 4051 2924 4112; x_wconf 88' lang='lat' dir='ltr'><strong>et</strong></span> <span class='ocrx_word' id='word_1_385' title='bbox 2965 4043 3279 4135; x_wconf 89' lang='lat' dir='ltr'><strong>peruenit</strong></span> <span class='ocrx_word' id='word_1_386' title='bbox 3314 4040 3406 4113; x_wconf 86' lang='lat' dir='ltr'><strong>ad</strong></span> 
     </span>
     <span class='ocr_line' id='line_1_36' title="bbox 146 4140 3408 4240; baseline 0.002 -31"><span class='ocrx_word' id='word_1_387' title='bbox 146 4140 533 4234; x_wconf 67' lang='lat' dir='ltr'><strong>monticulum,</strong></span> <span class='ocrx_word' id='word_1_388' title='bbox 587 4149 783 4217; x_wconf 80' lang='lat' dir='ltr'><strong>iuxta</strong></span> <span class='ocrx_word' id='word_1_389' title='bbox 834 4166 1035 4239; x_wconf 89' lang='lat' dir='ltr'><strong>quem</strong></span> <span class='ocrx_word' id='word_1_390' title='bbox 1090 4153 1199 4218; x_wconf 90' lang='lat' dir='ltr'><strong>est</strong></span> <span class='ocrx_word' id='word_1_391' title='bbox 1269 4155 1446 4217; x_wconf 87' lang='lat' dir='ltr'><strong>meta</strong></span> <span class='ocrx_word' id='word_1_392' title='bbox 1518 4154 1793 4234; x_wconf 89' lang='lat' dir='ltr'><strong>terrea,</strong></span> <span class='ocrx_word' id='word_1_393' title='bbox 1866 4167 1999 4240; x_wconf 91' lang='lat' dir='ltr'><strong>que</strong></span> <span class='ocrx_word' id='word_1_394' title='bbox 2072 4142 2307 4215; x_wconf 89' lang='lat' dir='ltr'><strong>diuidit</strong></span> <span class='ocrx_word' id='word_1_395' title='bbox 2357 4152 2609 4215; x_wconf 87' lang='lat' dir='ltr'><strong>terram</strong></span> <span class='ocrx_word' id='word_1_396' title='bbox 2663 4144 3064 4240; x_wconf 88' lang='lat' dir='ltr'><strong>populorum</strong></span> <span class='ocrx_word' id='word_1_397' title='bbox 3117 4146 3307 4237; x_wconf 85' lang='lat' dir='ltr'><strong>regis</strong></span> <span class='ocrx_word' id='word_1_398' title='bbox 3361 4166 3408 4214; x_wconf 85' lang='lat' dir='ltr'><strong>a</strong></span> 
     </span>
     <span class='ocr_line' id='line_1_37' title="bbox 145 4245 3410 4342; baseline -0 -25"><span class='ocrx_word' id='word_1_399' title='bbox 145 4250 284 4326; x_wconf 68' lang='grc' dir='ltr'><strong>μήθ</strong></span> <span class='ocrx_word' id='word_1_400' title='bbox 328 4249 653 4320; x_wconf 85' lang='lat' dir='ltr'><strong>orientali.</strong></span> <span class='ocrx_word' id='word_1_401' title='bbox 759 4247 1028 4320; x_wconf 90' lang='lat' dir='ltr'><strong>Deinde</strong></span> <span class='ocrx_word' id='word_1_402' title='bbox 1078 4252 1418 4321; x_wconf 88' lang='lat' dir='ltr'><strong>transiens</strong></span> <span class='ocrx_word' id='word_1_403' title='bbox 1473 4252 1807 4321; x_wconf 84' lang='lat' dir='ltr'><strong>minorem</strong></span> <span class='ocrx_word' id='word_1_404' title='bbox 1876 4245 2201 4337; x_wconf 84' lang='lat' dir='ltr'><strong>Mlakam,</strong></span> <span class='ocrx_word' id='word_1_405' title='bbox 2272 4249 2587 4342; x_wconf 88' lang='lat' dir='ltr'><strong>peruenit</strong></span> <span class='ocrx_word' id='word_1_406' title='bbox 2654 4246 2741 4318; x_wconf 92' lang='lat' dir='ltr'><strong>ad</strong></span> <span class='ocrx_word' id='word_1_407' title='bbox 2810 4268 3130 4340; x_wconf 83' lang='lat' dir='ltr'><strong>magnam</strong></span> <span class='ocrx_word' id='word_1_408' title='bbox 3195 4249 3410 4336; x_wconf 86' lang='lat' dir='ltr'><strong>uiam,</strong></span> 
     </span>
     <span class='ocr_line' id='line_1_38' title="bbox 145 4346 3407 4447; baseline -0.003 -17"><span class='ocrx_word' id='word_1_409' title='bbox 145 4359 238 4430; x_wconf 63' lang='grc' dir='ltr'><strong>ΨΘ</strong></span> <span class='ocrx_word' id='word_1_410' title='bbox 279 4349 462 4443; x_wconf 81' lang='lat' dir='ltr'><strong>uulgo</strong></span> <span class='ocrx_word' id='word_1_411' title='bbox 513 4351 843 4424; x_wconf 87' lang='lat' dir='ltr'><strong>Ettewen</strong></span> <span class='ocrx_word' id='word_1_412' title='bbox 896 4350 1162 4441; x_wconf 87' lang='lat' dir='ltr'><strong>dicitur,</strong></span> <span class='ocrx_word' id='word_1_413' title='bbox 1239 4373 1364 4447; x_wconf 89' lang='lat' dir='ltr'><strong>per</strong></span> <span class='ocrx_word' id='word_1_414' title='bbox 1417 4374 1619 4446; x_wconf 91' lang='lat' dir='ltr'><strong>quam</strong></span> <span class='ocrx_word' id='word_1_415' title='bbox 1680 4354 1970 4425; x_wconf 90' lang='lat' dir='ltr'><strong>ueniens</strong></span> <span class='ocrx_word' id='word_1_416' title='bbox 2025 4354 2340 4445; x_wconf 88' lang='lat' dir='ltr'><strong>pervenit</strong></span> <span class='ocrx_word' id='word_1_417' title='bbox 2392 4349 2478 4423; x_wconf 93' lang='lat' dir='ltr'><strong>ad</strong></span> <span class='ocrx_word' id='word_1_418' title='bbox 2523 4353 2740 4422; x_wconf 88' lang='lat' dir='ltr'><strong>riuum</strong></span> <span class='ocrx_word' id='word_1_419' title='bbox 2796 4346 3257 4446; x_wconf 71' lang='lat' dir='ltr'><strong>Cyrkuenich,</strong></span> <span class='ocrx_word' id='word_1_420' title='bbox 3311 4347 3407 4421; x_wconf 90' lang='lat' dir='ltr'><strong>ibi</strong></span> 
     </span>
     <span class='ocr_line' id='line_1_39' title="bbox 138 4450 3409 4550; baseline 0 -26"><span class='ocrx_word' id='word_1_421' title='bbox 138 4453 217 4512; x_wconf 60' lang='lat'><strong>0⁸⁸</strong></span> <span class='ocrx_word' id='word_1_422' title='bbox 252 4469 420 4542; x_wconf 83' lang='lat' dir='ltr'><strong>pons.</strong></span> <span class='ocrx_word' id='word_1_423' title='bbox 521 4454 706 4526; x_wconf 88' lang='lat' dir='ltr'><strong>Hinc</strong></span> <span class='ocrx_word' id='word_1_424' title='bbox 775 4458 1089 4549; x_wconf 88' lang='lat' dir='ltr'><strong>superius</strong></span> <span class='ocrx_word' id='word_1_425' title='bbox 1168 4477 1294 4550; x_wconf 90' lang='lat' dir='ltr'><strong>per</strong></span> <span class='ocrx_word' id='word_1_426' title='bbox 1364 4455 1659 4528; x_wconf 90' lang='lat' dir='ltr'><strong>eundem</strong></span> <span class='ocrx_word' id='word_1_427' title='bbox 1731 4459 1948 4527; x_wconf 88' lang='lat' dir='ltr'><strong>riuum</strong></span> <span class='ocrx_word' id='word_1_428' title='bbox 2002 4457 2191 4526; x_wconf 86' lang='lat' dir='ltr'><strong>iuxta</strong></span> <span class='ocrx_word' id='word_1_429' title='bbox 2262 4464 2564 4527; x_wconf 90' lang='lat' dir='ltr'><strong>montem</strong></span> <span class='ocrx_word' id='word_1_430' title='bbox 2620 4451 2848 4524; x_wconf 88' lang='lat' dir='ltr'><strong>Grech</strong></span> <span class='ocrx_word' id='word_1_431' title='bbox 2900 4450 3088 4525; x_wconf 90' lang='lat' dir='ltr'><strong>uadit</strong></span> <span class='ocrx_word' id='word_1_432' title='bbox 3138 4451 3409 4525; x_wconf 89' lang='lat' dir='ltr'><strong>directe</strong></span> 
     </span>
     <span class='ocr_line' id='line_1_40' title="bbox 136 4552 3407 4652; baseline 0.002 -28"><span class='ocrx_word' id='word_1_433' title='bbox 136 4560 324 4624; x_wconf 63' lang='lat' dir='ltr'><strong>tersus</strong></span> <span class='ocrx_word' id='word_1_434' title='bbox 368 4557 751 4652; x_wconf 87' lang='lat' dir='ltr'><strong>aquilonem</strong></span> <span class='ocrx_word' id='word_1_435' title='bbox 799 4561 1127 4648; x_wconf 88' lang='lat' dir='ltr'><strong>metatim,</strong></span> <span class='ocrx_word' id='word_1_436' title='bbox 1189 4558 1482 4632; x_wconf 90' lang='lat' dir='ltr'><strong>tendens</strong></span> <span class='ocrx_word' id='word_1_437' title='bbox 1539 4558 1625 4630; x_wconf 86' lang='lat' dir='ltr'><strong>ad</strong></span> <span class='ocrx_word' id='word_1_438' title='bbox 1679 4556 1967 4648; x_wconf 86' lang='lat' dir='ltr'><strong>fontem,</strong></span> <span class='ocrx_word' id='word_1_439' title='bbox 2035 4562 2148 4652; x_wconf 87' lang='lat' dir='ltr'><strong>qui</strong></span> <span class='ocrx_word' id='word_1_440' title='bbox 2203 4557 2448 4630; x_wconf 90' lang='lat' dir='ltr'><strong>dicitur</strong></span> <span class='ocrx_word' id='word_1_441' title='bbox 2500 4552 2860 4646; x_wconf 82' lang='lat' dir='ltr'><strong>Cubulkut,</strong></span> <span class='ocrx_word' id='word_1_442' title='bbox 2929 4558 3121 4628; x_wconf 81' lang='lat' dir='ltr'><strong>iuxta</strong></span> <span class='ocrx_word' id='word_1_443' title='bbox 3195 4577 3407 4652; x_wconf 85' lang='lat' dir='ltr'><strong>quem</strong></span> 
     </span>
     <span class='ocr_line' id='line_1_41' title="bbox 138 4657 3402 4757; baseline 0.002 -31"><span class='ocrx_word' id='word_1_444' title='bbox 138 4659 217 4720; x_wconf 73' lang='lat' dir='ltr'><strong>est</strong></span> <span class='ocrx_word' id='word_1_445' title='bbox 254 4666 409 4730; x_wconf 81' lang='lat' dir='ltr'><strong>meta</strong></span> <span class='ocrx_word' id='word_1_446' title='bbox 458 4670 709 4734; x_wconf 86' lang='lat' dir='ltr'><strong>terrea.</strong></span> <span class='ocrx_word' id='word_1_447' title='bbox 790 4660 861 4732; x_wconf 89' lang='lat' dir='ltr'>A</span> <span class='ocrx_word' id='word_1_448' title='bbox 914 4684 1049 4757; x_wconf 92' lang='lat' dir='ltr'><strong>quo</strong></span> <span class='ocrx_word' id='word_1_449' title='bbox 1103 4665 1416 4756; x_wconf 89' lang='lat' dir='ltr'><strong>superius</strong></span> <span class='ocrx_word' id='word_1_450' title='bbox 1471 4683 1597 4757; x_wconf 89' lang='lat' dir='ltr'><strong>per</strong></span> <span class='ocrx_word' id='word_1_451' title='bbox 1642 4662 1931 4734; x_wconf 90' lang='lat' dir='ltr'><strong>riuulum</strong></span> <span class='ocrx_word' id='word_1_452' title='bbox 1988 4657 2424 4757; x_wconf 70' lang='lat' dir='ltr'><strong>Gyrkuenich</strong></span> <span class='ocrx_word' id='word_1_453' title='bbox 2475 4680 2723 4733; x_wconf 89' lang='lat' dir='ltr'><strong>uersus</strong></span> <span class='ocrx_word' id='word_1_454' title='bbox 2779 4660 3168 4754; x_wconf 86' lang='lat' dir='ltr'><strong>aquilonem</strong></span> <span class='ocrx_word' id='word_1_455' title='bbox 3218 4682 3402 4756; x_wconf 89' lang='lat' dir='ltr'><strong>per-</strong></span> 
     </span>
     <span class='ocr_line' id='line_1_42' title="bbox 140 4757 3408 4861; baseline 0.003 -33"><span class='ocrx_word' id='word_1_456' title='bbox 140 4757 279 4828; x_wconf 76' lang='lat' dir='ltr'><strong>uenit</strong></span> <span class='ocrx_word' id='word_1_457' title='bbox 320 4760 397 4834; x_wconf 89' lang='lat' dir='ltr'><strong>ad</strong></span> <span class='ocrx_word' id='word_1_458' title='bbox 445 4765 763 4855; x_wconf 89' lang='lat' dir='ltr'><strong>riuulum,</strong></span> <span class='ocrx_word' id='word_1_459' title='bbox 812 4767 925 4860; x_wconf 90' lang='lat' dir='ltr'><strong>qui</strong></span> <span class='ocrx_word' id='word_1_460' title='bbox 978 4764 1224 4838; x_wconf 87' lang='lat' dir='ltr'><strong>dicitur</strong></span> <span class='ocrx_word' id='word_1_461' title='bbox 1272 4762 1678 4861; x_wconf 83' lang='lat' dir='ltr'><strong>Zopotnika.</strong></span> <span class='ocrx_word' id='word_1_462' title='bbox 1733 4765 1909 4838; x_wconf 89' lang='lat' dir='ltr'><strong>Hinc</strong></span> <span class='ocrx_word' id='word_1_463' title='bbox 1964 4767 2308 4839; x_wconf 87' lang='lat' dir='ltr'><strong>transiens</strong></span> <span class='ocrx_word' id='word_1_464' title='bbox 2359 4763 2800 4837; x_wconf 90' lang='lat' dir='ltr'><strong>monticulum</strong></span> <span class='ocrx_word' id='word_1_465' title='bbox 2840 4762 3022 4858; x_wconf 78' lang='lat' dir='ltr'><strong>cadit</strong></span> <span class='ocrx_word' id='word_1_466' title='bbox 3060 4768 3134 4837; x_wconf 91' lang='lat' dir='ltr'><strong>in</strong></span> <span class='ocrx_word' id='word_1_467' title='bbox 3170 4786 3408 4861; x_wconf 80' lang='lat' dir='ltr'><strong>quan-</strong></span> 
     </span>
     <span class='ocr_line' id='line_1_43' title="bbox 140 4850 3404 4964; baseline 0 -27"><span class='ocrx_word' id='word_1_468' title='bbox 140 4850 249 4926; x_wconf 62' lang='lat' dir='ltr'><strong>dm</strong></span> <span class='ocrx_word' id='word_1_469' title='bbox 292 4864 548 4956; x_wconf 75' lang='lat' dir='ltr'><strong>uallem,</strong></span> <span class='ocrx_word' id='word_1_470' title='bbox 596 4890 725 4964; x_wconf 90' lang='lat' dir='ltr'><strong>per</strong></span> <span class='ocrx_word' id='word_1_471' title='bbox 759 4889 959 4963; x_wconf 89' lang='lat' dir='ltr'><strong>quam</strong></span> <span class='ocrx_word' id='word_1_472' title='bbox 1012 4872 1255 4943; x_wconf 86' lang='lat' dir='ltr'><strong>transit</strong></span> <span class='ocrx_word' id='word_1_473' title='bbox 1290 4871 1359 4941; x_wconf 91' lang='lat' dir='ltr'><strong>in</strong></span> <span class='ocrx_word' id='word_1_474' title='bbox 1395 4870 1711 4958; x_wconf 86' lang='lat' dir='ltr'><strong>riuulum,</strong></span> <span class='ocrx_word' id='word_1_475' title='bbox 1766 4871 1882 4964; x_wconf 89' lang='lat' dir='ltr'><strong>qui</strong></span> <span class='ocrx_word' id='word_1_476' title='bbox 1935 4867 2180 4941; x_wconf 87' lang='lat' dir='ltr'><strong>dicitur</strong></span> <span class='ocrx_word' id='word_1_477' title='bbox 2229 4864 2772 4964; x_wconf 73' lang='lat' dir='ltr'><strong>Lomzkypotok.</strong></span> <span class='ocrx_word' id='word_1_478' title='bbox 2825 4868 3095 4941; x_wconf 88' lang='lat' dir='ltr'><strong>Deinde</strong></span> <span class='ocrx_word' id='word_1_479' title='bbox 3133 4889 3404 4940; x_wconf 81' lang='lat' dir='ltr'><strong>ascen—</strong></span> 
     </span>
     <span class='ocr_line' id='line_1_44' title="bbox 139 4952 3407 5067; baseline 0.001 -31"><span class='ocrx_word' id='word_1_480' title='bbox 139 4952 205 5026; x_wconf 67' lang='lat' dir='ltr'><strong>di!</strong></span> <span class='ocrx_word' id='word_1_481' title='bbox 244 4963 314 5035; x_wconf 78' lang='lat' dir='ltr'><strong>ad</strong></span> <span class='ocrx_word' id='word_1_482' title='bbox 358 4980 600 5043; x_wconf 89' lang='lat' dir='ltr'><strong>metam</strong></span> <span class='ocrx_word' id='word_1_483' title='bbox 658 4968 945 5067; x_wconf 85' lang='lat' dir='ltr'><strong>Capituli</strong></span> <span class='ocrx_word' id='word_1_484' title='bbox 993 4970 1505 5067; x_wconf 85' lang='lat' dir='ltr'><strong>Zagrabiensis.</strong></span> <span class='ocrx_word' id='word_1_485' title='bbox 1568 4972 1810 5045; x_wconf 88' lang='lat' dir='ltr'><strong>Altera</strong></span> <span class='ocrx_word' id='word_1_486' title='bbox 1866 4981 1974 5044; x_wconf 88' lang='lat' dir='ltr'><strong>est</strong></span> <span class='ocrx_word' id='word_1_487' title='bbox 2026 4971 2380 5066; x_wconf 89' lang='lat' dir='ltr'><strong>Hospitum</strong></span> <span class='ocrx_word' id='word_1_488' title='bbox 2436 4970 2525 5043; x_wconf 91' lang='lat' dir='ltr'><strong>de</strong></span> <span class='ocrx_word' id='word_1_489' title='bbox 2582 4970 2837 5063; x_wconf 87' lang='lat' dir='ltr'><strong>Grech,</strong></span> <span class='ocrx_word' id='word_1_490' title='bbox 2907 4972 3153 5044; x_wconf 83' lang='lat' dir='ltr'><strong>Tereia</strong></span> <span class='ocrx_word' id='word_1_491' title='bbox 3205 4968 3407 5041; x_wconf 83' lang='lat' dir='ltr'><strong>filio-</strong></span> 
     </span>
     <span class='ocr_line' id='line_1_45' title="bbox 140 5067 3404 5171; baseline 0.001 -32"><span class='ocrx_word' id='word_1_492' title='bbox 140 5075 243 5132; x_wconf 74' lang='lat' dir='ltr'><strong>rm</strong></span> <span class='ocrx_word' id='word_1_493' title='bbox 288 5067 549 5145; x_wconf 84' lang='lat' dir='ltr'><strong>Dobcha</strong></span> <span class='ocrx_word' id='word_1_494' title='bbox 604 5074 693 5147; x_wconf 91' lang='lat' dir='ltr'><strong>de</strong></span> <span class='ocrx_word' id='word_1_495' title='bbox 741 5097 1002 5168; x_wconf 82' lang='lat' dir='ltr'><strong>genere</strong></span> <span class='ocrx_word' id='word_1_496' title='bbox 1053 5075 1212 5169; x_wconf 71' lang='lat' dir='ltr'><strong>Aga</strong></span> <span class='ocrx_word' id='word_1_497' title='bbox 1253 5075 1555 5167; x_wconf 87' lang='lat' dir='ltr'><strong>(Acha).</strong></span> <span class='ocrx_word' id='word_1_498' title='bbox 1612 5074 1878 5148; x_wconf 89' lang='lat' dir='ltr'><strong>Deinde</strong></span> <span class='ocrx_word' id='word_1_499' title='bbox 1908 5073 2221 5171; x_wconf 85' lang='lat' dir='ltr'><strong>procedit</strong></span> <span class='ocrx_word' id='word_1_500' title='bbox 2274 5074 2358 5146; x_wconf 91' lang='lat' dir='ltr'><strong>ad</strong></span> <span class='ocrx_word' id='word_1_501' title='bbox 2389 5096 2721 5148; x_wconf 87' lang='lat' dir='ltr'><strong>cacumen</strong></span> <span class='ocrx_word' id='word_1_502' title='bbox 2750 5075 3062 5149; x_wconf 89' lang='lat' dir='ltr'><strong>eiusdem</strong></span> <span class='ocrx_word' id='word_1_503' title='bbox 3115 5074 3404 5156; x_wconf 70' lang='lat' dir='ltr'><strong>montis,</strong></span> 
     </span>
     <span class='ocr_line' id='line_1_46' title="bbox 138 5167 3405 5274; baseline 0 -29"><span class='ocrx_word' id='word_1_504' title='bbox 138 5167 409 5247; x_wconf 54' lang='lat' dir='ltr'><strong>”cabulo</strong></span> <span class='ocrx_word' id='word_1_505' title='bbox 463 5174 944 5251; x_wconf 70' lang='lat' dir='ltr'><strong>Hedwenicha</strong></span> <span class='ocrx_word' id='word_1_506' title='bbox 1017 5201 1265 5253; x_wconf 90' lang='lat' dir='ltr'><strong>uersus</strong></span> <span class='ocrx_word' id='word_1_507' title='bbox 1340 5179 1769 5252; x_wconf 71' lang='lat' dir='ltr'><strong>occidentem</strong></span> <span class='ocrx_word' id='word_1_508' title='bbox 1824 5187 1895 5251; x_wconf 87' lang='lat' dir='ltr'><strong>et</strong></span> <span class='ocrx_word' id='word_1_509' title='bbox 1962 5182 2278 5274; x_wconf 84' lang='lat' dir='ltr'><strong>peruenit</strong></span> <span class='ocrx_word' id='word_1_510' title='bbox 2329 5176 2414 5248; x_wconf 90' lang='lat' dir='ltr'><strong>ad</strong></span> <span class='ocrx_word' id='word_1_511' title='bbox 2469 5179 2720 5251; x_wconf 88' lang='lat' dir='ltr'><strong>metam</strong></span> <span class='ocrx_word' id='word_1_512' title='bbox 2773 5178 3061 5250; x_wconf 86' lang='lat' dir='ltr'><strong>filiorum</strong></span> <span class='ocrx_word' id='word_1_513' title='bbox 3113 5173 3405 5266; x_wconf 86' lang='lat' dir='ltr'><strong>Micula,</strong></span> 
     </span>
     <span class='ocr_line' id='line_1_47' title="bbox 140 5271 3403 5377; baseline 0.001 -33"><span class='ocrx_word' id='word_1_514' title='bbox 140 5283 235 5356; x_wconf 66' lang='lat' dir='ltr'><strong>que</strong></span> <span class='ocrx_word' id='word_1_515' title='bbox 274 5271 688 5352; x_wconf 78' lang='lat' dir='ltr'><strong>Plestiwicha</strong></span> <span class='ocrx_word' id='word_1_516' title='bbox 753 5281 1021 5373; x_wconf 83' lang='lat' dir='ltr'><strong>dicitur,</strong></span> <span class='ocrx_word' id='word_1_517' title='bbox 1092 5286 1282 5355; x_wconf 81' lang='lat' dir='ltr'><strong>iuxta</strong></span> <span class='ocrx_word' id='word_1_518' title='bbox 1339 5305 1537 5377; x_wconf 88' lang='lat' dir='ltr'><strong>quam</strong></span> <span class='ocrx_word' id='word_1_519' title='bbox 1613 5291 1722 5356; x_wconf 90' lang='lat' dir='ltr'><strong>est</strong></span> <span class='ocrx_word' id='word_1_520' title='bbox 1773 5291 1955 5354; x_wconf 86' lang='lat' dir='ltr'><strong>meta</strong></span> <span class='ocrx_word' id='word_1_521' title='bbox 2014 5292 2262 5354; x_wconf 88' lang='lat' dir='ltr'><strong>terrea.</strong></span> <span class='ocrx_word' id='word_1_522' title='bbox 2369 5281 2638 5355; x_wconf 89' lang='lat' dir='ltr'><strong>Deinde</strong></span> <span class='ocrx_word' id='word_1_523' title='bbox 2692 5278 3112 5354; x_wconf 86' lang='lat' dir='ltr'><strong>transcendit</strong></span> <span class='ocrx_word' id='word_1_524' title='bbox 3165 5300 3203 5349; x_wconf 86' lang='lat' dir='ltr'><strong>a</strong></span> <span class='ocrx_word' id='word_1_525' title='bbox 3263 5298 3403 5349; x_wconf 90' lang='lat' dir='ltr'><strong>ca-</strong></span> 
     </span>
     <span class='ocr_line' id='line_1_48' title="bbox 139 5378 3405 5483; baseline 0.002 -35"><span class='ocrx_word' id='word_1_526' title='bbox 139 5378 349 5449; x_wconf 72' lang='lat' dir='ltr'><strong>mnne</strong></span> <span class='ocrx_word' id='word_1_527' title='bbox 397 5383 697 5456; x_wconf 89' lang='lat' dir='ltr'><strong>eiusdem</strong></span> <span class='ocrx_word' id='word_1_528' title='bbox 759 5389 1012 5459; x_wconf 90' lang='lat' dir='ltr'><strong>montis</strong></span> <span class='ocrx_word' id='word_1_529' title='bbox 1064 5408 1313 5462; x_wconf 89' lang='lat' dir='ltr'><strong>uersus</strong></span> <span class='ocrx_word' id='word_1_530' title='bbox 1366 5396 1629 5483; x_wconf 87' lang='lat' dir='ltr'><strong>partem</strong></span> <span class='ocrx_word' id='word_1_531' title='bbox 1681 5385 2230 5477; x_wconf 69' lang='lat' dir='ltr'><strong>meridionalem,</strong></span> <span class='ocrx_word' id='word_1_532' title='bbox 2282 5390 2584 5459; x_wconf 88' lang='lat' dir='ltr'><strong>metatim</strong></span> <span class='ocrx_word' id='word_1_533' title='bbox 2639 5385 2727 5457; x_wconf 92' lang='lat' dir='ltr'><strong>ad</strong></span> <span class='ocrx_word' id='word_1_534' title='bbox 2781 5382 3097 5456; x_wconf 87' lang='lat' dir='ltr'><strong>arborem</strong></span> <span class='ocrx_word' id='word_1_535' title='bbox 3154 5391 3405 5458; x_wconf 87' lang='lat' dir='ltr'><strong>casta-</strong></span> 
     </span>
    </p>
   </div>
   <div class='ocr_carea' id='block_1_3' title="bbox 295 5485 2811 5588">
    <p class='ocr_par' dir='ltr' id='par_1_3' title="bbox 295 5485 2811 5588">
     <span class='ocr_line' id='line_1_49' title="bbox 295 5485 2811 5588; baseline 0.002 -17"><span class='ocrx_word' id='word_1_536' title='bbox 295 5509 425 5579; x_wconf 70' lang='grc' dir='ltr'><strong>(Ρη-</strong></span> <span class='ocrx_word' id='word_1_537' title='bbox 455 5515 494 5571; x_wconf 74' lang='lat' dir='ltr'><strong>t</strong></span> <span class='ocrx_word' id='word_1_538' title='bbox 534 5516 707 5573; x_wconf 61' lang='lat' dir='ltr'><strong>rava.</strong></span> <span class='ocrx_word' id='word_1_539' title='bbox 742 5526 797 5575; x_wconf 72' lang='grc' dir='ltr'><strong>οι</strong></span> <span class='ocrx_word' id='word_1_540' title='bbox 828 5517 1045 5588; x_wconf 71' lang='lat' dir='ltr'><strong>men.)</strong></span> <span class='ocrx_word' id='word_1_541' title='bbox 2763 5485 2811 5558; x_wconf 88' lang='grc'>9</span> 
     </span>
    </p>
   </div>
  </div>
 </body>
</html>
