3950 5917
492 403 603 493 89

498 619 571 684 et
620 628 921 699 assensu
965 606 1181 681 talem
1223 607 1406 681 iuter
1453 603 1604 681 Nea
1656 614 1743 681 et
1779 607 2002 701 ipaem
2054 603 2542 681 ordimvims
2577 607 3176 731 eonpoflifionen,
3241 617 3322 683 ut
3367 612 3520 706 ipse
3565 609 3810 697 nullm

498 712 587 786 de
639 690 912 789 Nostris
962 706 1461 802 Jobagiouibns
1523 708 1613 782 de
1664 708 1929 799 Veliho
1966 709 2060 782 ad
2110 730 2309 785 suum
2361 707 2741 785 districtum
2789 712 2862 793 in
2916 708 3115 785 Graia
3170 733 3251 797 re
3252 715 3486 809 cipiet,
3556 722 3630 786 et
3673 711 3806 799 Nos

499 838 541 885 e
596 835 948 888 converso
1002 812 1257 888 nullum
1321 811 1637 908 equidem
1692 788 1781 885 de
1817 815 1961 887 suis
2010 810 2507 906 Jobagionibus
2561 811 2652 897 de
2687 810 2900 901 Grata
2943 813 3030 891 ad
3064 812 3400 893 Nostrum.
3449 815 3810 901 &strictus

500 919 589 990 de
655 917 953 1007 Veflho,
1024 917 1432 988 auctoritate
1499 919 1887 1012 praesentis
1960 915 2410 989 ordinationis
2479 919 2799 1010 recipere
2868 922 3387 1013 praesumimus.
3495 917 3693 1007 Quod
3753 922 3808 994 si

497 1042 677 1118 pars
710 968 1037 1094 alterulra
1088 1017 1590 1092 ordinationem
1640 1022 1841 1093 istam
1894 1019 2352 1114 aliquatenus
2374 1020 2452 1091 iu
2496 1019 2897 1114 recipiendo
2969 1020 3251 1097 atterius
3317 1025 3533 1118 pat-‚tis
3597 1019 3818 1095 soba·-

496 1127 778 1218 gionem
828 1121 1207 1218 infringere
1258 1124 1820 1218 praesumpserit,
1874 1144 1970 1195 ex
2022 1125 2096 1196 vi
2140 1124 2527 1217 praesentis
2597 1122 2844 1196 Statuti
2895 1125 3115 1219 ipsum
3184 1123 3623 1220 Jebigi'ouem
3674 1146 3812 1197 cum

494 1226 705 1302 rebus
767 1225 1011 1302 ablatis
1083 1248 1234 1299 cum
1281 1225 1546 1318 judicio
1619 1225 1871 1322 duplici
1925 1224 2272 1301 adversae
2341 1228 2517 1321 parti
2583 1228 2951 1300 restituere
3019 1237 3354 1303 teneatur.
3458 1228 3706 1304 Datum
3749 1230 3816 1300 in

493 1329 698 1425 Bihig
747 1351 928 1405 anno
979 1328 1258 1404 Domini
1307 1327 1673 1404 millesimo
1727 1328 2221 1404 Ducentesimo
2274 1332 2788 1424 septuagesimo
2839 1332 3082 1428 primo.

492 1505 571 1560 Ex
601 1505 967 1577 Tun-sumpto
1002 1503 1398 1575 rav-nogiom-
1432 1502 1691 1559 Ahbatiae
1722 1502 1784 1558 B.
1820 1503 1888 1559 Ι.
1922 1503 1986 1558 V.
2021 1506 2090 1559 de
2123 1503 2423 1574 Thopmko.

1987 2063 2329 2147 LXV.

1425 2350 1635 2424 Am
1703 2348 1743 2422 1
1762 2349 1949 2423 272.
2037 2348 2164 2423 10:
2217 2349 2542 2448 Augusta
2624 2349 2918 2471 suane..

488 2612 1058 2718 Ladislaus,
1141 2610 1719 2718 Hungariae
1782 2623 1873 2691 et
1934 2609 2399 2692 croatiae
2459 2608 2698 2715 Rex,
2782 2610 3182 2691 civibus
3260 2611 3832 2717 Spoletinis

487 2749 914 2855 mandat,
978 2755 1227 2830 utin
1289 2753 1678 2856 signum
1743 2748 2283 2829 fidelitatis
2366 2772 2601 2828 suos
2681 2759 3227 2841 extraneos
3308 2749 3715 2856 iudices
3782 2772 3833 2827 e

490 2893 921 2969 civitate.
997 2887 1511 2994 expellant
1604 2898 1692 2967 et
1786 2890 2219 2993 quatu-or
2311 2888 2930 2991 conspicuos
3021 2884 3317 2967 viros*
3398 2890 3830 2993 negotia

820 3024 1147 3132 Regni
1212 3025 1689 3106 Croatiae
1753 3051 1961 3104 cum
2021 3023 2300 3130 Rege
2362 3023 3038 3105 ordinaturos.
3081 3029 3488 3105 mitta-nt.

800 3295 1155 3371 Ladislaus
1225 3295 1410 3370 fideli
1483 3302 1627 3371 suo'
1684 3292 1930 3369 Comiti
2004 3299 2135 3369 ciu.
2209 3292 2467 3391 Spalat.
2533 3294 2840 3369 salutem.
2895 3305 2968 3367 et
3035 3297 3346 3388 gratiam.
3455 3295 3630 3382 Quia
3684 3300 3842 3369 noi—

484 3398 593 3473 bis
646 3422 924 3495 semper
992 3398 1336 3473 fidelitatis
1391 3422 1604 3496 opera
1675 3399 2112 3490 exhibuistis,
2180 3396 2537 3471 indefesse
2605 3421 2738 3471 uos
2817 3402 3298 3494 prosequimur
3364 3397 3592 3493 Regio
3673 3420 3838 3471 cum

484 3502 750 3576 fauore.
806 3503 950 3576 Sed
1002 3508 1159 3599 quia
1210 3513 1491 3600 propter
1537 3507 1878 3575 uariarum
1937 3524 2340 3596 guerrarum
2396 3502 2787 3575 discrimina
2815 3502 2942 3573 ad.
2979 3524 3113 3575 uos
3166 3501 3518 3575 accedere.
3565 3504 3846 3598 nequi-

485 3628 639 3680 mus
692 3628 913 3702 vsque
967 3606 1204 3696 modo.
1308 3606 1785 3696 Intelliximus.,
1840 3604 2022 3700 quod
2078 3626 2208 3677 uos
2261 3604 2543 3677 Judices
2599 3615 2974 3678 extraneos
3028 3605 3117 3678 de
3161 3606 3315 3697 alijs
3368 3603 3640 3699 Regnis
3701 3627 3846 3677 ac-

488 3713 722 3805 cipere
772 3714 1258 3801 consueuistis‚
1314 3709 1497 3804 quod
1550 3730 1688 3780 non
1729 3717 1849 3805 est·
1889 3706 2234 3781 fidelitatis
2289 3708 2651 3798 indicium3
2707 3712 2899 3781 ciues
2955 3710 3161 3780 etiam
3208 3718 3487 3783 nostros
3541 3708 3848 3802 Tragu-

485 3817 757 3887 rienses
811 3835 950 3886 non
1007 3814 1346 3887 modicum
1404 3811 1777 3884 discrimini
1831 3810 2274 3905 perturbare3
2345 3811 2674 3907 quosdam
2733 3815 2937 3883 etiam
2990 3811 3191 3885 nohis
3245 3810 3489 3885 fideles
3543 3810 3639 3885 de
3697 3834 3852 3885 ue·-

490 3926 632 3989 stra
690 3913 1188 3990 Communitate
1258 3918 1637 4011 expulistis.
1746 3914 1974 4001 Quare
2029 3912 2334 3986 fidelfftati
2386 3925 2621 3989 uestre
2676 3912 2959 3987 firmiter
3026 3914 3472 4011 precipiendo
3526 3915 3854 3988 manda-

490 4041 667 4111 mus,
743 4031 1105 4114 quatenus,
1161 4022 1222 4093 si
1274 4040 1406 4092 nos
1457 4018 1836 4091 naturalem
1890 4017 2255 4091 Dominum
2326 4018 2595 4113 Regem
2649 4017 3000 4111 Hungarie
3054 4028 3126 4090 et
3178 4016 3473 4091 Croacie
3545 4039 3856 4113 cogno-

491 4127 707 4212 scitis,
765 4146 860 4196 ex
911 4133 1072 4196 tunc
1126 4121 1390 4196 iudices
1443 4132 1818 4195 extraneos
1872 4121 1961 4194 de
2016 4126 2498 4195 communitate
2561 4131 2792 4196 uestra
2847 4122 3237 4217 expellatis,
3310 4132 3383 4194 et
3432 4120 3522 4194 de
3577 4121 3862 4216 Regno

491 4237 733 4302 nostro
786 4226 989 4301 nobis
1042 4224 1286 4300 fideles
1337 4248 1463 4321 pro
1516 4236 1857 4323 potestate
1909 4224 2112 4299 uobis
2166 4230 2559 4315 assumatis,
2612 4247 2698 4296 ac
2751 4227 2944 4298 ciues
2996 4235 3276 4298 nostros
3320 4225 3860 4319 Tragurienses

486 4352 627 4404 non
680 4334 1089 4426 presumatis
1135 4334 1206 4403 in
1259 4329 1486 4425 aliquo
1539 4330 1980 4427 perturbare:
2053 4333 2115 4403 si
2177 4340 2400 4409 autem
2475 4329 2765 4422 aliquam
2833 4326 3099 4401 hahetis
3170 4332 3513 4401 actionem
3586 4341 3858 4403 contra

483 4440 701 4528 ipsos,
754 4438 1205 4532 experiamini
1258 4455 1495 4506 coram
1550 4432 1777 4523 nobis.
1831 4435 2081 4504 iustitia
2136 4433 2524 4523 mediante3
2578 4433 2735 4504 illos
2791 4435 2992 4503 etiam
3046 4430 3248 4505 nobis
3301 4431 3575 4523 fideles,
3659 4454 3859 4530 quos

486 4535 574 4606 de
618 4536 867 4633 Regno
906 4550 1146 4614 nostro
1203 4537 1626 4628 exclusistis,
1677 4535 2052 4622 reducatis,
2109 4544 2179 4607 et
2211 4535 2394 4609 bona
2434 4558 2519 4607 ac
2553 4538 3048 4630 possessiones
3097 4538 3474 4609 restituatis
3527 4557 3861 4610 eorum·
3909 4576 3910 4579 ¹

476 4637 684 4727 dem3
735 4651 1052 4735 preterea
1109 4650 1398 4737 quatuor
1451 4662 1545 4712 ex
1594 4636 1794 4710 uob'is
1851 4639 2207 4730 meliores,
2263 4643 2323 4713 si
2374 4638 2575 4712 nobis
2629 4637 2872 4712 fideles
2927 4656 3092 4711 esse
3144 4641 3379 4729 vultis3
3432 4640 3872 4735 vasque-fo-

476 4750 665 4823 etum
721 4742 794 4813 S;
847 4742 1206 4827 Michaelis
1259 4743 1346 4817 ad
1398 4764 1531 4817 nos
1581 4745 2080 4833 transmittatis,
2133 4752 2228 4814 vt·
2262 4764 2394 4816 nos
2445 4760 2587 4819 vna
2639 4756 2795 4817 eum
2848 4744 3016 4837 ipsis
3069 4741 3184 4817 de-
3212 4741 3422 4816 bono:
3451 4753 3646 4819 statu
3685 4743 3878 4821 Ro—

486 4848 604 4940 gui
659 4842 953 4919 Croacie
1006 4847 1421 4922 ordinemus.
1526 4845 1773 4919 Datum
1827 4842 2064 4918 Buda'e
2117 4848 2187 4918 iu
2240 4846 2423 4921 festo
2478 4847 2553 4921 S.
2606 4844 2806 4920 Laur.
2859 4844 3033 4919 Mar.
3091 4846 3213 4920 10.
3268 4846 3453 4941 Aug.

478 5040 665 5097 Lucius
699 5039 739 5093 Ι.
774 5038 1020 5095 Memoria
1054 5038 1301 5095 latoriche
1338 5040 1391 5093 di
1425 5039 1674 5111 Tragurio
1709 5054 1805 5095 ora
1839 5039 1985 5095 detto
2018 5038 2169 5095 Trau.
2207 5056 2328 5112 pag.
2363 5042 2453 5099 93.
