3950 5917
491 372 659 450 2⁰0

502 606 746 658 sorum
812 583 1257 681 tenporibus,
1334 585 1852 661 Protonotarios
1906 608 2035 662 seu
2086 583 2633 659 Conseruatores
2714 582 3090 678 sigillorum
3140 581 3484 656 Bonorum
3534 585 3603 657 in
3652 587 3800 682 ipso

507 711 731 782 regno
778 710 903 786 pro
957 699 1266 786 tempore
1343 696 1855 765 constitutorum
1924 713 2053 788 pro
2111 694 2377 763 iusticia
2460 692 2731 762 comuni
2809 685 3247 762 ministranda
3326 688 3683 781 elegerint,
3731 700 3801 762 et

506 793 770 887 eligere
825 798 1349 884 consueuerint3
1409 805 1637 868 tamen
1684 819 1721 867 a
1760 795 2159 892 quibusdam
2213 797 2451 891 paucis
2500 795 2862 867 retroactis
2914 813 3244 864 annorum
3297 794 3615 865 curiculis
3642 847 3659 864 .
3686 847 3703 866 .
3730 848 3796 866 ..

508 896 680 970 Bani
732 901 943 994 ipsius
995 903 1194 993 regni
1246 899 1534 972 eosdem
1587 898 1855 972 nobiles
1907 900 1995 972 de
2048 897 2431 972 huiusmodi
2501 919 2737 970 eorum
2800 894 3293 969 consuetudine
3344 898 3414 969 in
3471 896 3800 970 electione

505 999 1131 1075 Protonotariorum
1179 1003 1633 1099 predictorum
1672 1003 1878 1077 modo
1914 1006 2153 1100 preuio
2191 1002 2561 1076 obseruato
2614 1004 3081 1097 excepissent,
3134 1009 3206 1073 et
3238 1002 3511 1095 ipsimet
3560 999 3795 1073 buius-

509 1105 692 1178 modi
742 1105 1304 1181 Prothonotarios
1358 1131 1484 1183 seu
1538 1108 1910 1203 sigillorum
1985 1129 2224 1180 eornm
2277 1116 2835 1192 conseruatores,
2903 1107 2975 1176 in
3027 1103 3204 1176 dicta
3255 1103 3427 1178 sede
3482 1101 3797 1180 Crisiensi

506 1210 923 1303 elegissent3
977 1233 1072 1283 ex
1125 1233 1408 1308 quorum
1465 1212 1735 1305 quidem
1787 1211 2413 1284 Protonotariorum
2466 1232 2593 1307 per
2640 1214 2833 1306 ipsos
2883 1208 3115 1281 Banos
3170 1208 3545 1280 electorum
3593 1207 3797 1281 fauo-

506 1317 684 1386 rosis
720 1313 1161 1409 processibus
1217 1338 1670 1411 sepenumero
1722 1314 1849 1389 sub
1886 1314 2295 1389 confidentia
2352 1369 2562 1388 .....
2618 1335 2855 1387 eorum
2910 1368 2927 1385 .
2956 1366 2977 1387 .
3005 1367 3022 1386 .
3053 1368 3070 1385 .
3121 1314 3253 1408 ipsi
3304 1311 3588 1385 Nobiles
3632 1335 3790 1409 pre-

507 1419 711 1490 missa
767 1440 1004 1491 eorum
1059 1421 1554 1493 consuetudine
1605 1422 1846 1517 priuati
1900 1431 1971 1492 et
2024 1420 2268 1510 orbati,
2337 1423 2527 1516 ipsos
2581 1417 3141 1492 Prothonotarios
3212 1418 3432 1513 culpis
3485 1420 3625 1491 suis
3672 1439 3791 1490 re-

504 1525 740 1615 quiren
772 1577 789 1593 .
821 1577 839 1594 .
868 1575 915 1613 .,
969 1522 1058 1596 de
1093 1522 1474 1598 huiusmodi
1528 1546 1766 1597 eorum
1802 1522 2048 1597 officiis
2101 1546 2295 1596 more
2350 1525 2518 1597 alias
2572 1531 2908 1595 consueto
2958 1522 3361 1594 remouendi
3414 1519 3793 1594 habuissent

502 1624 935 1715 facultatem,
987 1630 1054 1700 in
1110 1629 1541 1702 discussione
1597 1649 1953 1702 causarum
2009 1633 2309 1723 ipsorum
2363 1651 2498 1701 non
2555 1627 2823 1700 modica
2876 1624 3200 1708 scandala
3252 1627 3672 1714 euenissent,
3729 1635 3792 1697 et

506 1729 693 1802 multi
746 1752 1082 1828 pauperes
1133 1732 1418 1806 Nobiles
1478 1735 1692 1828 ipsius
1742 1736 1940 1826 regni
1993 1732 2362 1806 Sclauonie
2415 1732 2704 1827 dampna
2758 1741 2830 1802 et
2871 1733 3195 1826 precipue
3264 1733 3508 1802 inrium
3569 1751 3792 1801 eorum

507 1833 688 1906 alien
717 1889 736 1905 .
767 1888 785 1907 .
815 1889 832 1908 .
902 1839 1401 1932 percepissent,
1481 1860 1635 1908 cum
1689 1840 1751 1910 si
1801 1859 1928 1932 per
1980 1837 2265 1932 amplius
2324 1834 2589 1932 prefata
2662 1857 2901 1907 eorum
2973 1836 3243 1927 antiqua
3318 1832 3793 1906 consuetudine

505 1940 574 2008 in
633 1937 973 2011 electione
1040 1944 1343 2037 ipsorum
1411 1939 2081 2014 Prothonotariorum
2135 1951 2213 2013 vt
2262 1939 2629 2036 predicitur
2696 1938 3058 2013 obseruata
3130 1939 3580 2033 priuarentur,
3645 1935 3792 2009 for-

505 2039 916 2115 midarentur
965 2046 1190 2119 multis
1260 2068 1354 2116 ex
1424 2049 1526 2117 eis
1595 2048 1852 2117 maiora
1909 2044 2259 2134 scandala,
2338 2049 2573 2141 peiora
2642 2042 3003 2139 prioribus,
3070 2045 3142 2114 in
3194 2039 3499 2115 futurum.
3541 2044 3610 2114 in
3657 2043 3793 2114 suis

502 2144 755 2220 iuribus
809 2169 1021 2243 posse
1074 2152 1376 2222 euenire.
1483 2148 1740 2235 Quibus
1795 2151 1898 2222 sic
1946 2159 2025 2221 vt
2078 2147 2417 2245 prefertur
2493 2148 2883 2237 declaratis,
2962 2145 3164 2218 iidem
3244 2145 3531 2220 Nobiles
3604 2143 3793 2218 nobis

501 2259 818 2345 tanquam
872 2274 1237 2348 personam
1292 2252 1728 2328 Serenissimi
1780 2256 2099 2349 principis
2154 2252 2408 2326 domini
2460 2255 2677 2326 nostri
2727 2249 3020 2338 Alberti,
3071 2248 3205 2321 Dei
3256 2252 3493 2344 gracia
3536 2246 3790 2322 Roma-

500 2375 740 2426 norum
789 2353 1005 2449 Regis
1059 2379 1334 2453 semper
1386 2361 1680 2450 augusti,
1735 2379 1820 2428 ac
1870 2356 2245 2451 Hungarie,
2297 2356 2653 2445 Bohemie,
2704 2355 3084 2444 Dalmacie,
3138 2351 3436 2428 Groacie
3470 2364 3600 2427 etc.
3640 2352 3789 2424 Re-

501 2463 611 2552 gis
665 2458 922 2532 domini
987 2466 1206 2534 nostri
1256 2462 1578 2533 naturalis
1629 2471 2246 2556 representantem,
2318 2461 2799 2557 supplicarunt,
2868 2467 2946 2531 vt
2992 2461 3163 2554 ipsis
3233 2463 3421 2532 circa
3474 2460 3787 2555 premisse

503 2562 589 2634 de
643 2562 949 2636 remedio
1000 2568 1130 2637 iuri
1182 2586 1492 2638 consono
1547 2565 1982 2658 dignaremur
2032 2566 2416 2661 prouidere.
2519 2563 2667 2637 Nos
2718 2567 2973 2658 itaque,
3027 2564 3141 2657 qui
3172 2567 3356 2636 inter
3391 2564 3558 2637 alias
3587 2563 3788 2657 ipsius

499 2666 724 2760 Regie
774 2668 1151 2742 Maiestatis
1203 2669 1692 2754 solicitudines,
1749 2690 1949 2741 curas
2004 2679 2073 2741 et
2122 2692 2433 2743 curarum
2488 2668 2859 2766 peruigiles
2912 2670 3296 2756 instantias,
3359 2690 3486 2765 per
3535 2687 3655 2742 nos
3703 2662 3784 2736 de

501 2774 714 2867 ipsius
767 2771 989 2868 Regis
1041 2772 1418 2847 Maiestatis
1472 2776 1955 2848 commissione
2011 2783 2081 2846 et
2132 2777 2494 2848 annuentia
2548 2773 2829 2869 speciali
2880 2770 3361 2867 expedientes,
3423 2771 3508 2844 ad
3559 2770 3782 2843 buius-

499 2875 685 2947 modi
735 2875 1218 2971 rempublicam
1273 2899 1631 2951 commune
1683 2876 1936 2951 bonum
1990 2887 2516 2969 concernentes,
2581 2899 2811 2949 curam
2877 2875 3235 2950 sollicitam
3306 2886 3613 2950 tenemur
3658 2870 3777 2944 ad-

497 2976 758 3051 hibere.
852 2979 1246 3053 Eorundem
1295 2980 1637 3055 Nobilium
1691 2981 2262 3057 declarationibus
2313 2985 2651 3078 premisso
2704 2980 2944 3053 ordine
2995 2977 3224 3070 factis,
3278 2980 3522 3054 auditis
3572 2986 3639 3052 et
3672 2978 3785 3048 in·—

500 3082 816 3173 tellectis,
868 3106 994 3180 pro
1048 3106 1163 3177 eo,
1235 3095 1312 3157 vt
1359 3086 1741 3159 huiusmodi
1804 3084 2257 3160 Protonotarii
2328 3109 2454 3159 sen
2507 3083 3052 3159 conseruatores
3105 3084 3484 3179 sigillorum
3556 3084 3782 3154 timore

499 3189 897 3281 priuationis
950 3187 1332 3262 huiusmodi
1383 3189 1760 3263 officiorum
1823 3211 2100 3263 suorum
2154 3193 2462 3287 percussi
2513 3194 2584 3264 in
2625 3186 2999 3262 eorundem
3050 3187 3395 3261 Nobilium
3447 3203 3779 3259 causarum

499 3291 939 3386 processibus
1003 3296 1344 3366 communi
1403 3304 1474 3366 et
1523 3315 1711 3367 mera
1773 3295 2025 3366 iustitia
2096 3289 2562 3390 ministrant..
2635 3297 2855 3388 magis
2911 3348 2929 3365 .
2958 3347 2975 3367 .
3007 3348 3024 3365 .
3055 3349 3072 3366 .
3123 3293 3391 3367 eisdem
3452 3286 3783 3366 Nobilibus

503 3392 876 3470 Comitatus
912 3395 1280 3472 Crisiensis
1324 3397 1639 3471 duximus
1694 3420 2081 3470 annuen...
2137 3408 2209 3470 et
2260 3398 2758 3485 conceden...,
2810 3400 2951 3470 imo
3004 3400 3362 3473 annuimus
3417 3404 3483 3469 et
3528 3411 3781 3466 conce-

500 3499 746 3593 dimus,
799 3509 877 3573 vt
910 3500 1233 3574 uidelicet
1282 3501 1530 3575 amodo
1585 3506 1757 3575 etin
1790 3512 2136 3597 posterum
2190 3500 2432 3576 futuris
2485 3500 2901 3597 temporibus
2934 3505 3281 3575 vniuersis
3338 3504 3516 3575 iuxta
3555 3514 3779 3568 eorum

501 3607 844 3700 antiquam
901 3605 1488 3698 consuetudinem,
1541 3628 1671 3701 qua
1723 3629 1847 3700 per
1899 3605 2229 3699 quosdam
2276 3609 2493 3702 ipsius
2546 3604 2770 3700 Regni
2814 3604 3181 3692 Sclauonie
3233 3605 3467 3679 Banos
3515 3610 3587 3673 vt
3616 3619 3777 3694 pre-

497 3705 715 3780 fertur
765 3731 806 3780 a
860 3707 1260 3804 quibusdam
1308 3709 1830 3805 precedentibus
1880 3709 2296 3805 temporibus
2368 3713 2610 3807 priuati
2661 3719 2734 3782 et
2785 3709 3081 3783 destituti
3133 3708 3291 3783 fore
3344 3705 3773 3806 perhibentur,

497 3809 1058 3887 Prothonotarios
1130 3835 1257 3887 seu
1328 3810 1872 3887 Conseruatores
1945 3814 2319 3907 sigillorum
2374 3836 2498 3910 pro
2554 3814 2983 3889 discussione
3061 3836 3425 3889 causarum
3496 3815 3773 3907 ipsorum

500 3918 604 3988 eis
654 3937 780 4011 per
848 3938 977 3989 nos
1031 3928 1102 3988 et
1151 3915 1416 3991 futuros
1486 3917 1794 3991 eiusdem
1873 3912 2100 4011 Regni
2178 3917 2547 3992 Sclauonie
2623 3918 2853 3993 Banos
2933 3921 3435 4012 assignatorum
3490 3926 3558 3989 et
3605 3910 3777 3985 assi·

498 4019 950 4111 gnandorum,
1029 4019 1354 4115 eligendi,
1433 4031 1506 4094 et
1553 4021 1827 4094 tandem
1881 4022 2110 4117 ‘culpis
2176 4020 2561 4096 huiusmodi
2628 4021 3300 4096 Prothonotariornm
3367 4013 3777 4115 exigentibus

499 4123 783 4198 eosdem
839 4124 926 4196 de
980 4124 1315 4198 eiusmodi
1395 4146 1631 4198 eorum
1706 4124 1925 4200 offciis
2003 4127 2403 4200 remouendi
2480 4125 2760 4201 liberam
2837 4125 3131 4200 habeant
3207 4124 3613 4200 facultatem.
3704 4114 3777 4187 ln

501 4231 694 4302 cuius
730 4230 832 4303 rei
884 4231 1283 4301 memoriam
1336 4239 1695 4325 presentes
1746 4229 2009 4305 litteras
2060 4241 2334 4307 nostras
2389 4231 2613 4325 sigillo
2646 4240 2883 4306 nostro
2925 4232 2996 4302 in
3040 4229 3361 4327 pendenti
3416 4222 3773 4302 communi-

496 4343 629 4417 tas,
701 4331 966 4407 eisdem
1033 4330 1387 4408 Nobilibus
1465 4332 1781 4409 duximus
1859 4334 2364 4410 concedendas.
2468 4334 2713 4408 Datum
2786 4333 2988 4424 Grisii
3053 4331 3354 4430 predicta
3423 4334 3612 4409 tertia
3674 4324 3787 4399 die

495 4438 766 4510 termini
814 4441 1174 4535 prenotati.
1228 4437 1434 4512 Anno
1486 4437 1760 4512 Domini
1810 4436 2173 4514 Millesimo
2229 4437 2932 4536 Quadringentesimo⁸
2969 4442 3322 4535 trigesimo
3377 4460 3578 4514 nono.

1666 4640 1958 4722 (Siquam
2002 4640 2216 4724 Sty-'110’
2251 4644 2640 4726 pendentis.)

499 4829 646 4902 Orig.
682 4829 897 4887 membr.
933 4833 987 4884 in
1020 4831 1249 4887 Archivo
1281 4829 1450 4900 Regni
1486 4826 1742 4885 croatiae.
1792 4829 1930 4885 Priv.
1961 4829 2025 4886 Β.
2062 4834 2146 4887 14.
