3950 5917
3254 463 3407 541 27⁹

1530 974 1969 1066 oxon.

614 1265 822 1338 Anno
881 1263 1119 1338 1531.
1193 1267 1308 1339 die
1361 1264 1491 1338 27.
1544 1266 1866 1364 Auyusti.
1945 1267 2030 1339 In
2083 1269 2339 1363 oppido
2388 1267 2882 1368 Sclterquen.

133 1525 790 1608 Ferdinandus
853 1527 911 1608 l.
994 1528 1193 1609 Rex
1286 1540 1511 1633 post
1603 1539 2009 1608 mortem
2102 1529 2339 1610 Bani
2430 1505 2846 1630 ,Ioannis
2938 1531 3411 1638 Torquati

135 1664 577 1747 Karlovic
668 1666 1278 1774 Episcopum
1339 1666 2091 1747 Tinniniensem
2183 1668 2678 1749 Andream
2768 1675 3174 1778 primum
3236 1672 3413 1753 Lo·-

851 1817 1577 1886 cumtenentem
1638 1805 2097 1886 Banalem
2189 1812 2656 1889 nominat.
3251 1825 3260 1834 ‘

401 2078 874 2153 Ferdinandus
950 2079 1192 2152 Diuina
1264 2078 1540 2151 fauente
1595 2075 1970 2150 clemencia
2042 2077 2507 2154 Romanorum
2576 2079 2735 2154 Rex
2806 2103 3081 2177 semper
3157 2081 3415 2176 Augu·-

130 2189 276 2272 stus,
325 2204 406 2254 ac
459 2181 858 2274 Germanic,
927 2184 1303 2278 Hungarie,
1371 2181 1702 2256 Bobemie
1759 2185 1886 2256 dcc.
1937 2180 2123 2272 Rex,
2193 2181 2427 2257 infans
2479 2183 2981 2280 Hispaniarum,
3056 2184 3416 2258 Archidux

131 2282 376 2360 Austrie
427 2290 560 2359 dre.
666 2286 1085 2377 Reuerendi,
1153 2286 1525 2380 Magnifici,
1594 2284 2076 2377 Venerabiles,
2142 2286 2456 2381 Egregij,
2537 2285 2846 2378 Nobiles,
2914 2288 3293 2365 Prudentes
3347 2299 3419 2361 et
3505 2343 3518 2354 .

128 2385 615 2486 circumspecti,
670 2390 910 2463 fideles
964 2390 1213 2463 dilecti.
1285 2389 1454 2463 Cum
1507 2391 2025 2484 accepissemus
2081 2390 2542 2487 spectabilem
2579 2416 2664 2464 ac
2695 2391 3128 2486 Magnificum
3182 2416 3413 2489 quon-

129 2490 260 2566 dam
298 2492 394 2567 Io.
428 2495 848 2590 Torquatum
902 2493 1236 2568 Comitem
1273 2493 1612 2567 Corbauie
1666 2516 1889 2586 suum,
1942 2496 2141 2567 sicuti
2175 2495 2533 2569 Altissimo
2577 2496 2853 2591 placuit,
2907 2497 3087 2569 diem
3125 2496 3414 2590 obijsse,

130 2592 252 2668 Nos
299 2619 381 2670 ea
432 2602 664 2672 statim
720 2615 883 2671 cura
936 2602 1209 2689 inuasit,
1278 2607 1356 2671 vt
1407 2617 1559 2671 eum
1611 2600 1681 2670 in
1734 2596 2072 2670 demortui
2124 2598 2351 2671 locum
2407 2619 2875 2694 surrogeums,
2926 2605 3038 2695 qni
3091 2607 3162 2674 et
3212 2599 3412 2675 nobis

129 2708 187 2770 et
228 2699 460 2796 Regno
545 2701 882 2798 vobisque
955 2703 1426 2776 consolacioni
1502 2721 1639 2775 non
1718 2701 2017 2793 modice,
2089 2713 2293 2799 atque
2347 2708 2550 2780 etiam
2621 2704 2806 2779 vtilis
2857 2714 2931 2778 et
2980 2704 3270 2780 idoneus
3323 2705 3412 2777 ad

129 2800 391 2878 Banatus
445 2805 745 2880 officium
800 2830 964 2882 esse
1016 2806 1386 2881 videretur.
1440 2806 1547 2878 De
1601 2826 1735 2900 quo
1791 2829 1947 2878 cum
2003 2805 2224 2879 adhuc
2277 2806 2734 2882 deliberemus
2780 2817 2849 2880 et
2892 2811 3412 2906 circumspicie-

132 2928 279 2999 mus,
352 2912 463 3006 qui
539 2912 759 3005 magis
815 2920 885 2984 et
937 2912 1471 2985 conueniencius
1542 2920 1746 3005 atque
1801 2913 2008 2983 etiam
2061 2913 2330 2985 cercius
2381 2911 2595 2986 offitio
2647 2911 2743 2984 illi
2796 2911 2884 2986 sit
2931 2907 3417 3009 proficiendas,

130 3006 537 3107 Reuerendo,
592 3013 872 3104 denoto,
936 3012 1119 3088 fideli
1172 3014 1369 3089 nobis
1423 3013 1677 3087 dilecto
1730 3013 2014 3088 Andree
2065 3014 2414 3112 Episcopo
2449 3015 2869 3088 Tinniniensi
2926 3017 3418 3105 commisimuS,

131 3123 193 3184 vt
236 3117 486 3191 interea
543 3140 744 3215 quam
797 3140 1171 3193 successor
1220 3119 1534 3213 eligatur..
1590 3141 1674 3190 ea
1723 3122 1949 3192 munia
2003 3121 2338 3215 vicesque
2392 3118 2598 3192 obeat
2648 3128 2718 3191 et
2756 3130 2943 3214 agat,
2996 3143 3129 3217 que
3180 3120 3413 3198 Banus

130 3218 278 3313 ipse,
325 3224 384 3295 si
431 3224 577 3297 iam
626 3225 1012 3296 nominatus
1056 3233 1126 3296 et
1158 3244 1449 3317 presens
1503 3232 1719 3312 esset,
1770 3223 1887 3296 vel
1937 3234 2213 3295 nosmet
2262 3223 2694 3310 adessemus,
2748 3245 2961 3318 agere
3014 3243 3407 3320 possemus,

130 3331 303 3416 atque
348 3329 579 3400 omnia
619 3345 706 3400 ea
742 3336 921 3421 agat.
948 3336 1017 3400 et
1063 3325 1296 3419 faciat,
1348 3349 1480 3422 que
1517 3325 1602 3399 ad
1642 3321 2075 3399 commodum
2126 3338 2459 3415 nostrum,
2512 3326 2871 3423 Regnique
2925 3330 3415 3400 conseruatio—

131 3446 262 3499 nem
311 3452 391 3503 ac
440 3439 754 3506 vestram
823 3431 1178 3505 vtilitatem
1232 3441 1304 3504 et
1354 3428 1830 3505 defensionem
1902 3434 2343 3504 neccessaria
2398 3441 2468 3504 et
2538 3440 2915 3527 opportuna
2986 3429 3418 3521 videbuntur,

130 3536 501 3608 anctoritate
556 3545 793 3609 nostra
842 3531 1066 3630 Regia
1118 3534 1249 3608 sibi
1298 3538 1369 3608 in
1419 3534 1552 3607 hac
1601 3543 1795 3632 parte
1849 3544 1921 3608 et
1972 3531 2060 3608 ad
2115 3544 2395 3623 tantum,
2448 3544 2525 3607 vt
2568 3537 2976 3628 premissum
3023 3545 3158 3626 est,
3228 3543 3418 3607 tem-

131 3653 233 3726 pus
282 3635 596 3712 attributa
648 3648 719 3712 et
769 3659 1133 3714 concessa.
1240 3638 1468 3726 Quare
1521 3637 1954 3713 fidelitatibus
2008 3642 2261 3713 vestris
2315 3648 2386 3712 et
2421 3636 2778 3710 cuiuslibet
2828 3648 3134 3712 vestrum
3181 3636 3420 3710 barum

129 3739 286 3812 serie
358 3740 644 3816 firmiter
693 3752 766 3817 et
811 3745 1238 3817 strictissime
1312 3746 1787 3817 committimus
1859 3753 1930 3817 et
1982 3743 2406 3832 mandamus,
2477 3751 2808 3838 quatenus
2875 3745 3418 3837 prenominatum

130 3835 511 3944 Episcopum
565 3868 690 3944 pro
744 3843 886 3939 tali,
941 3845 1208 3943 qualem
1260 3849 1330 3919 in
1380 3847 1512 3943 bys
1567 3870 1730 3920 esse
1785 3857 1856 3920 et
1906 3847 2061 3920 fore
2112 3850 2434 3921 iussimus
2488 3855 2559 3920 et
2600 3844 2944 3934 volumus,
2997 3867 3417 3942 agnoscere,

128 3950 337 4020 tenere
391 3961 462 4024 et
529 3948 818 4040 habere,
888 3954 1088 4047 eique
1140 3954 1209 4024 in
1266 3948 1577 4024 omnibns
1647 3947 1847 4024 licitis
1901 3962 1971 4024 et
2022 3951 2358 4042 honestis,
2428 3973 2560 4048 que
2611 3953 2855 4040 nostri,
2931 3945 3294 4047 Regnique
3346 3960 3420 4023 et

130 4055 320 4124 vestri
388 4077 602 4128 causa
670 4049 874 4130 vobis
942 4058 1248 4152 imponet
1316 4062 1385 4127 et
1452 4057 1851 4144 committet,
1910 4076 2159 4150 parere
2229 4065 2302 4128 et
2376 4053 2686 4145 obedire,
2755 4057 3040 4151 eiusque
3089 4053 3298 4128 Jussa
3352 4064 3425 4127 et

130 4157 354 4229 monita
404 4160 688 4254 exequi,
741 4158 1116 4255 adimplere
1170 4169 1239 4233 et
1292 4153 1694 4247 obseruare,
1747 4155 1924 4232 tales
1975 4181 2064 4232 ue
2116 4181 2250 4232 vos
2305 4182 2472 4254 erga
2508 4182 2690 4247 eum,
2756 4181 3109 4255 quousque
3160 4158 3424 4232 Banum

127 4255 305 4331 vobis
354 4261 975 4357 designauerimus,
1028 4285 1280 4357 gerere
1334 4272 1404 4335 et
1455 4260 1789 4336 exhibere
1844 4261 1931 4335 de
1984 4266 2157 4337 eatis
2211 4274 2281 4336 et
2329 4267 2716 4349 teneamini,
2793 4267 2989 4338 sicuti
3059 4271 3300 4337 vestre
3351 4266 3424 4334 in

132 4379 243 4434 nos
291 4361 450 4441 fidei
500 4375 573 4440 et
619 4361 999 4441 Juramenti
1052 4365 1279 4440 debito
1335 4369 1674 4462 congruit,
1743 4388 2015 4463 vosque
2069 4371 2167 4442 vti
2219 4361 2460 4440 fideles
2532 4366 2839 4440 subditos
2910 4377 3188 4442 nostros
3239 4365 3422 4440 baud

128 4459 308 4541 dubie
374 4468 682 4547 facturos
753 4493 917 4546 esse
973 4467 1401 4563 confidimus,
1483 4480 1686 4569 atque
1739 4492 1909 4568 erga
1960 4494 2096 4547 vos
2150 4481 2221 4545 et
2270 4481 2576 4546 vestrum
2648 4469 3015 4567 quemlibet
3085 4474 3425 4566 gratiose,

131 4566 267 4643 dum
316 4569 580 4648 dabitur
630 4577 939 4664 occasio,
993 4596 1605 4668 recognoscemus.
1682 4571 1928 4648 Datum
1981 4580 2051 4649 in
2105 4574 2351 4672 oppido
2405 4573 2880 4669 Scherdingen
2934 4573 3046 4648 die
3085 4578 3424 4650 vicesima

131 4673 389 4767 septima
438 4675 698 4754 Mensis
751 4677 1070 4772 Augusti.
1158 4675 1367 4753 Anno
1419 4676 1695 4753 Domini
1743 4673 2108 4753 Millesimo
2162 4679 2723 4774 Quingentesimo
2778 4681 3132 4775 trigesimo
3176 4683 3422 4777 primo.

132 4771 500 4872 Regnorum
555 4793 944 4860 nostrorum
997 4781 1290 4856 Romani
1339 4786 1583 4881 primo,
1639 4783 1921 4858 aliorum
1976 4807 2150 4857 vero
2207 4787 2504 4856 omnium
2559 4786 2813 4878 quinto.

517 4985 987 5066 Ferdinandus
1041 5015 1129 5065 m.
1182 5014 1248 5087 p.

1918 5167 2002 5221 Ad
2039 5165 2330 5222 Mandatum
2367 5165 2524 5222 Sacro
2559 5167 2725 5238 Regle
2760 5167 3036 5244 Maiestatis
3072 5170 3354 5240 proprium.

2283 5318 2394 5395 Jo.
2447 5319 2719 5394 Mainsll
2771 5344 2859 5395 m.
2914 5344 2979 5419 p.
