3950 5917
481 409 634 495 iss

481 625 816 727 quosdam
878 634 1157 700 nostros
1209 623 1630 720 Regnicolas
1685 624 2157 720 calumpniose
2226 628 2643 720 excogitatis
2696 636 2769 700 et
2817 625 3225 713 adiuuentis,
3297 626 3538 723 quibus
3589 631 3820 702 nostri

482 730 871 828 Reguicole
923 731 995 801 in
1046 727 1253 802 rebus
1308 738 1380 802 et
1430 727 1656 817 bonis,
1707 749 1842 800 nec
1893 750 2033 800 non
2084 726 2343 801 iuribus
2395 731 2699 823 ipsorum
2750 732 3323 826 possessionariis
3374 752 3502 826 per
3548 730 3819 821 Bonos,

478 833 903 922 vicebanos,
958 830 1264 905 Comites
1301 841 1373 905 et
1403 830 1869 905 vicecomites
1908 829 2358 904 Comitatuum
2395 840 2468 903 et
2498 829 2925 928 Regnorum,
2981 832 3108 908 sub
3142 833 3612 908 iurisdictione
3665 856 3813 908 no-

479 949 623 1014 stra
667 948 740 1012 et
773 958 978 1011 sacre
1026 944 1263 1008 nostre
1315 937 1513 1030 regni
1550 933 1899 1027 Hungarie
1954 956 2216 1006 corone
2271 938 2735 1025 existentium,
2789 936 3068 1009 assidue
3105 945 3174 1008 et
3209 940 3534 1010 continue
3570 959 3813 1009 uexa—

482 1042 753 1132 bantur,
804 1037 1304 1112 infestabantur
1340 1047 1411 1110 et
1446 1036 1950 1130 affligebantur,
1973 1033 2181 1110 mnas
2231 1057 2370 1109 vna
2426 1059 2578 1109 cum
2616 1036 2934 1129 Prelatis,
2987 1037 3371 1112 Beronibus
3426 1049 3497 1112 et
3534 1039 3812 1112 Proce-

483 1145 671 1219 ribus
740 1144 902 1217 dicti
971 1145 1168 1234 regni
1242 1143 1459 1214 nostri
1514 1142 1659 1236 pari
1710 1149 1782 1212 et
1831 1144 2134 1212 vuanimi
2185 1139 2462 1212 arbitrio
2515 1162 2639 1236 pro
2694 1139 2879 1213 bono
2936 1147 3276 1214 communi
3332 1151 3402 1214 et
3453 1141 3813 1215 reforma-

485 1254 671 1322 tione
725 1256 943 1320 status
996 1243 1371 1340 reipublice
1424 1247 1493 1316 in
1545 1265 1635 1315 eo
1688 1241 2044 1331 videlicet,
2095 1265 2184 1316 ne
2238 1241 2501 1315 falsitas
2556 1247 2858 1340 equitati,
2917 1245 3041 1318 sed
3097 1248 3362 1340 equitas
3418 1254 3486 1316 et
3535 1245 3813 1317 Justitia

482 1351 942 1449 predominari
991 1347 1347 1419 videretur
1398 1345 1703 1436 falsitati,
1756 1343 2143 1417 huiusmodi
2195 1343 2484 1433 actibus,
2536 1350 2608 1418 in
2653 1346 3127 1419 detrimentum
3184 1358 3253 1420 et
3309 1347 3814 1420 desolationem

482 1457 682 1549 regni
734 1455 952 1526 nostri
1005 1453 1389 1546 exquisitiS,
1444 1449 1531 1522 de
1579 1451 1731 1544 ipso
1784 1470 2006 1540 regno
2060 1459 2297 1520 nostro
2353 1449 2678 1522 radicitus
2734 1453 3132 1547 extirpatis3
3201 1451 3616 1525 vniuersalis
3673 1473 3810 1523 ca-

483 1568 681 1632 terva
732 1554 1270 1650 Regnicolarum
1338 1561 1730 1628 nostrorum
1801 1560 2130 1646 perpetue
2178 1554 2375 1647 pacis
2429 1561 2500 1644 et
2552 1556 2796 1648 quietis
2850 1554 3305 1649 tranquilitate
3357 1557 3580 1651 quiret
3632 1576 3811 1648 gra-

481 1662 709 1751 tulari,
763 1667 1020 1731 matura
1093 1655 1587 1729 deliberatione
1633 1653 1706 1725 id
1758 1653 2298 1743 decreuerimus,
2368 1665 2443 1727 et
2492 1653 2742 1751 vbique
2795 1659 2866 1728 in
2912 1675 3135 1752 regno
3208 1667 3445 1731 nostro
3519 1657 3813 1751 singulis

481 1765 914 1839 successivis
979 1757 1404 1855 temporibus
1484 1756 1767 1829 firmiter
1807 1757 2354 1830 obseruandum
2444 1762 2908 1848 statuerimus,
2991 1770 3067 1832 vt
3130 1761 3357 1834 nullus
3436 1761 3809 1846 Banorum,

482 1866 1026 1953 Vicebanorum,
1101 1861 1438 1938 Comitum
1471 1871 1564 1936 ⁴et
1609 1860 2111 1936 vicecomitum
2182 1883 2740 1958 quorumcunque
2810 1885 3180 1957 regnorum
3236 1874 3311 1936 et
3358 1860 3809 1956 comitatuum

485 1969 614 2044 sub
654 1977 890 2042 nostra
945 1975 1015 2038 et
1068 1976 1303 2042 nostre
1357 1987 1559 2037 sacre
1613 1986 1874 2037 corone
1925 1967 2124 2057 regni
2175 1964 2526 2060 Hungarie
2571 1965 3039 2039 iurisdictione
3094 1969 3531 2039 existentium
3585 1988 3810 2061 quos-

483 2077 662 2171 piam
718 2069 983 2144 nobiles
1021 2075 1092 2141 et
1127 2070 1407 2140 alterius
1461 2069 1762 2139 cuiusuis
1816 2075 2033 2141 status
2088 2073 2159 2138 et
2209 2068 2619 2141 conditionis
2671 2072 3234 2164 possessionatos
3285 2069 3629 2156 homines,
3684 2064 3808 2139 sub

484 2174 953 2250 iurisdictione
1014 2172 1302 2248 honoris
1354 2175 1659 2266 ipsorum
1721 2174 2132 2244 mustiones
2205 2180 2277 2244 et
2340 2181 2878 2265 commorantes,
2929 2177 3001 2245 in
3052 2176 3355 2268 ipsorum
3426 2174 3812 2268 presentias

487 2285 558 2354 in
611 2298 896 2374 causam
948 2275 1317 2368 attrahere,
1370 2275 1485 2346 uel
1538 2273 1873 2348 aduersus
1928 2272 2217 2348 eosdem
2270 2274 2530 2370 aliquas
2583 2276 2792 2351 litium
2847 2278 3197 2365 materias,
3266 2275 3519 2350 tamdiu
3584 2273 3808 2348 donec

487 2386 619 2477 ipsi
668 2381 866 2468 Bani,
920 2377 1281 2467 Vicebani,
1358 2373 1661 2448 Comites
1716 2385 1787 2448 et
1836 2375 2306 2450 vicecomites
2382 2378 2771 2456 huiusmodi
2840 2378 3122 2452 honoris
3162 2378 3645 2475 ‘fungerentur
3697 2377 3809 2450 di-

485 2490 772 2580 gnitate,
825 2485 1203 2570 suscitare3
1254 2481 1580 2553 Vniuersa
1636 2479 1836 2551 etiam
1881 2475 2150 2551 Iudicia
2188 2490 2258 2553 et
2292 2484 2532 2576 queuis
2585 2479 3008 2554 Judiciorum
3059 2486 3485 2573 grauamina,
3538 2484 3613 2553 in
3652 2482 3810 2577 qui-

486 2590 616 2661 bus
671 2590 968 2683 quipiam
1040 2585 1387 2656 dictorum‘
1445 2581 1787 2672 Nobilium
1837 2585 1916 2654 in
1961 2585 2333 2678 presentiis
2378 2583 2796 2679 prefatorum
2850 2584 3222 2672 Bonorum,
3272 2582 3807 2668 vioehanorum,

489 2693 828 2774 Comitum
879 2699 953 2761 et
987 2688 1482 2764 vicecomitum
1537 2695 1776 2760 contra
1829 2707 2279 2782 quoscunque
2310 2686 2573 2764 ermae
2604 2687 2962 2766 iudiciario
3017 2691 3623 2775 conuincerentur,
3672 2708 3809 2762 uon

487 2798 688 2885 alias,
758 2795 890 2866 nisi
962 2800 1270 2886 tempore
1324 2789 1671 2884 generalis
1745 2794 2307 2886 congregationis
2376 2794 2447 2866 in
2504 2790 2891 2864 huiusmodi
2944 2791 3190 2884 Regno
3263 2801 3378 2863 aut
3449 2787 3809 2868 comitam

490 2922 615 2996 per
667 2891 1046 2992 quempiam
1111 2901 1227 2964 aut
1279 2909 1723 2987 quoscunque
1802 2901 2080 2967 nostros
2153 2892 2419 2982 fideles,
2501 2913 2599 2965 ex
2664 2904 2899 2967 nostra
2971 2894 3252 2990 speciali
3324 2895 3809 2967 commissione

492 2997 934 3086 celebranda,
1005 3015 1211 3092 super
1280 2999 1472 3091 ipsos
1529 2994 1799 3068 nobiles
1854 3006 1922 3068 et
1976 2997 2151 3069 alios
2202 3000 2769 3093 possessienatos
2840 2996 3158 3072 homines
3238 2998 3581 3072 mediante
3634 3018 3813 3069 con-

494 3102 701 3196 digna
755 3104 1189 3174 estimatione
1268 3109 1684 3192 extorquere
1755 3097 2088 3172 deberent
2158 3122 2282 3172 seu
2335 3100 2667 3171 ualerent.
2772 3100 3032 3173 Tamen
3086 3103 3187 3172 vti
3235 3124 3331 3174 ex
3382 3101 3690 3197 querela,
3745 3102 3811 3170 in

491 3207 810 3312 personis
875 3208 1353 3276 vniuersorum
1403 3200 1743 3277 Nobilium
1796 3212 1865 3276 et
1918 3203 2198 3276 alterius
2271 3205 2573 3276 cuiusuis
2640 3213 2856 3276 status
2912 3213 2983 3275 et
3034 3202 3449 3280 conditionis
3515 3223 3809 3298 posses-

493 3314 915 3385 sionatorum
968 3307 1313 3378 hominum
1365 3301 1851 3396 Zagrabiensis
1907 3314 1976 3377 et
2030 3303 2398 3379 Crisiensis
2454 3303 2907 3379 Comitatuum
2975 3317 3212 3380 nostra
3280 3305 3619 3379 intellexit
3668 3303 3809 3378 Se-

494 3415 779 3501 renitas,
834 3407 1092 3500 BanuS,
1144 3404 1566 3501 Vicebanus,
1621 3407 1873 3483 Comes
1929 3418 1999 3481 et
2050 3407 2466 3481 vicecomes
2529 3409 2863 3482 dictorum
2918 3406 3397 3502 Comitatuum,
3469 3411 3620 3507 ipso
3672 3429 3809 3480 no-

496 3526 640 3589 stro
696 3514 983 3587 decreto
1036 3515 1311 3583 minime
1365 3507 1762 3598 obseruato,
1834 3511 2306 3607 mandatisque
2376 3516 2629 3584 nostris
2683 3517 2750 3583 in
2802 3513 2936 3584 hac
2984 3523 3178 3608 parte
3248 3535 3483 3609 parum
3554 3513 3810 3606 pensis,

491 3624 685 3715 ipsos
738 3615 1022 3689 Nobiles
1078 3614 1170 3690 ad
1217 3611 1463 3687 nullius
1546 3615 1829 3689 alicuius
1885 3617 2141 3688 actoris
2213 3615 2325 3688 uel
2379 3615 2706 3689 causidici
2775 3614 3168 3690 Instantiam
3222 3623 3338 3690 aut
3387 3614 3809 3709 Requisitio-

491 3745 682 3812 nem,
737 3724 868 3793 nisi
907 3729 1153 3793 contra·
1201 3723 1420 3792 semet
1473 3721 1689 3818 ipsoS,
1746 3722 2157 3815 excogitatis
2213 3729 2447 3792 contra
2501 3720 2786 3796 eosdem
2812 3717 3125 3793 Nobiles
3180 3719 3474 3794 diuersis
3528 3718 3807 3790 cautelis

491 3835 566 3897 et
620 3821 1045 3920 calumpniiS,
1115 3821 1396 3894 Judices
1452 3835 1520 3897 et
1574 3833 1849 3897 actores
1905 3824 2109 3898 simul
2157 3844 2321 3898 esse
2372 3823 2722 3913 volentes,
2776 3826 2847 3896 in
2897 3826 3200 3919 ipsorum
3262 3825 3676 3920 presentias,
3744 3823 3808 3892 in

493 3927 734 4001 sedem
815 3927 1235 3999 iudiciariam
1319 3924 1650 3999 dictorum
1730 3925 2218 4022 Zagrabiensis
2290 3937 2359 3999 et
2428 3923 2796 4000 Crisiensis
2879 3923 3329 4000 Comitatuum
3412 3927 3695 3998 euocari
3744 3932 3809 3992 et

489 4023 689 4104 citari
740 4029 1089 4119 faciende,
1161 4029 1457 4103 diuersis
1511 4030 1927 4104 Judiciorum
2002 4029 2323 4104 oneribus
2396 4038 2880 4124 aggrauarent,
2937 4040 3007 4103 et
3059 4041 3198 4102 tam
3248 4032 3628 4126 prescripta
3679 4026 3805 4098 Ju-

491 4134 699 4222 dicia,
756 4156 958 4227 quam
1013 4137 1218 4206 etiam
1271 4131 1429 4222 alia,
1483 4137 1549 4205 in
1608 4133 1848 4229 quibus
1899 4133 2111 4206 iidem
2163 4131 2446 4208 Nobiles
2501 4155 2837 4208 successu
2901 4142 3282 4229 temporum
3347 4142 3588 4206 contra
3642 4131 3806 4202 alios

491 4235 941 4333 quoscunque
997 4235 1383 4307 causidicos
1419 4240 1488 4310 in
1523 4240 1888 4334 presentiis
1943 4236 2276 4338 dictorum
2314 4237 2509 4328 Bani,
2562 4235 2923 4327 vicebani,
2978 4259 3064 4308 ac
3106 4233 3390 4310 Comitis
3444 4235 3557 4307 uel
3595 4233 3805 4306 vice-

495 4340 781 4413 Comitis
836 4343 1437 4434 convincerentur,
1491 4361 1628 4411 non
1664 4341 1851 4412 iuxta
1896 4342 2345 4437 prescriptum
2390 4350 2699 4426 nostrum
2737 4339 3113 4429 decretum,
3167 4349 3478 4436 tempore
3531 4338 3805 4411 alicuius

493 4442 1074 4537 Congregationis
1131 4441 1516 4532 Generalis,
1599 4442 1723 4517 sed
1780 4444 2155 4517 secundum
2235 4444 2602 4516 uoluntatis
2683 4445 2982 4539 ipsorum
3062 4441 3319 4515 libitum
3398 4437 3804 4539 temporibus

493 4545 903 4641 quibuslibet
957 4568 1157 4641 supra
1212 4550 1630 4642 prescriptos
1683 4545 1969 4620 Nobiles
2026 4550 2390 4641 exigerent
2461 4555 2531 4618 et
2592 4550 2991 4642 extorqueri
3037 4543 3373 4634 facerent,
3445 4549 3807 4618 incessan-

497 4662 604 4722 ter
654 4653 844 4746 ipsos
901 4659 968 4721 et
1030 4671 1268 4720 eorum
1324 4647 1691 4744 quemlibet
1743 4651 2128 4721 immaniter
2180 4645 2620 4747 depredando
2666 4659 2735 4722 et
2790 4649 3174 4746 spoliando,
3253 4653 3320 4721 in
3378 4648 3810 4744 pr'eiudicium

499 4751 831 4826 dictorum
901 4751 1244 4824 Nobilium
1317 4761 1386 4825 et
1447 4751 1809 4848 dampnum
1882 4761 2476 4849 contemptumque
2550 4754 2709 4827 dicti
2782 4757 2997 4826 nostri
3068 4752 3329 4825 decreti
3400 4752 3608 4823 valde
3658 4770 3805 4821 ma·-

495 4877 726 4950 gnum.
836 4854 1293 4952 Supplicatum
1366 4855 1594 4951 itaque
1650 4859 1873 4929 extitit
1921 4859 1994 4927 in
2047 4856 2421 4930 eorundem
2474 4855 2817 4929 Nobilium
2892 4866 3127 4930 nostre
3185 4858 3520 4928 maiestati
3588 4849 3806 4926 humili

491 4971 705 5056 prece
757 4968 828 5032 et
881 4959 1162 5049 devota,
1218 4969 1289 5031 ut
1343 4963 1445 5032 eis
1502 4963 1687 5032 circa
1739 4963 2078 5055 premissa
2129 4959 2216 5033 de
2269 4961 2578 5034 remedio
2653 4959 3018 5055 prouidere
3089 4958 3530 5053 dignaremur
3598 4976 3803 5052 opor-

490 5076 679 5136 tuno.
785 5059 944 5154 Nos,
990 5067 1198 5153 enim,
1252 5066 1365 5158 qni
1422 5085 1516 5135 ex
1569 5067 1871 5159 suscepti
1920 5066 2141 5137 nostri
2191 5059 2396 5157 Regii
2448 5063 2832 5156 Regiminis
2886 5059 3116 5134 officio
3172 5060 3624 5157 quorumlibet
3672 5079 3804 5130 no-

491 5177 636 5239 stre
690 5166 924 5238 ditioni
980 5165 1444 5262 subjectorum
1493 5165 1927 5240 incommoda
1984 5177 2052 5241 et
2087 5189 2458 5264 successus
2514 5188 2802 5261 asperos
2855 5168 2926 5238 in
2972 5164 3175 5238 finem
3230 5163 3566 5238 reducere
3619 5161 3808 5261 sole-

492 5291 644 5340 mus
700 5273 1159 5368 concupitum,
1238 5269 1557 5344 volentes
1637 5269 1941 5366 prefatos
2011 5269 2296 5346 Nobiles
2351 5280 2422 5343 et
2474 5271 3036 5366 possessionatos
3106 5267 3421 5342 homines
3491 5268 3807 5341 dictorum

494 5369 983 5463 Zagrabiensis
1056 5382 1126 5443 et
1178 5368 1546 5446 Crisiensis
1628 5371 2079 5446 Comitatuum
2153 5377 2495 5470 precipuis
2572 5371 2995 5448 libertatibus
3077 5371 3451 5446 secundum
3530 5370 3809 5442 formam
