3950 5917
480 424 677 500 ’464

838 634 1064 726 Atque
1118 631 1293 702 baec
1330 631 1597 725 quidem
1636 652 1722 703 eo
1752 634 2000 702 -minus
2054 629 2322 701 fuerant
2360 628 2574 703 Nobis
2613 640 3002 724 expectata,
3059 652 3193 724 quo
3236 633 3455 723 magis
3510 633 3578 701 in
3629 651 3830 725 aper-

522 745 661 805 tam
735 735 957 805 lucem
1040 735 1657 821 collocaveramus,
1742 736 1808 804 in
1865 737 2050 805 omni
2121 733 2251 804 bac
2320 731 2612 825 benigna
2670 743 2905 805 nostra
2958 733 3406 804 Resolutione
3476 731 3831 804 Materno-

526 836 821 928 Regiam
876 837 1324 908 Intentionem
1363 836 1687 908 Nostram
1743 858 1866 930 pro
1921 836 2351 907 Incremento
2401 836 2574 907 Boni
2627 835 2901 930 publici,
2958 845 3158 930 atque
3213 840 3279 907 in
3334 833 3653 907 favorem
3691 834 3832 906 Re—

528 944 648 1032 gni
701 939 1095 1033 Hungariae
1145 938 1579 1033 Purtiumque
1633 938 1713 1009 Ei
1770 960 2191 1011 annexarum
2247 937 2573 1010 directam
2629 962 2817 1027 esse,
2874 948 2943 1010 et
2997 961 3131 1032 quo
3188 948 3442 1010 certum
3497 949 3636 1026 est,
3688 936 3832 1008 Re—

528 1041 871 1114 flexioues
943 1064 1069 1136 per
1119 1041 1514 1135 Regnorum
1584 1046 1864 1113 istorum
1923 1042 2155 1112 Status
2211 1051 2279 1112 et
2330 1040 2623 1112 Ordines
2695 1044 2762 1112 in
2837 1041 3127 1112 medium
3183 1041 3511 1112 adductas
3586 1045 3656 1112 in
3711 1063 3833 1110 ao-

526 1148 853 1217 curatiori
908 1147 1227 1216 examine
1290 1167 1427 1216 non
1483 1145 1701 1231 aliter,
1776 1167 1978 1239 quam
2030 1144 2486 1236 Benignarum
2558 1143 3010 1215 Intentionum
3065 1143 3464 1215 Nostrarum
3518 1163 3836 1215 remora—

526 1250 735 1336 tivas,
792 1269 1015 1340 eoque
1070 1249 1471 1319 colimantes
1528 1248 1947 1319 considerari
2003 1268 2251 1341 posse:
2309 1250 2554 1340 quippe
2604 1247 2783 1340 quod
2821 1245 3162 1318 Fidelibus
3206 1246 3604 1338 Regnorum
3665 1251 3836 1318 isto-

526 1373 675 1422 rum
734 1351 1032 1422 Statibus
1088 1373 1181 1421 ex
1254 1355 1403 1444 ipso
1477 1360 1718 1421 tenore
1790 1349 2069 1440 benigni
2121 1349 2353 1421 Nostri
2407 1349 2745 1443 Rescripti
2816 1351 2901 1421 ad
2958 1371 3037 1421 se
3093 1348 3217 1422 sub
3274 1351 3342 1419 5.
3417 1346 3832 1442 Septembris

524 1454 761 1525 ultimo
816 1456 1159 1546 praeteriti
1216 1452 1514 1547 expediti
1572 1462 1892 1524 constare
1948 1451 2221 1538 debeat,
2277 1451 2572 1546 alioquin
2619 1456 2687 1524 in
2732 1451 2952 1523 bocce
3008 1452 3417 1546 systematis
3473 1450 3836 1523 Commer-

525 1557 739 1627 cialis-
775 1554 1247 1627 stabilimento
1320 1577 1444 1649 per
1515 1578 1919 1650 expressam
1975 1554 2341 1646 benignum
2394 1553 2715 1626 Nostram
2767 1553 3284 1628 Resolutionem
3360 1553 3625 1625 sublata
3681 1575 3834 1627 esse

524 1658 637 1729 illa
674 1661 903 1745 etiam,
961 1681 1135 1752 quae
1177 1659 1503 1728 hactenus
1552 1659 1866 1750 legaliter
1916 1662 1985 1728 in
2025 1657 2501 1729 Commerciali
2556 1656 2689 1728 boc
2726 1657 3046 1730 Districtu
3101 1661 3486 1751 viguissent
3528 1656 3832 1742 Telonia,

525 1761 839 1855 adeoque
895 1770 1144 1832 metum
1199 1761 1406 1847 illum,
1480 1770 1552 1831 ut
1602 1761 2027 1853 Regnicolae
2077 1764 2146 1831 in
2201 1760 2373 1832 locis
2430 1759 3009 1832 Commerciorum
3066 1759 3445 1851 illegalibus
3501 1758 3835 1831 Exactio-

525 1862 725 1935 nibus
780 1873 1245 1955 aggraventur
1296 1863 1474 1934 baud
1530 1861 1863 1946 subesse,
1935 1867 2024 1933 ita
2081 1867 2283 1934 etiam
2335 1862 2668 1956 siquidem
2747 1862 3111 1956 benignum
3179 1863 3356 1933 idem
3411 1862 3835 1957 Rescriptum

526 1970 911 2060 expressim
985 1969 1240 2054 innuat,
1314 1965 1737 2057 objectorum
1795 1964 2388 2038 Commercialium
2441 1965 3050 2037 Pertractatiouem
3105 1964 3190 2037 ad
3245 1969 3641 2058 respectiva
3696 1964 3833 2036 Po-

526 2069 737 2156 litica,
790 2067 1244 2140 Provincialia
1303 2079 1371 2139 et
1422 2069 1667 2141 Aulica
1724 2068 2107 2141 Dicasteria
2166 2068 2526 2156 recidisse,
2584 2091 2676 2139 ex
2713 2067 3039 2140 Omnibus
3075 2078 3432 2162 praeterea
3487 2090 3677 2139 nunc
3718 2089 3833 2138 re-

524 2169 1043 2265 incorporandis
1118 2192 1368 2242 novum
1426 2169 1827 2242 Comitatum
1903 2172 1988 2242 ad
2062 2193 2370 2243 normam
2443 2171 2727 2242 aliorum
2779 2171 3007 2262 Regni
3076 2171 3468 2264 Hungariae
3525 2169 3836 2241 Comita-

520 2283 707 2346 tuum
764 2273 1250 2345 efformandum
1307 2284 1373 2346 et
1426 2273 1649 2367 Regio
1695 2273 1950 2346 Nostro
1989 2279 2055 2345 in
2094 2274 2355 2366 Regnis
2409 2274 2513 2345 bis
2553 2271 2856 2345 Consilio
2913 2273 3483 2346 subordinandum
3537 2272 3723 2360 fore,
3774 2276 3835 2343 in

530 2373 666 2447 boc
739 2380 888 2471 ipso
945 2381 1112 2449 satis
1168 2377 1449 2469 intelligi
1495 2381 1809 2472 potuerit,
1893 2382 2271 2472 possitque,
2326 2380 2934 2471 neoincorporatas
2988 2377 3111 2448 bas
3168 2387 3397 2472 partes
3453 2376 3835 2447 ordinariae

518 2481 590 2549 in
670 2477 895 2550 Sensu
977 2489 1046 2551 et
1126 2480 1468 2552 intellectu
1549 2479 1806 2573 Legum
1889 2480 2115 2573 Regni
2215 2479 2799 2553 Administrationi
2880 2477 3228 2572 subjectas
3309 2477 3833 2551 subordinatas-

521 2603 656 2674 que
713 2603 898 2653 esse.

833 2734 1000 2808 Illud
1056 2757 1259 2829 porro
1313 2758 1451 2808 non
1506 2746 1787 2831 possunt
1845 2757 2152 2829 congrue
2208 2758 2344 2808 non
2419 2737 2799 2828 intelligere
2853 2736 3128 2808 Fideles
3183 2735 3582 2829 Regnorum
3662 2740 3833 2808 isto-

520 2860 670 2909 rum
726 2838 957 2910 Status
1013 2848 1081 2908 et
1134 2837 1452 2926 Ordines,
1526 2838 1979 2910 immediatam
2036 2842 2103 2910 in
2156 2842 2307 2933 ipso
2364 2843 2677 2933 proximo
2731 2849 2800 2910 et
2853 2843 3086 2910 stricto
3141 2838 3270 2910 Rei
3325 2837 3836 2911 Commercialis

523 2939 800 3029 obJecto
837 2939 1458 3035 Manipulationem,
1515 2943 1579 3012 in
1616 2951 1932 3036 quantum
1989 2944 2297 3013 nimirum
2355 2942 2624 3033 objecta
2673 2942 3008 3014 eiusmodi
3060 2965 3193 3013 nec
3231 2941 3514 3035 plurium
3573 2964 3833 3024 manus,

520 3063 657 3113 nec
710 3064 967 3126 moram
1048 3045 1285 3139 (quam
1346 3043 2013 3137 correspondentiae
2077 3047 2666 3140 praesupponunt)
2721 3048 3082 3139 patiuntur,
3153 3056 3260 3116 ast
3313 3048 3834 3128 instantaneam,

524 3153 641 3215 aut
693 3145 1141 3232 decisionem,
1223 3157 1337 3217 aut
1405 3150 1846 3219 inviatiouem
1905 3150 2213 3240 exigunt,
2295 3148 2494 3218 alicui
2567 3147 2845 3234 deferri,¹
2929 3147 3280 3230 concredi,
3350 3152 3834 3241 reservarique

521 3245 890 3336 debuisse;
972 3249 1128 3319 illud
1186 3260 1434 3338 autem,
1516 3271 1673 3322 num
1744 3250 2167 3322 Individuum
2241 3251 2376 3322 tale
2452 3250 2575 3321 sub
2631 3251 2921 3322 Nomine
2976 3250 3464 3322 Gubernatoris
3531 3262 3652 3321 aut
3706 3252 3830 3321 alio

518 3349 976 3444 praeficiatur,
1032 3352 1147 3423 vel
1203 3374 1376 3424 vero
1433 3375 1587 3424 num
1647 3351 2078 3426 Gubernator
2127 3354 2606 3440 Fluminensis,
2681 3363 2798 3425 aut
2850 3353 3308 3425 Gubernator·
3347 3357 3555 3425 totius
3613 3353 3830 3424 Linos-⁴

517 3454 684 3526 ralis
736 3454 1052 3525 Maritimi
1105 3455 1476 3546 Hungarici
1547 3456 1780 3528 audire
1854 3455 2124 3542 debeat,
2199 3460 2611 3527 meritoriam
2668 3455 3145 3528 Reflexionem
3224 3459 3353 3549 (ne
3417 3456 3503 3526 de
3563 3460 3838 3534 nomine?

518 3555 635 3628 Lis
691 3559 815 3647 sit)
890 3557 1065 3629 baud
1132 3558 1401 3646 subireg
1475 3559 1653 3653 quod
1707 3582 1881 3630 vero
1954 3560 2140 3630 Idem
2199 3557 2630 3631 Gubernator
2700 3582 2852 3631 cum
2925 3563 3070 3654 pari
3140 3583 3224 3630 ao
3276 3558 3828 3650 Tergestinensis

520 3661 867 3731 activitate
921 3666 1326 3733 constitutus
1381 3685 1544 3734 esse
1596 3672 1839 3734 tenore
1893 3660 2171 3753 benigni
2215 3660 2448 3734 Nostri
2484 3662 2828 3757 Rescripti
2882 3661 3337 3757 perhibeatur,
3409 3666 3476 3734 in
3533 3662 3675 3733 boc
3725 3660 3834 3732 fa-

522 3784 764 3834 vorem
837 3768 1059 3857 potius
1140 3766 1350 3844 illum,
1434 3765 1612 3859 quod
1688 3770 1751 3836 ei
1833 3765 2009 3853 haud
2068 3768 2398 3836 minorem
2473 3769 2889 3837 activitatem
2971 3774 3039 3836 et
3095 3763 3668 3836 Convenientiam
3721 3785 3835 3859 pro

518 3867 674 3959 ipso
757 3870 958 3938 etiam
1034 3866 1269 3941 Gentis
1340 3867 1618 3940 Decore
1700 3867 1997 3961 benigne
2078 3867 2628 3966 attribuerimus,
2712 3891 2863 3939 cum
2946 3868 3356 3964 gratitudine
3434 3889 3832 3960 agnoscen-

520 3967 676 4039 dum
743 3991 925 4042 esse.

534 4211 541 4218 .
836 4140 974 4212 Sed
1033 4145 1232 4213 etiam
1304 4139 1483 4234 quod
1558 4143 1791 4213 attinet
1847 4145 2268 4215 erectIonem
2343 4153 2409 4214 et
2462 4142 3012 4215 Nominationem
3069 4140 3442 4213 Comitatus
3499 4142 3831 4214 Szeveri-

520 4247 805 4314 nensis:
914 4242 1569 4336 Materno-Regiam
1642 4244 1818 4315 hanc
1888 4249 2356 4338 provisionem
2412 4245 2610 4317 Votis
2685 4256 2752 4317 et
2825 4249 3128 4339 petitioni
3185 4245 3370 4316 Suae
3438 4244 3832 4318 Diaetaliter

516 4348 909 4440 propositae
982 4350 1050 4417 in
1121 4350 1273 4442 ipso
1331 4353 1571 4418 merito
1647 4351 1816 4438 (nisi
1871 4371 2078 4442 passu
2137 4352 2338 4420 etiam
2415 4351 2480 4418 in
2535 4347 2670 4418 boc
2724 4347 2810 4419 de
2867 4351 3141 4420 nomine
3196 4347 3380 4419 litem
3436 4370 3607 4420 esse
3664 4369 3828 4420 con-

492 4450 791 4544 veniat)
850 4448 1274 4521 conformem
1332 4474 1519 4541 esse,
1586 4453 1713 4544 ipsi
1770 4457 2219 4523 meminerunt
2302 4461 2821 4544 agnoscuntque
2871 4451 3148 4522 Fideles
3204 4450 3604 4544 Regnorum
3663 4455 3826 4524 isto-

395 4579 404 4588 ·
516 4574 664 4623 rum
722 4552 950 4624 Status
999 4563 1067 4624 et
1106 4553 1424 4642 Ordines,
1478 4577 1559 4624 ac
1614 4555 1746 4625 hoc
1803 4558 2004 4626 etiam
2063 4554 2488 4647 Argumento
2544 4557 2886 4648 positivae
2939 4555 3308 4628 voluntatis
3362 4553 3669 4627 Nostrae
3721 4551 3826 4624 ef-

514 4653 770 4728 fectum
828 4679 916 4726 ne
972 4668 1315 4727 momento
1375 4661 1650 4744 morari,
1709 4667 1908 4751 atque
1962 4659 2524 4750 Rosignationem
2585 4656 3089 4750 designatarum
3146 4656 3641 4748 Zagrabiensis
3692 4655 3823 4727 Co-

516 4761 786 4860 mitatus
841 4764 1124 4854 partium
1183 4759 1398 4831 differi
1454 4765 1810 4856 patientur.
1860 4779 1863 4782 ·

828 4931 1487 5025 Excorporationem
1547 4955 1750 5026 porro
1809 4934 2022 5004 Statui
2077 4932 2348 5004 Militari
2404 4944 2472 5004 et
2527 4934 2792 5026 quidem
2848 4936 3078 5003 intuitu
3137 4934 3480 5004 Bonorum
3534 4933 3824 5026 Episco-

514 5047 712 5130 patus
794 5045 979 5108 trans
1036 5035 1364 5129 Collapim
1447 5041 1616 5107 intra
1694 5047 1761 5107 et
1834 5038 1915 5106 ad
1991 5037 2249 5107 Banale
2306 5035 2683 5107 Confinium
2758 5037 3210 5129 designatam,
3296 5059 3470 5129 quae
3544 5037 3824 5129 alioquin

512 5140 700 5210 nullo
754 5139 1178 5210 Privatorum
1228 5140 1495 5211 Damno
1550 5150 1663 5211 aut
1721 5139 2147 5231 Praejudicio
2202 5138 2423 5210 futura
2480 5151 2610 5226 est,
2671 5149 2803 5210 tam
2853 5139 3294 5212 fundamento
3349 5139 3523 5210 Justi
3584 5150 3653 5210 et
3705 5160 3825 5210 ae·-

514 5247 629 5335 qui
702 5254 1034 5336 spectato,
1110 5266 1285 5336 quae
1356 5247 1662 5315 vicissim
1734 5244 2199 5315 Jurisdictioni
2257 5243 2476 5335 Regni
2552 5253 2620 5313 et
2675 5242 2892 5313 Statui
2946 5242 3230 5314 Politico
3284 5242 3698 5313 Provinciali
3765 5238 3826 5308 fit

510 5349 952 5434 accessione,
1008 5371 1205 5441 quam
1263 5370 1435 5419 vero
1492 5371 1582 5419 ex
1640 5347 2095 5420 subversante
2151 5347 2456 5418 altissimi
2509 5348 2769 5428 servitii
2819 5344 3050 5417 Nostri
3105 5350 3395 5436 ratione,
3454 5345 3542 5416 ob
3599 5354 3820 5439 syste-
