3950 5917
1563 844 2046 930 XXXV.

1543 1131 1752 1203 Anno
1822 1129 2061 1205 1207.

118 1389 581 1503 Audi-ea}
662 1389 877 1474 Rex
977 1390 1764 1473 Almissanorum
1856 1402 2153 1498 atque
2245 1394 2546 1471 totius
2617 1389 2936 1498 Regni
2997 1390 3475 1474 Oroatiae

862 1529 1417 1637 privilegia
1466 1529 2131 1637 jurejurando
2186 1529 2745 1612 confirmat.

442 1797 530 1873 In
600 1801 881 1873 nomine
952 1798 1209 1874 Sancte
1276 1799 1624 1874 Trinitatis
1675 1802 1743 1871 dc
1790 1796 2152 1873 Individue
2218 1797 2536 1872 Vnitatis.
2641 1796 2963 1872 Andreas
3031 1797 3167 1871 Dei
3236 1800 3474 1894 gracia

118 1902 517 1997 Ruga-ie,
568 1901 956 1994 Dalmacie⁹
1008 1902 1257 1995 Ranae,
1310 1901 1586 1994 Serme,
1642 1899 2067 1998 Gallicisque
2115 1900 2279 1973 Rex
2321 1903 2392 1974 in
2444 1910 2865 2000 perpetuum.
2971 1901 3197 1996 Regie
3249 1901 3475 1976 subli-

128 2009 381 2080 uhh's
446 2009 750 2081 interest
818 2015 894 2080 et
944 2008 1211 2102 equitas
1280 2004 1529 2081 suadet
1594 2006 1953 2096 naturalis,
2022 2015 2099 2078 ut
2166 2007 2280 2100 qui
2351 2027 2478 2081 sua
2549 2013 2801 2079 statuta
2854 2027 2895 2076 a
2950 2004 3477 2080 successoribus
3639 2045 3646 2060 ι

124 2109 540 2184 duddan-ant
590 2108 980 2200 obseruari
1030 2112 1185 2205 ipse
1237 2129 1513 2204 quoque
1567 2125 1849 2183 suorum
1898 2107 2390 2205 predessorum
2441 2108 2640 2201 leges
2692 2109 2841 2203 puri
2898 2106 3266 2182 stabilitate
3318 2117 3479 2184 stu-

126 2212 285 2286 dent
341 2221 808 2304 conseruare,
876 2222 954 2286 ut
1001 2213 1188 2286 nulla
1258 2222 1607 2288 vetustate
1679 2212 2166 2302 dissoluantur,
2237 2234 2371 2307 que
2441 2210 2974 2285 succedencium
3026 2210 3159 2285 sibi
3204 2210 3477 2306 Regum

124 2319 503 2390 mas
554 2314 923 2391 stabilitate
975 2315 1436 2406 decreuerunt
1483 2313 1839 2389 roborare.
1893 2314 2062 2388 Inde
2115 2323 2226 2390 est
2272 2312 2454 2411 quod
2504 2315 2864 2412 priuilegia
2917 2337 2958 2387 a
3000 2312 3477 2411 predecesso-

127 2419 313 2493 ἤδη
384 2422 656 2494 nostris
726 2418 1082 2513 glou-(ioue
1149 2421 1526 2512 memorie)
1614 2418 1951 2513 Regibus,
2023 2417 2352 2493 videlicet
2404 2439 2564 2507 auo
2634 2427 2830 2513 patre
2884 2426 2955 2490 et
3008 2427 3267 2491 cetera.
3320 2418 3476 2513 Ego

126 2522 465 2596 Andreas
515 2522 653 2595 Dei
704 2525 943 2618 gracia
994 2519 1347 2618 ngarie
1396 2521 1560 2595 Rex
1601 2525 1764 2615 juro
1819 2544 2030 2618 super
2080 2519 2406 2594 Sanctam
2463 2517 2758 2594 Crucem
2826 2519 3027 2596 uobis
3077 2521 3477 2597 Almusanis

1 2690 4 2719 s
128 2624 393 2699 firmam
446 2646 703 2722 pacem
759 2635 832 2699 et
880 2624 1288 2700 libertatem.
1383 2623 1551 2698 Mihi
1603 2648 1874 2722 quoque
1928 2634 2045 2698 aut
2097 2625 2238 2698 filio
2292 2646 2451 2698 meo
2506 2627 2660 2716 (aut
2714 2624 3281 2719 successorinus
3332 2647 3477 2700 no-

130 2733 290 2804 stris
356 2728 709 2802 tributarii
756 2749 849 2801 ne
902 2732 1079 2820 sitis,
1148 2728 1565 2825 Episcopum
1634 2750 1811 2804 vero
1883 2738 2002 2802 ant
2053 2725 2420 2819 Comitem,
2494 2749 2697 2822 quem
2769 2725 3013 2802 Glerus
3067 2737 3138 2802 et
3186 2729 3477 2824 populus

126 2834 459 2928 etegerit,
516 2830 974 2925 confirmabo,
1026 2842 1102 2905 ct
1146 2832 1308 2926 lege
1360 2834 1723 2927 antiquitus
1776 2835 2142 2906 constituta
2197 2854 2351 2905 cum
2403 2841 2640 2905 uestro
2692 2830 2920 2904 iudice
2969 2853 3105 2906 vos
3154 2835 3251 2904 uti
3300 2854 3478 2928 per-

128 2939 415 3009 mittan,
470 2934 553 3008 ln
582 2938 861 3008 ciuitate
896 2958 1169 3032 quoque
1206 2945 1441 3010 uestra
1477 2937 1901 3029 ne(minem)
1929 2936 2408 3031 Hungarorum
2448 2945 2565 3008 aut
2597 2936 3134 3029 alienigenarum
3170 2934 3479 3009 habitare

126 3042 550 3137 permittunt,
603 3041 739 3112 nisi
793 3059 1000 3134 quem
1051 3039 1373 3113 voluntas
1424 3047 1663 3113 vestra
1715 3041 2116 3136 expecierit.
2215 3037 2386 3112 Cum
2440 3048 2666 3111 autem
2720 3038 2810 3111 ad
2857 3061 2990 3111 uos
3041 3039 3479 3113 coronandus

128 3152 249 3215 aut
278 3140 651 3216 uobiscum
697 3146 981 3236 negotia
1015 3141 1243 3235 Regni
1293 3151 1706 3217 tractaturus
1756 3165 2051 3234 uenero,
2100 3145 2358 3216 nemini
2410 3145 2660 3214 ciuium
2712 3145 2820 3216 uis
2866 3142 3244 3235 inf(eratur
3296 3143 3481 3236 (Ὀο-

128 3267 399 3320 norun
456 3265 766 3337 suarum,
820 3248 954 3320 nisi
990 3265 1197 3342 quem
1250 3246 1543 3319 dileccio
1595 3257 1831 3320 uestra
1882 3247 2288 3341 susceperit.
2340 3244 2645 3318 Iudicem
2696 3248 2876 3319 inter
2924 3267 3056 3320 uos
3110 3256 3182 3319 et
3230 3256 3480 3319 extra—

130 3371 309 3423 ncos
364 3372 411 3421 a
463 3371 585 3422 me
634 3352 1075 3423 constitutum
1127 3353 1200 3422 in
1251 3350 1533 3422 ciuitate
1582 3349 1824 3424 scdulo
1878 3353 2319 3440 commorari,
2362 3371 2498 3422 nec
2549 3369 2709 3421 eum
2762 3357 2961 3421 extra
3012 3347 3253 3423 urbem
3305 3350 3482 3424 alias

132 3452 711 3550 momentum
762 3456 871 3527 sui
921 3462 1253 3548 precepto
1303 3461 1422 3525 aut
1472 3453 1698 3547 siglllo
1752 3475 1965 3527 causa
2004 3452 2447 3549 (placitandi)
2485 3451 2821 3525 concedo.
2876 3452 2954 3525 Si
2988 3455 3139 3549 quis
3193 3462 3480 3528 uestro-

128 3577 279 3629 rm
326 3578 466 3652 per
517 3577 807 3629 meum
860 3554 1268 3650 Regnum
1337 3565 1524 3629 terra
1596 3561 1906 3653 marique
1980 3559 2358 3650 (negocia)
2431 3559 2849 3644 exercuerit,
2903 3555 3064 3629 mihi
3118 3566 3234 3630 aut
3284 3557 3486 3630 alicui

136 3669 541 3734 nostrorum
615 3658 960 3732 hominum
1013 3681 1110 3732 ex
1160 3661 1439 3755 proprio
1510 3664 1930 3733 commercio
2005 3661 2262 3732 nullum
2331 3662 2685 3756 persoluat
2756 3658 3078 3735 debitum.
3185 3659 3483 3736 Obsides

128 3784 175 3833 a
214 3762 431 3837 uobis
487 3761 677 3836 nullo
729 3762 939 3834 modo
991 3765 1349 3859 recipiam,
1404 3762 1531 3838 sed
1581 3767 1654 3836 in
1708 3766 1897 3836 curia
1950 3774 2190 3839 nostra
2245 3768 2510 3839 seruire
2579 3760 2969 3839 uolentibus
3039 3786 3286 3859 rogam
3335 3769 3481 3836 im-

126 3866 463 3962 ριιιιῑιῃιἼ
518 3874 593 3938 et
624 3865 938 3939 morandi
986 3870 1137 3940 siue
1191 3864 1639 3940 discendendi
1675 3866 1762 3939 ad
1798 3889 1996 3941 suum
2046 3868 2231 3941 uelle
2281 3866 2674 3941 facultatem
2730 3870 3104 3963 optineant,
3158 3867 3481 3963 nullaque

130 3973 235 4043 cis
286 3991 519 4067 super
551 3968 689 4041 hoc
737 3968 1057 4044 molestia
1108 3968 1466 4059 inferatur,
1521 3979 1637 4041 aut
1672 3972 1734 4045 si
1767 3971 2159 4043 Dominium
2192 3993 2422 4044 meum
2475 3972 2771 4066 aliquem
2824 3992 3212 4066 aggrauare
3263 3970 3476 4043 uide-

122 4070 335 4164 ffir‚
390 4082 472 4145 et
521 4071 765 4146 urbem
834 4093 1062 4144 meam
1133 4076 1331 4145 exire
1397 4072 1721 4163 uoluerit,
1792 4096 2043 4147 secure
2115 4096 2267 4145 cum
2342 4095 2563 4146 uxore
2631 4082 2703 4146 et
2759 4071 2920 4165 filijs
2973 4083 3045 4146 et
3095 4072 3352 4146 familia
3408 4083 3482 4143 et

118 4175 461 4251 omnibus
530 4174 735 4251 bonis
807 4178 957 4250 suis
1008 4196 1414 4271 quocunque
1467 4176 1599 4250 sibi
1647 4177 1985 4273 placuerit
2034 4186 2168 4249 eat.
2276 4175 2431 4250 Hoc
2482 4186 2712 4251 autem
2783 4175 3041 4273 absque
3113 4175 3357 4249 fraude
3411 4187 3483 4249 et

122 4283 419 4375 ingenio
478 4278 572 4352 ad
616 4276 1097 4353 detrimentum
1150 4282 1397 4353 ciuium
1435 4289 1506 4354 et
1540 4283 1833 4355 ciuitatis
1867 4284 1940 4354 in
1975 4282 2203 4377 aliquo
2259 4283 2586 4353 attinente
2639 4279 3051 4355 obseruabo.
3121 4278 3215 4352 Vt
3252 4288 3484 4353 autem

124 4391 269 4457 ta-
324 4403 650 4456 meorum
700 4382 1284 4478 predecessorum
1355 4405 1558 4479 quam
1607 4394 1850 4459 nostra
1902 4387 2274 4460 concessio
2342 4392 2679 4481 perpetuo
2729 4383 2943 4457 robur
2993 4385 3296 4480 optineat
3347 4382 3483 4456 fir-

126 4489 415 4579 mitatis,
470 4489 785 4584 presenti
836 4507 991 4558 eam
1027 4490 1277 4582 pagina
1311 4489 1383 4560 in
1416 4490 1742 4561 noticiam
1791 4487 2041 4561 deduci
2091 4492 2416 4585 posteris,
2473 4497 2546 4560 et
2577 4486 2802 4581 Regie
2855 4489 3215 4563 attoritatis
3249 4487 3480 4583 sigillo

116 4591 467 4680 jusimus
519 4588 862 4664 roboran‘.
966 4589 1217 4664 Datum
1270 4612 1451 4664 anno
1504 4592 1868 4664 Dominice
1931 4593 2432 4667 Incarnationis
2483 4590 2597 4664 Μ’·
2635 4587 2793 4662 OG·-
2829 4589 3001 4664 vlr-

1394 4791 1619 4871 (Beata
1651 4811 1857 4859 aurea
1888 4798 2230 4878 pendens.)

128 4980 201 5037 k
231 4984 589 5124 Ϊιιυιῖιρω
624 4981 831 5121 Πιοῧῑέι
878 4982 1009 5037 Bani
1060 4983 1217 5038 tofina
1250 4982 1547 5040 Slavoniac.
1585 4984 1739 5040 1323.
1792 5011 1860 5028 -·-
1915 4984 2247 5039 monumenta
2279 4983 2576 5055 unguine
2609 4984 2879 5042 matoria.
2926 4985 3118 5042 Pectini
3155 4988 3308 5042 1860.
3359 4984 3480 5040 Vol,

566 5085 692 5140 pag.
806 5107 821 5122 .
