3950 5917
462 397 578 489 ἥδ

468 606 688 700 ipsius
741 603 1077 678 varietate
1130 602 1328 676 litere
1381 625 1522 678 non
1574 601 1909 695 laedatur,
1965 607 2370 680 auctoritate
2421 609 2862 704 presencium
2900 606 3345 684 concedimus
3372 607 3823 705 postulatam.

466 704 657 780 Nulli
710 728 882 801 ergo
936 715 1070 779 etc.
1126 705 1259 779 dat.
1316 706 1625 802 Lugduni
1676 707 1793 781 IV.
1849 708 1988 781 kal.
2042 709 2303 806 Aprilis
2357 732 2539 785 auno
2593 710 2680 784 V.
2725 711 2813 803 ¹⁵)

465 905 519 961 Ε
553 907 763 978 Rogat.
796 907 1085 962 innocentii
1120 908 1215 961 PP.
1250 908 1334 962 lv.
1368 908 1482 963 Kal.
1516 909 1706 980 Aprilis
1740 925 1880 965 anno
1916 911 1975 963 V.
2012 912 2066 964 in
2101 926 2235 965 secr.
2268 911 2541 968 ‘rabulatio
2578 912 2741 967 vatic.
2812 912 2938 967 Item
2972 929 3006 968 e
3041 912 3174 968 Cod.
3209 912 3343 967 Bibl.
3375 913 3488 967 Vnt.
3525 913 3647 968 Nro.
3666 913 3826 967 715?

786 994 879 1049 iol.
919 995 1019 1049 184
1056 995 1327 1058 descripsit
1362 993 1451 1049 Dr.
1485 995 1571 1050 Fr.
1606 996 1789 1050 Racki.

2024 1556 2248 1641 LV.

1876 1846 2085 1917 Anno
2154 1844 2392 1918 1252.

740 2106 843 2192 Iu
904 2105 1253 2212 Regno
1315 2106 1866 2186 Dalmatiae
1950 2106 2582 2188 consvetudo
2646 2106 3122 2212 prolege
3184 2106 3532 2185 valuit.

781 2378 859 2451 ln
915 2379 1188 2451 nomine
1239 2375 1324 2449 D.
1378 2375 1462 2449 N.
1515 2375 1686 2450 Jesu
1739 2374 1992 2450 Christi
2043 2375 2294 2450 Amen.
2347 2376 2555 2452 Anno
2609 2376 3145 2451 lucarnationis:
3221 2373 3448 2449 1252.
3498 2371 3644 2448 lud.
3705 2376 3817 2450 11

472 2480 898 2579 temporibus
967 2479 1053 2553 D.
1107 2481 1487 2553 Innocentii
1556 2479 1743 2576 Pape
1821 2479 1940 2552 IV.
2006 2502 2091 2551 ac
2154 2479 2240 2553 D.
2309 2478 2504 2553 Belle
2570 2481 2857 2554 Illustris
2942 2479 3162 2573 Regis
3247 2478 3597 2575 Hungarie
3669 2479 3822 2553 hoc

456 2594 701 2659 actum
753 2595 882 2658 est.
990 2580 1156 2656 Cum
1228 2582 1611 2679 prophetici
1687 2585 2029 2657 sermonis
2103 2584 2451 2676 eulogium
2524 2605 2697 2679 opus
2751 2586 2841 2656 sit
2890 2585 3143 2658 iustitie
3213 2604 3378 2678 pax,
3451 2604 3582 2679 que
3635 2586 3826 2655 uni-

460 2691 723 2786 -cuique
779 2709 900 2761 sua
972 2686 1126 2759 Iura
1201 2685 1576 2777 servando,
1648 2688 1855 2760 totius
1926 2684 2222 2759 humane
2296 2685 2818 2761 cohabitationis
2888 2695 2959 2760 et
3029 2688 3386 2759 societatis
3455 2685 3820 2760 vinculum

458 2795 719 2868 merito
772 2798 1236 2886 nuncupatur,
1290 2812 1588 2864 necesse
1643 2799 1752 2862 est
1788 2787 2119 2870 omnibus.
2153 2790 2474 2884 legaliter
2522 2793 2770 2864 vivere
2826 2787 3251 2885 cupientibus
3303 2788 3502 2863 huius
3554 2789 3820 2863 saluti-

457 2894 646 2968 feris
701 2897 1021 2967 connecti
1072 2894 1366 2966 vinculis
1421 2903 1492 2966 et
1528 2891 1613 2965 ab
1654 2895 1757 2967 eis
1796 2896 1983 2986 (sic)
2041 2894 2223 2967 cultu
2275 2895 2461 2968 nullo
2516 2904 2827 2990 tempore
2882 2892 3268 2982 declinare,
3323 2914 3456 2989 que
3509 2891 3818 2987 denique

446 2999 729 3090 justitie
781 3018 1048 3085 norma,
1104 2998 1302 3091 quasi
1352 3000 1630 3090 gemino
1685 2992 1877 3070 Calle
1929 2996 2349 3093 procedens,
2396 3000 2555 3090 jure
2609 2995 2935 3070 videlicet
3000 2999 3284 3092 scripto,
3355 3018 3441 3068 ac
3493 3017 3818 3070 consue-

473 3097 815 3173 tudinibus
874 3097 1290 3195 approbatis,
1360 3099 1449 3173 ad
1502 3102 1813 3174 veritatis
1886 3103 2224 3173 tramitem
2302 3104 2565 3173 cunctis
2637 3098 3034 3172 mortalibus
3088 3103 3220 3171 iter
3271 3098 3521 3194 pandit.
3631 3098 3816 3184 Quia

468 3224 652 3279 vero
703 3207 774 3277 in
825 3201 1127 3299 partibus
1172 3200 1534 3294 Dalmatie,
1591 3202 2105 3277 consuetudinis
2158 3226 2377 3299 usque
2431 3205 2730 3295 longene
2785 3205 3181 3291 auctoritas,
3248 3224 3448 3297 quam
3504 3205 3820 3275 maxime

464 3329 602 3403 pro
673 3306 836 3400 lege
905 3316 1301 3397 veneratur,
1374 3305 1637 3380 idcirco
1700 3306 1856 3401 Ego
1928 3307 2336 3382 Stanimirus
2408 3305 3004 3403 Archipresbiter,
3075 3329 3211 3379 una
3282 3327 3437 3377 cum
3507 3304 3812 3394 Tolone,

474 3410 749 3484 Joanne
804 3419 874 3482 et
926 3408 1316 3503 Crisogono
1373 3406 1688 3500 Clericis,
1742 3420 1881 3482 tam
1932 3411 2138 3506 pleno
2192 3410 2513 3484 mandato
2567 3413 2877 3485 universi
2928 3407 3117 3482 Cleri
3167 3406 3665 3498 Sibenicensis,
3723 3408 3824 3482 ad

472 3510 957 3609 Spalatensem
1007 3512 1423 3604 Ecclesiam,
1479 3523 1819 3607 tamquam
1872 3513 1959 3585 ad
2016 3511 2234 3609 Caput
2284 3513 2642 3609 metropol.
2715 3511 3172 3587 accedentes:
3244 3511 3495 3586 ibidem
3567 3533 3820 3584 coram

476 3614 885 3700 Venerabili¹
947 3619 1095 3689 uiro
1164 3616 1428 3689 Thomu
1498 3614 2010 3689 Archidiacono
2084 3626 2155 3689 et
2208 3613 2495 3712 Capituli
2549 3614 2622 3689 S.
2676 3617 2948 3710 Domnij
3025 3616 3338 3707 dicimus,
3405 3614 3822 3711 profitemur

470 3728 550 3792 et
602 3722 1198 3813 recognoscimus,
1271 3740 1402 3792 nos
1473 3718 1932 3793 omnimodam
2001 3718 2498 3794 subiectionem
2568 3718 2826 3794 debere
2893 3719 2980 3792 D.
3033 3719 3401 3814 Treguano
3454 3718 3819 3816 Episcopo

588 4093 650 4159 ⁴*)
688 4092 1016 4163 Privileginm
1071 4094 1236 4147 hocce
1274 4093 1340 4146 de
1376 4095 1476 4147 ritu
1527 4094 1722 4147 slaw'ico
1777 4094 1966 4146 scimus
2018 4095 2119 4147 iam
2155 4110 2188 4147 ι
2224 4094 2471 4149 Pontiflce
2522 4093 2760 4149 Johanne
2796 4093 2923 4147 vm.
2958 4110 3009 4147 ι.
3044 4094 3167 4147 880.
3201 4109 3381 4148 mense
3433 4091 3587 4147 Junio
3642 4092 3828 4160 buna,

684 4180 1001 4251 Svatopluco
1039 4181 1259 4250 principi
1293 4182 1502 4250 scripta,
1539 4195 1845 4234 concessum
1882 4180 2058 4245 fnisse,
2108 4179 2186 4234 his
2219 4181 2426 4234 verbis:
2500 4181 2746 4247 „Litteras
2780 4182 3011 4250 denique
3045 4180 3378 4234 sclauiniscas
3412 4196 3445 4233 ι
3478 4182 3830 4234 constantino

684 4268 948 4337 quondam
985 4266 1295 4337 philosopho
1331 4276 1582 4338 repertas,
1618 4266 1805 4336 quibus
1843 4266 1944 4318 deo
1983 4266 2164 4321 laudes
2201 4267 2376 4320 debite
2411 4276 2675 4332 resonent,
2710 4269 2823 4320 iure
2859 4267 3146 4320 laudamus.
3217 4267 3284 4320 Et
3315 4268 3371 4320 in
3407 4266 3592 4321 eadem
3628 4265 3832 4337 lingna

684 4353 857 4406 christi
905 4353 1098 4407 domini
1134 4354 1294 4407 nostri
1331 4355 1580 4424 preconia
1614 4361 1668 4405 ct
1702 4366 1866 4420 opera
1901 4361 2209 4405 enarrentur
2243 4354 2379 4419 (sict
2415 4354 2526 4406 sine
2564 4355 2649 4420 ut)
2684 4353 2940 4407 iubemus.
3009 4352 3194 4422 Neque
3231 4354 3369 4406 enim
3405 4351 3568 4405 tribus
3604 4360 3844 4408 tuntum.

669 4441 772 4493 sed
808 4439 1047 4493 omnibus
1081 4440 1271 4510 linguis
1306 4440 1571 4492 dominum
1606 4437 1819 4492 laudare
1854 4443 2158 4494 anctoritate
2195 4455 2341 4492 sacra
2376 4455 2666 4505 monemur,
2704 4455 2808 4508 que
2844 4440 3065 4509 precipit
3098 4439 3296 4493 dicens.
3365 4438 3595 4491 Laudate
3630 4438 3826 4492 domi-

676 4541 802 4577 nnm
839 4541 1019 4579 omnes
1055 4535 1238 4596 gentes
1274 4533 1328 4577 et
1361 4525 1655 4580 collaudate
1690 4539 1811 4577 enm
1847 4540 2029 4578 omnes
2065 4525 2262 4594 populi.
2332 4525 2399 4577 Et
2431 4526 2653 4594 apostoli
2686 4525 2872 4595 repleti
2907 4526 3086 4595 spiritu
3121 4535 3301 4579 sancto
3336 4526 3498 4580 locuti
3532 4536 3652 4580 sunt
3690 4543 3834 4581 om·-

678 4610 833 4664 nibns
866 4611 1056 4681 linguis
1090 4610 1347 4682 magnalia
1384 4610 1487 4663 dei.
1540 4610 1673 4662 Hinc
1709 4619 1762 4662 et
1798 4610 1982 4679 paulus
2034 4612 2237 4678 celestis
2285 4626 2502 4681 quoqne
2537 4611 2662 4665 tuba
2695 4612 2902 4667 insonat
2935 4627 3181 4667 monens:
3218 4614 3384 4667 omnis
3418 4613 3599 4684 ling-un
3634 4616 3834 4668 conli-

672 4705 865 4762 teatur,
904 4699 1024 4766 quia
1061 4698 1301 4751 dominus
1333 4706 1512 4751 noster
1544 4696 1723 4749 lhosus
1757 4697 1976 4750 christus
2010 4697 2064 4749 in
2102 4696 2267 4766 gloria
2304 4706 2383 4750 est
2419 4696 2504 4750 dei
2540 4700 2714 4767 patr‘u.
2784 4697 2864 4750 De
2899 4698 3088 4768 quibus
3124 4699 3280 4752 otiam
3326 4698 3517 4769 linguis
3550 4701 3604 4753 in
3641 4701 3834 4770 primu

670 4783 747 4835 ad
783 4784 1063 4836 corinthios
1097 4784 1314 4854 epistola
1348 4785 1470 4837 satis
1507 4792 1560 4835 et
1595 4783 1864 4836 manifeste
1902 4799 1998 4838 nos
2033 4791 2312 4849 ammonet,
2360 4792 2615 4853 quatenus
2648 4784 2839 4854 linguis
2873 4783 3149 4854 loquentes
3200 4784 3476 4839 ecclesiam
3530 4784 3614 4838 dei
3652 4786 3836 4840 edin-

676 4885 875 4921 cemus.
942 4867 1053 4921 Nec
1087 4886 1212 4924 sane
1250 4870 1374 4923 fidei
1409 4869 1495 4922 nel
1533 4870 1767 4923 doctrino
1803 4869 1997 4940 aliquid
2037 4868 2207 4922 obstat
2239 4870 2352 4923 sine
2386 4871 2566 4924 missas
2601 4872 2656 4923 in
2691 4871 2877 4925 eadem
2914 4870 3197 4924 sclnuinica
3230 4870 3408 4940 lingua
3445 4886 3658 4936 canere,
3697 4874 3840 4928 sino

676 4970 881 5008 sacrum
933 4955 1264 5024 euangelium
1298 4957 1387 5008 uel
1422 4955 1676 5009 lectiones
1729 4955 1932 5010 diuinas
1985 4956 2112 5009 noui
2148 4964 2201 5008 et
2234 4958 2425 5009 ueteris
2476 4958 2769 5010 testumemi
2820 4956 2961 5011 bene
3013 4956 3285 5012 maletus
3319 4965 3374 5009 et
3406 4958 3840 5027 interpretantes

674 5042 876 5113 legere,
912 5050 1001 5094 aut
1035 5042 1135 5095 alls
1182 5043 1427 5097 horarum
1464 5043 1635 5098 officia
1672 5044 1909 5114 psallere.
1982 5042 2238 5108 Quoniam
2276 5044 2364 5112 qni
2401 5042 2525 5095 fecit
2557 5051 2663 5096 tres
2696 5042 2901 5113 linguas
2937 5042 3267 5113 principales,
3304 5042 3552 5098 hebream
3587 5045 3829 5113 wilica,

674 5144 889 5199 grecum
924 5138 977 5182 et
1010 5129 1240 5195 latinam,
1290 5131 1404 5200 ipse
1461 5133 1662 5184 creauit
1694 5139 1749 5185 et
1782 5130 1910 5184 sliu
1961 5144 2144 5185 omnes
2179 5129 2246 5183 ad
2281 5128 2490 5182 landem
2522 5137 2578 5183 et
2612 5128 2830 5199 gloriam
2878 5145 3042 5183 snam.
3113 5127 3356 5183 labemus
3407 5138 3604 5197 tamon,
3660 5139 3722 5183 ut
3759 5133 3832 5186 in

676 5214 918 5270 omnibus
946 5217 1179 5271 ecclesiis
1213 5225 1352 5284 terre
1375 5226 1547 5285 nesti-e
1583 5227 1796 5288 propter
1816 5220 2066 5272 maiorem
2089 5216 2536 5270 honorificentiam
2571 5216 2904 5286 euangelium
2939 5217 3098 5270 latine
3133 5216 3356 5286 legatur,
3392 5226 3446 5270 et
3474 5217 3834 5286 postmodum

689 5302 967 5356 sclauinica
1002 5303 1180 5375 ling-ua
1213 5304 1513 5357 staminum
1547 5307 1600 5358 in
1636 5304 1846 5358 auribus
1881 5303 2063 5374 populi
2097 5302 2255 5355 latina
2290 5301 2453 5355 uerba
2488 5317 2594 5356 non
2630 5302 2964 5373 intelligentis
2998 5302 3347 5355 adnuntietur.
3411 5303 3555 5356 fflcut
3587 5304 3648 5359 in
3686 5307 3834 5374 qui-

676 5386 899 5442 busdam
935 5391 1168 5445 ecclesiis
1202 5391 1316 5445 fleri
1350 5391 1609 5448 uidetur!
1641 5400 1742 5445 etc.
1810 5389 1856 5443 Ε
1890 5391 2104 5461 Regest.
2139 5388 2388 5444 lobannis
2423 5386 2521 5444 Pr.
2555 5387 2684 5444 vm.
2717 5392 2771 5444 in
2806 5405 2938 5444 sacr.
2974 5387 3248 5445 Tabulario
3269 5388 3383 5443 vat.
