<?xml version="1.0" encoding="UTF-8"?>
<!DOCTYPE html PUBLIC "-//W3C//DTD XHTML 1.0 Transitional//EN"
    "http://www.w3.org/TR/xhtml1/DTD/xhtml1-transitional.dtd">
<html xmlns="http://www.w3.org/1999/xhtml" xml:lang="en" lang="en">
 <head>
  <title>
</title>
<meta http-equiv="Content-Type" content="text/html;charset=utf-8" />
  <meta name='ocr-system' content='tesseract 3.04.00' />
  <meta name='ocr-capabilities' content='ocr_page ocr_carea ocr_par ocr_line ocrx_word'/>
</head>
<body>
  <div class='ocr_page' id='page_1' title='image "./juraregnicroati00etcgoog/juraregnicroati00etcgoog_0040.png"; bbox 0 0 3950 5917; ppageno 0'>
   <div class='ocr_carea' id='block_1_1' title="bbox 506 469 613 545">
    <p class='ocr_par' dir='ltr' id='par_1_1' title="bbox 506 469 613 545">
     <span class='ocr_line' id='line_1_1' title="bbox 506 469 613 545; baseline -0.009 0"><span class='ocrx_word' id='word_1_1' title='bbox 506 469 613 545; x_wconf 76' lang='lat'>24</span> 
     </span>
    </p>
   </div>
   <div class='ocr_carea' id='block_1_2' title="bbox 502 668 3842 1272">
    <p class='ocr_par' dir='ltr' id='par_1_2' title="bbox 502 668 3842 1272">
     <span class='ocr_line' id='line_1_2' title="bbox 502 668 3842 773; baseline -0.003 -21"><span class='ocrx_word' id='word_1_2' title='bbox 502 677 781 770; x_wconf 73' lang='lat' dir='ltr'>tavei-lt,</span> <span class='ocrx_word' id='word_1_3' title='bbox 831 683 905 751; x_wconf 85' lang='lat' dir='ltr'>et</span> <span class='ocrx_word' id='word_1_4' title='bbox 952 672 1203 773; x_wconf 73' lang='lat' dir='ltr'>aliquid</span> <span class='ocrx_word' id='word_1_5' title='bbox 1252 671 1345 748; x_wconf 65' lang='lat' dir='ltr'>de</span> <span class='ocrx_word' id='word_1_6' title='bbox 1392 668 1597 750; x_wconf 81' lang='lat' dir='ltr'>bonis</span> <span class='ocrx_word' id='word_1_7' title='bbox 1643 672 2045 747; x_wconf 71' lang='lat' dir='ltr'>minsterii</span> <span class='ocrx_word' id='word_1_8' title='bbox 2111 672 2571 770; x_wconf 77' lang='lat' dir='ltr'>usurpaverit,</span> <span class='ocrx_word' id='word_1_9' title='bbox 2635 670 2734 746; x_wconf 78' lang='lat' dir='ltr'>mi</span> <span class='ocrx_word' id='word_1_10' title='bbox 2784 669 3090 748; x_wconf 78' lang='lat' dir='ltr'>ecclesie</span> <span class='ocrx_word' id='word_1_11' title='bbox 3139 670 3578 773; x_wconf 69' lang='lat' dir='ltr'>quadrupinn</span> <span class='ocrx_word' id='word_1_12' title='bbox 3626 673 3842 751; x_wconf 58' lang='lat' dir='ltr'>red-</span> 
     </span>
     <span class='ocr_line' id='line_1_3' title="bbox 506 773 3838 879; baseline -0 -24"><span class='ocrx_word' id='word_1_13' title='bbox 506 781 649 874; x_wconf 77' lang='lat' dir='ltr'>dat,</span> <span class='ocrx_word' id='word_1_14' title='bbox 713 788 1078 879; x_wconf 78' lang='lat' dir='ltr'>usurpator</span> <span class='ocrx_word' id='word_1_15' title='bbox 1139 799 1319 855; x_wconf 80' lang='lat' dir='ltr'>vero</span> <span class='ocrx_word' id='word_1_16' title='bbox 1367 799 1523 852; x_wconf 70' lang='lat' dir='ltr'>eum</span> <span class='ocrx_word' id='word_1_17' title='bbox 1576 778 1731 854; x_wconf 76' lang='lat' dir='ltr'>suis</span> <span class='ocrx_word' id='word_1_18' title='bbox 1773 774 2087 852; x_wconf 78' lang='lat' dir='ltr'>omnibus</span> <span class='ocrx_word' id='word_1_19' title='bbox 2143 775 2364 872; x_wconf 80' lang='lat' dir='ltr'>regali</span> <span class='ocrx_word' id='word_1_20' title='bbox 2415 778 2753 852; x_wconf 81' lang='lat' dir='ltr'>sententie</span> <span class='ocrx_word' id='word_1_21' title='bbox 2824 773 3200 871; x_wconf 69' lang='lat' dir='ltr'>subjacent.</span> <span class='ocrx_word' id='word_1_22' title='bbox 3291 777 3384 853; x_wconf 81' lang='lat' dir='ltr'>Bt</span> <span class='ocrx_word' id='word_1_23' title='bbox 3431 778 3568 854; x_wconf 83' lang='lat' dir='ltr'>boc</span> <span class='ocrx_word' id='word_1_24' title='bbox 3615 800 3838 854; x_wconf 78' lang='lat' dir='ltr'>eou-</span> 
     </span>
     <span class='ocr_line' id='line_1_4' title="bbox 506 867 3840 980; baseline 0 -21"><span class='ocrx_word' id='word_1_25' title='bbox 506 885 852 959; x_wconf 80' lang='lat' dir='ltr'>firmamns</span> <span class='ocrx_word' id='word_1_26' title='bbox 903 893 1138 959; x_wconf 86' lang='lat' dir='ltr'>nostra</span> <span class='ocrx_word' id='word_1_27' title='bbox 1209 867 1648 976; x_wconf 70' lang='lat' dir='ltr'>sigillatione,</span> <span class='ocrx_word' id='word_1_28' title='bbox 1706 881 2129 977; x_wconf 86' lang='lat' dir='ltr'>istornmque</span> <span class='ocrx_word' id='word_1_29' title='bbox 2199 879 2580 954; x_wconf 82' lang='lat' dir='ltr'>Comitum:</span> <span class='ocrx_word' id='word_1_30' title='bbox 2657 879 3038 979; x_wconf 76' lang='lat' dir='ltr'>Procopius</span> <span class='ocrx_word' id='word_1_31' title='bbox 3086 881 3449 959; x_wconf 79' lang='lat' dir='ltr'>Acriensis</span> <span class='ocrx_word' id='word_1_32' title='bbox 3496 881 3840 980; x_wconf 69' lang='lat' dir='ltr'>Episco-</span> 
     </span>
     <span class='ocr_line' id='line_1_5' title="bbox 505 979 3840 1086; baseline 0 -24"><span class='ocrx_word' id='word_1_33' title='bbox 505 1009 637 1086; x_wconf 83' lang='lat' dir='ltr'>pus</span> <span class='ocrx_word' id='word_1_34' title='bbox 683 987 912 1064; x_wconf 83' lang='lat' dir='ltr'>lando.</span> <span class='ocrx_word' id='word_1_35' title='bbox 981 985 1397 1081; x_wconf 81' lang='lat' dir='ltr'>Singidunus</span> <span class='ocrx_word' id='word_1_36' title='bbox 1464 984 1907 1078; x_wconf 85' lang='lat' dir='ltr'>Zagoriensis</span> <span class='ocrx_word' id='word_1_37' title='bbox 1974 982 2359 1081; x_wconf 73' lang='lat' dir='ltr'><strong>Episcopus</strong></span> <span class='ocrx_word' id='word_1_38' title='bbox 2402 984 2631 1058; x_wconf 85' lang='lat' dir='ltr'>laudo.</span> <span class='ocrx_word' id='word_1_39' title='bbox 2705 979 2909 1060; x_wconf 83' lang='lat' dir='ltr'>Isaac</span> <span class='ocrx_word' id='word_1_40' title='bbox 2959 980 3214 1063; x_wconf 80' lang='lat' dir='ltr'>Comes</span> <span class='ocrx_word' id='word_1_41' title='bbox 3262 985 3491 1062; x_wconf 81' lang='lat' dir='ltr'>laudo.</span> <span class='ocrx_word' id='word_1_42' title='bbox 3560 985 3840 1062; x_wconf 73' lang='lat' dir='ltr'>Petrus</span> 
     </span>
     <span class='ocr_line' id='line_1_6' title="bbox 509 1083 3838 1169; baseline 0 -3"><span class='ocrx_word' id='word_1_43' title='bbox 509 1090 765 1169; x_wconf 87' lang='lat' dir='ltr'>Comes</span> <span class='ocrx_word' id='word_1_44' title='bbox 788 1092 1015 1167; x_wconf 88' lang='lat' dir='ltr'>laudo.</span> <span class='ocrx_word' id='word_1_45' title='bbox 1070 1089 1305 1166; x_wconf 82' lang='lat' dir='ltr'>Cladia</span> <span class='ocrx_word' id='word_1_46' title='bbox 1358 1085 1611 1164; x_wconf 84' lang='lat' dir='ltr'>Comes</span> <span class='ocrx_word' id='word_1_47' title='bbox 1661 1087 1887 1162; x_wconf 86' lang='lat' dir='ltr'>lando.</span> <span class='ocrx_word' id='word_1_48' title='bbox 1945 1086 2114 1163; x_wconf 87' lang='lat' dir='ltr'>Saul</span> <span class='ocrx_word' id='word_1_49' title='bbox 2141 1083 2396 1163; x_wconf 82' lang='lat' dir='ltr'>Comes</span> <span class='ocrx_word' id='word_1_50' title='bbox 2418 1088 2645 1162; x_wconf 81' lang='lat' dir='ltr'>laudo.</span> <span class='ocrx_word' id='word_1_51' title='bbox 2697 1088 2916 1163; x_wconf 77' lang='lat' dir='ltr'>Arnei</span> <span class='ocrx_word' id='word_1_52' title='bbox 2941 1084 3197 1167; x_wconf 87' lang='lat' dir='ltr'>Comes</span> <span class='ocrx_word' id='word_1_53' title='bbox 3229 1089 3457 1166; x_wconf 84' lang='lat' dir='ltr'>laudo.</span> <span class='ocrx_word' id='word_1_54' title='bbox 3506 1089 3838 1167; x_wconf 71' lang='lat' dir='ltr'>Thomas</span> 
     </span>
     <span class='ocr_line' id='line_1_7' title="bbox 508 1186 3834 1272; baseline 0 -1"><span class='ocrx_word' id='word_1_55' title='bbox 508 1192 763 1272; x_wconf 85' lang='lat' dir='ltr'>Comes</span> <span class='ocrx_word' id='word_1_56' title='bbox 817 1196 1050 1271; x_wconf 72' lang='lat' dir='ltr'>laudo.</span> <span class='ocrx_word' id='word_1_57' title='bbox 1100 1194 1424 1271; x_wconf 81' lang='lat' dir='ltr'>Andreas</span> <span class='ocrx_word' id='word_1_58' title='bbox 1477 1189 1731 1269; x_wconf 79' lang='lat' dir='ltr'>Comes</span> <span class='ocrx_word' id='word_1_59' title='bbox 1780 1189 2009 1266; x_wconf 84' lang='lat' dir='ltr'>laudo.</span> <span class='ocrx_word' id='word_1_60' title='bbox 2063 1186 2354 1269; x_wconf 88' lang='lat' dir='ltr'>Cosmas</span> <span class='ocrx_word' id='word_1_61' title='bbox 2391 1189 2647 1269; x_wconf 77' lang='lat' dir='ltr'>Comes</span> <span class='ocrx_word' id='word_1_62' title='bbox 2696 1191 2923 1267; x_wconf 75' lang='lat' dir='ltr'>laudo.</span> <span class='ocrx_word' id='word_1_63' title='bbox 2973 1192 3220 1269; x_wconf 77' lang='lat' dir='ltr'>Voean</span> <span class='ocrx_word' id='word_1_64' title='bbox 3272 1190 3527 1271; x_wconf 88' lang='lat' dir='ltr'>Comes</span> <span class='ocrx_word' id='word_1_65' title='bbox 3574 1194 3834 1272; x_wconf 81' lang='lat' dir='ltr'>lando.</span> 
     </span>
    </p>
   </div>
   <div class='ocr_carea' id='block_1_3' title="bbox 506 1296 1470 1399">
    <p class='ocr_par' dir='ltr' id='par_1_3' title="bbox 506 1296 1470 1399">
     <span class='ocr_line' id='line_1_8' title="bbox 506 1296 1470 1399; baseline -0.004 -25"><span class='ocrx_word' id='word_1_66' title='bbox 506 1299 882 1399; x_wconf 75' lang='lat' dir='ltr'>Dionysius</span> <span class='ocrx_word' id='word_1_67' title='bbox 938 1296 1192 1375; x_wconf 86' lang='lat' dir='ltr'>Comes</span> <span class='ocrx_word' id='word_1_68' title='bbox 1241 1297 1470 1372; x_wconf 88' lang='lat' dir='ltr'>laudo.</span> 
     </span>
    </p>
   </div>
   <div class='ocr_carea' id='block_1_4' title="bbox 503 1497 3832 1661">
    <p class='ocr_par' dir='ltr' id='par_1_4' title="bbox 503 1497 3832 1661">
     <span class='ocr_line' id='line_1_9' title="bbox 503 1497 3832 1572; baseline -0.001 -14"><span class='ocrx_word' id='word_1_69' title='bbox 503 1502 859 1559; x_wconf 61' lang='lat' dir='ltr'>&amp;Arcum</span> <span class='ocrx_word' id='word_1_70' title='bbox 902 1500 1871 1559; x_wconf 59' lang='lat' dir='ltr'>noninltnntndmatunsmnrtne.</span> <span class='ocrx_word' id='word_1_71' title='bbox 1919 1528 1984 1542; x_wconf 85' lang='lat'>--</span> <span class='ocrx_word' id='word_1_72' title='bbox 2029 1499 2234 1554; x_wconf 73' lang='lat' dir='ltr'>nabent</span> <span class='ocrx_word' id='word_1_73' title='bbox 2286 1514 2496 1571; x_wconf 71' lang='lat' dir='ltr'>qnoque</span> <span class='ocrx_word' id='word_1_74' title='bbox 2539 1497 3537 1572; x_wconf 67' lang='lat' dir='ltr'>Luciusdessegnonaln.et0roat.</span> <span class='ocrx_word' id='word_1_75' title='bbox 3572 1500 3684 1556; x_wconf 70' lang='lat' dir='ltr'>m».</span> <span class='ocrx_word' id='word_1_76' title='bbox 3724 1500 3832 1566; x_wconf 60' lang='lat' dir='ltr'>m„</span> 
     </span>
     <span class='ocr_line' id='line_1_10' title="bbox 813 1586 2375 1661; baseline -0.001 -17"><span class='ocrx_word' id='word_1_77' title='bbox 813 1607 928 1661; x_wconf 71' lang='lat' dir='ltr'>cap.</span> <span class='ocrx_word' id='word_1_78' title='bbox 972 1588 1058 1644; x_wconf 81' lang='grc' dir='ltr'>ΠΙ.</span> <span class='ocrx_word' id='word_1_79' title='bbox 1103 1597 1158 1643; x_wconf 83' lang='lat' dir='ltr'>et</span> <span class='ocrx_word' id='word_1_80' title='bbox 1200 1587 1388 1643; x_wconf 62' lang='lat' dir='ltr'>Far-last</span> <span class='ocrx_word' id='word_1_81' title='bbox 1432 1586 1692 1657; x_wconf 74' lang='lat' dir='ltr'>myrteum</span> <span class='ocrx_word' id='word_1_82' title='bbox 1746 1587 1955 1643; x_wconf 71' lang='lat' dir='ltr'>sacrun</span> <span class='ocrx_word' id='word_1_83' title='bbox 2004 1586 2061 1641; x_wconf 85' lang='grc' dir='ltr'>Τ.</span> <span class='ocrx_word' id='word_1_84' title='bbox 2104 1586 2188 1642; x_wconf 78' lang='lat' dir='ltr'>lv,</span> <span class='ocrx_word' id='word_1_85' title='bbox 2237 1604 2289 1656; x_wconf 86' lang='lat' dir='ltr'>p.</span> <span class='ocrx_word' id='word_1_86' title='bbox 2326 1588 2375 1642; x_wconf 85' lang='lat'>5.</span> 
     </span>
    </p>
   </div>
   <div class='ocr_carea' id='block_1_5' title="bbox 1850 1868 2472 1883">
    <p class='ocr_par' dir='ltr' id='par_1_5' title="bbox 1850 1868 2472 1883">
     <span class='ocr_line' id='line_1_11' title="bbox 1850 1868 2472 1883; baseline 0 0"><span class='ocrx_word' id='word_1_87' title='bbox 1850 1868 2472 1883; x_wconf 95' lang='lat' dir='ltr'> </span> 
     </span>
    </p>
   </div>
   <div class='ocr_carea' id='block_1_6' title="bbox 1938 2175 2369 2261">
    <p class='ocr_par' dir='ltr' id='par_1_6' title="bbox 1938 2175 2369 2261">
     <span class='ocr_line' id='line_1_12' title="bbox 1938 2175 2369 2261; baseline -0.007 1"><span class='ocrx_word' id='word_1_88' title='bbox 1938 2175 2369 2261; x_wconf 80' lang='lat' dir='ltr'><strong>xvln.</strong></span> 
     </span>
    </p>
   </div>
   <div class='ocr_carea' id='block_1_7' title="bbox 1893 2462 2405 2537">
    <p class='ocr_par' dir='ltr' id='par_1_7' title="bbox 1893 2462 2405 2537">
     <span class='ocr_line' id='line_1_13' title="bbox 1893 2462 2405 2537; baseline -0.006 0"><span class='ocrx_word' id='word_1_89' title='bbox 1893 2462 2102 2537; x_wconf 73' lang='lat' dir='ltr'>Anno</span> <span class='ocrx_word' id='word_1_90' title='bbox 2171 2462 2405 2537; x_wconf 82' lang='lat'><strong><em>1102.</em></strong></span> 
     </span>
    </p>
   </div>
   <div class='ocr_carea' id='block_1_8' title="bbox 500 2725 3814 2972">
    <p class='ocr_par' dir='ltr' id='par_1_8' title="bbox 500 2725 3814 2972">
     <span class='ocr_line' id='line_1_14' title="bbox 500 2725 3812 2830; baseline 0 -24"><span class='ocrx_word' id='word_1_91' title='bbox 500 2726 788 2807; x_wconf 86' lang='lat' dir='ltr'>Pacta</span> <span class='ocrx_word' id='word_1_92' title='bbox 856 2739 1347 2807; x_wconf 87' lang='lat' dir='ltr'>conventa</span> <span class='ocrx_word' id='word_1_93' title='bbox 1409 2752 1585 2806; x_wconf 91' lang='lat' dir='ltr'>seu</span> <span class='ocrx_word' id='word_1_94' title='bbox 1649 2725 2312 2830; x_wconf 80' lang='lat' dir='ltr'>conditiones,</span> <span class='ocrx_word' id='word_1_95' title='bbox 2377 2725 2733 2830; x_wconf 87' lang='lat' dir='ltr'>quibus</span> <span class='ocrx_word' id='word_1_96' title='bbox 2797 2725 3316 2806; x_wconf 77' lang='lat' dir='ltr'>duodecim</span> <span class='ocrx_word' id='word_1_97' title='bbox 3377 2727 3812 2807; x_wconf 87' lang='lat' dir='ltr'>tribuum</span> 
     </span>
     <span class='ocr_line' id='line_1_15' title="bbox 502 2861 3814 2972; baseline 0 -25"><span class='ocrx_word' id='word_1_98' title='bbox 502 2865 1180 2947; x_wconf 87' lang='lat' dir='ltr'>Croaticarum</span> <span class='ocrx_word' id='word_1_99' title='bbox 1245 2867 1512 2971; x_wconf 86' lang='lat' dir='ltr'>legati</span> <span class='ocrx_word' id='word_1_100' title='bbox 1579 2862 2201 2945; x_wconf 90' lang='lat' dir='ltr'>Colomanum</span> <span class='ocrx_word' id='word_1_101' title='bbox 2267 2861 2735 2945; x_wconf 85' lang='lat' dir='ltr'>Croatiae</span> <span class='ocrx_word' id='word_1_102' title='bbox 2781 2863 3156 2972; x_wconf 84' lang='lat' dir='ltr'>Regem</span> <span class='ocrx_word' id='word_1_103' title='bbox 3216 2879 3814 2971; x_wconf 81' lang='lat' dir='ltr'>agnoscunt.</span> 
     </span>
    </p>
   </div>
   <div class='ocr_carea' id='block_1_9' title="bbox 488 3134 3818 5538">
    <p class='ocr_par' dir='ltr' id='par_1_9' title="bbox 488 3134 3818 4997">
     <span class='ocr_line' id='line_1_16' title="bbox 809 3134 3814 3234; baseline 0 -23"><span class='ocrx_word' id='word_1_104' title='bbox 809 3134 1224 3212; x_wconf 88' lang='lat' dir='ltr'>Colomanus</span> <span class='ocrx_word' id='word_1_105' title='bbox 1294 3136 1471 3211; x_wconf 88' lang='lat' dir='ltr'>filius</span> <span class='ocrx_word' id='word_1_106' title='bbox 1543 3140 1842 3234; x_wconf 84' lang='lat' dir='ltr'>(nepos)</span> <span class='ocrx_word' id='word_1_107' title='bbox 1912 3135 2241 3211; x_wconf 88' lang='lat' dir='ltr'>Vladislai</span> <span class='ocrx_word' id='word_1_108' title='bbox 2307 3134 2525 3231; x_wconf 87' lang='lat' dir='ltr'>Regis</span> <span class='ocrx_word' id='word_1_109' title='bbox 2592 3140 2879 3233; x_wconf 76' lang='lat' dir='ltr'>ungarie</span> <span class='ocrx_word' id='word_1_110' title='bbox 2946 3146 3136 3213; x_wconf 86' lang='lat' dir='ltr'>stans</span> <span class='ocrx_word' id='word_1_111' title='bbox 3188 3141 3260 3211; x_wconf 90' lang='lat' dir='ltr'>in</span> <span class='ocrx_word' id='word_1_112' title='bbox 3307 3138 3570 3232; x_wconf 88' lang='lat' dir='ltr'>Regnis</span> <span class='ocrx_word' id='word_1_113' title='bbox 3638 3139 3814 3212; x_wconf 87' lang='lat' dir='ltr'>loco</span> 
     </span>
     <span class='ocr_line' id='line_1_17' title="bbox 497 3239 3811 3338; baseline 0.001 -26"><span class='ocrx_word' id='word_1_114' title='bbox 497 3243 708 3337; x_wconf 88' lang='lat' dir='ltr'>patris</span> <span class='ocrx_word' id='word_1_115' title='bbox 764 3243 1062 3338; x_wconf 83' lang='lat' dir='ltr'>(patrui)</span> <span class='ocrx_word' id='word_1_116' title='bbox 1118 3245 1222 3316; x_wconf 89' lang='lat' dir='ltr'>sui</span> <span class='ocrx_word' id='word_1_117' title='bbox 1276 3252 1347 3314; x_wconf 92' lang='lat' dir='ltr'>et</span> <span class='ocrx_word' id='word_1_118' title='bbox 1395 3244 1551 3337; x_wconf 86' lang='lat' dir='ltr'>quia</span> <span class='ocrx_word' id='word_1_119' title='bbox 1601 3242 1809 3315; x_wconf 84' lang='lat' dir='ltr'>multa</span> <span class='ocrx_word' id='word_1_120' title='bbox 1873 3245 2269 3317; x_wconf 79' lang='lat' dir='ltr'>strenuitate</span> <span class='ocrx_word' id='word_1_121' title='bbox 2336 3239 2642 3335; x_wconf 75' lang='lat' dir='ltr'>vigebat‚</span> <span class='ocrx_word' id='word_1_122' title='bbox 2711 3245 3064 3338; x_wconf 90' lang='lat' dir='ltr'>proposuit</span> <span class='ocrx_word' id='word_1_123' title='bbox 3131 3251 3342 3316; x_wconf 87' lang='lat' dir='ltr'>totam</span> <span class='ocrx_word' id='word_1_124' title='bbox 3412 3240 3811 3316; x_wconf 77' lang='lat' dir='ltr'>chroatiam</span> 
     </span>
     <span class='ocr_line' id='line_1_18' title="bbox 496 3343 3810 3441; baseline 0 -22"><span class='ocrx_word' id='word_1_125' title='bbox 496 3368 720 3441; x_wconf 82' lang='lat' dir='ltr'>usque</span> <span class='ocrx_word' id='word_1_126' title='bbox 790 3344 877 3420; x_wconf 86' lang='lat' dir='ltr'>ad</span> <span class='ocrx_word' id='word_1_127' title='bbox 930 3368 1120 3419; x_wconf 89' lang='lat' dir='ltr'>mare</span> <span class='ocrx_word' id='word_1_128' title='bbox 1170 3345 1622 3419; x_wconf 78' lang='lat' dir='ltr'>Dalmaticum</span> <span class='ocrx_word' id='word_1_129' title='bbox 1676 3344 1804 3420; x_wconf 90' lang='lat' dir='ltr'>sub</span> <span class='ocrx_word' id='word_1_130' title='bbox 1858 3367 1988 3419; x_wconf 93' lang='lat' dir='ltr'>suo</span> <span class='ocrx_word' id='word_1_131' title='bbox 2041 3344 2339 3418; x_wconf 89' lang='lat' dir='ltr'>dominio</span> <span class='ocrx_word' id='word_1_132' title='bbox 2395 3343 2787 3440; x_wconf 73' lang='lat' dir='ltr'>subiugata,</span> <span class='ocrx_word' id='word_1_133' title='bbox 2855 3350 3049 3422; x_wconf 80' lang='lat' dir='ltr'>venit</span> <span class='ocrx_word' id='word_1_134' title='bbox 3100 3370 3254 3420; x_wconf 86' lang='lat' dir='ltr'>cum</span> <span class='ocrx_word' id='word_1_135' title='bbox 3308 3368 3435 3420; x_wconf 89' lang='lat' dir='ltr'>sno</span> <span class='ocrx_word' id='word_1_136' title='bbox 3488 3351 3810 3420; x_wconf 81' lang='lat' dir='ltr'>exercitu</span> 
     </span>
     <span class='ocr_line' id='line_1_19' title="bbox 496 3446 3816 3545; baseline 0 -23"><span class='ocrx_word' id='word_1_137' title='bbox 496 3472 716 3545; x_wconf 82' lang='lat' dir='ltr'>nsque</span> <span class='ocrx_word' id='word_1_138' title='bbox 768 3448 856 3522; x_wconf 89' lang='lat' dir='ltr'>ad</span> <span class='ocrx_word' id='word_1_139' title='bbox 908 3446 1163 3523; x_wconf 89' lang='lat' dir='ltr'>flumen</span> <span class='ocrx_word' id='word_1_140' title='bbox 1213 3449 1466 3522; x_wconf 87' lang='lat' dir='ltr'>Draue.</span> <span class='ocrx_word' id='word_1_141' title='bbox 1524 3447 1905 3524; x_wconf 88' lang='lat' dir='ltr'>Chrouates</span> <span class='ocrx_word' id='word_1_142' title='bbox 1957 3470 2133 3523; x_wconf 83' lang='lat' dir='ltr'>vero</span> <span class='ocrx_word' id='word_1_143' title='bbox 2196 3448 2551 3524; x_wconf 82' lang='lat' dir='ltr'>audientes</span> <span class='ocrx_word' id='word_1_144' title='bbox 2605 3447 2692 3522; x_wconf 91' lang='lat' dir='ltr'>de</span> <span class='ocrx_word' id='word_1_145' title='bbox 2748 3448 3049 3523; x_wconf 83' lang='lat' dir='ltr'>adventu</span> <span class='ocrx_word' id='word_1_146' title='bbox 3098 3449 3346 3545; x_wconf 78' lang='lat' dir='ltr'>Regis,</span> <span class='ocrx_word' id='word_1_147' title='bbox 3398 3472 3816 3545; x_wconf 87' lang='lat' dir='ltr'>congrega-</span> 
     </span>
     <span class='ocr_line' id='line_1_20' title="bbox 495 3552 3812 3651; baseline -0 -24"><span class='ocrx_word' id='word_1_148' title='bbox 495 3564 745 3627; x_wconf 85' lang='lat' dir='ltr'>verunt</span> <span class='ocrx_word' id='word_1_149' title='bbox 815 3557 1192 3627; x_wconf 83' lang='lat' dir='ltr'>exercitum</span> <span class='ocrx_word' id='word_1_150' title='bbox 1264 3575 1459 3627; x_wconf 89' lang='lat' dir='ltr'>suum</span> <span class='ocrx_word' id='word_1_151' title='bbox 1529 3561 1599 3625; x_wconf 90' lang='lat' dir='ltr'>et</span> <span class='ocrx_word' id='word_1_152' title='bbox 1661 3562 2199 3651; x_wconf 83' lang='lat' dir='ltr'>preparaverunt</span> <span class='ocrx_word' id='word_1_153' title='bbox 2269 3574 2350 3627; x_wconf 90' lang='lat' dir='ltr'>se</span> <span class='ocrx_word' id='word_1_154' title='bbox 2404 3552 2491 3624; x_wconf 92' lang='lat' dir='ltr'>ad</span> <span class='ocrx_word' id='word_1_155' title='bbox 2542 3553 2998 3648; x_wconf 85' lang='lat' dir='ltr'>pugnandum.</span> <span class='ocrx_word' id='word_1_156' title='bbox 3100 3553 3261 3627; x_wconf 83' lang='lat' dir='ltr'>Rex</span> <span class='ocrx_word' id='word_1_157' title='bbox 3328 3576 3502 3628; x_wconf 83' lang='lat' dir='ltr'>vero</span> <span class='ocrx_word' id='word_1_158' title='bbox 3574 3553 3812 3626; x_wconf 79' lang='lat' dir='ltr'>audita</span> 
     </span>
     <span class='ocr_line' id='line_1_21' title="bbox 496 3655 3812 3754; baseline 0 -24"><span class='ocrx_word' id='word_1_159' title='bbox 496 3660 1036 3752; x_wconf 84' lang='lat' dir='ltr'>congregatione</span> <span class='ocrx_word' id='word_1_160' title='bbox 1087 3660 1391 3754; x_wconf 88' lang='lat' dir='ltr'>ipsorum</span> <span class='ocrx_word' id='word_1_161' title='bbox 1444 3659 1624 3730; x_wconf 85' lang='lat' dir='ltr'>misit</span> <span class='ocrx_word' id='word_1_162' title='bbox 1676 3678 1842 3732; x_wconf 87' lang='lat' dir='ltr'>suos</span> <span class='ocrx_word' id='word_1_163' title='bbox 1878 3661 2192 3747; x_wconf 73' lang='lat' dir='ltr'>nuncios,</span> <span class='ocrx_word' id='word_1_164' title='bbox 2239 3655 2487 3731; x_wconf 84' lang='lat' dir='ltr'>volens</span> <span class='ocrx_word' id='word_1_165' title='bbox 2531 3659 2722 3754; x_wconf 89' lang='lat' dir='ltr'>ipsos</span> <span class='ocrx_word' id='word_1_166' title='bbox 2774 3660 3079 3751; x_wconf 87' lang='lat' dir='ltr'>gratiose</span> <span class='ocrx_word' id='word_1_167' title='bbox 3131 3668 3427 3731; x_wconf 86' lang='lat' dir='ltr'>tractare</span> <span class='ocrx_word' id='word_1_168' title='bbox 3480 3668 3551 3732; x_wconf 90' lang='lat' dir='ltr'>et</span> <span class='ocrx_word' id='word_1_169' title='bbox 3600 3669 3812 3753; x_wconf 78' lang='lat' dir='ltr'>pacta</span> 
     </span>
     <span class='ocr_line' id='line_1_22' title="bbox 496 3757 3814 3855; baseline 0.001 -21"><span class='ocrx_word' id='word_1_170' title='bbox 496 3782 653 3834; x_wconf 89' lang='lat' dir='ltr'>cum</span> <span class='ocrx_word' id='word_1_171' title='bbox 704 3760 967 3835; x_wconf 88' lang='lat' dir='ltr'>eisdem</span> <span class='ocrx_word' id='word_1_172' title='bbox 1003 3764 1098 3833; x_wconf 90' lang='lat' dir='ltr'>uti</span> <span class='ocrx_word' id='word_1_173' title='bbox 1132 3762 1499 3835; x_wconf 82' lang='lat' dir='ltr'>voluerunt</span> <span class='ocrx_word' id='word_1_174' title='bbox 1535 3758 1873 3833; x_wconf 86' lang='lat' dir='ltr'>ordinare.</span> <span class='ocrx_word' id='word_1_175' title='bbox 1930 3757 2311 3834; x_wconf 88' lang='lat' dir='ltr'>Chrouates</span> <span class='ocrx_word' id='word_1_176' title='bbox 2362 3782 2539 3834; x_wconf 83' lang='lat' dir='ltr'>vero</span> <span class='ocrx_word' id='word_1_177' title='bbox 2589 3759 2814 3833; x_wconf 85' lang='lat' dir='ltr'>audita</span> <span class='ocrx_word' id='word_1_178' title='bbox 2866 3762 3215 3855; x_wconf 80' lang='lat' dir='ltr'>legatione</span> <span class='ocrx_word' id='word_1_179' title='bbox 3268 3760 3521 3834; x_wconf 89' lang='lat' dir='ltr'>domini</span> <span class='ocrx_word' id='word_1_180' title='bbox 3555 3760 3814 3855; x_wconf 75' lang='lat' dir='ltr'>Regis,</span> 
     </span>
     <span class='ocr_line' id='line_1_23' title="bbox 494 3863 3812 3961; baseline 0 -22"><span class='ocrx_word' id='word_1_181' title='bbox 494 3868 661 3939; x_wconf 91' lang='lat' dir='ltr'>inito</span> <span class='ocrx_word' id='word_1_182' title='bbox 716 3866 1033 3952; x_wconf 71' lang='lat' dir='ltr'>consilio,</span> <span class='ocrx_word' id='word_1_183' title='bbox 1104 3885 1345 3938; x_wconf 90' lang='lat' dir='ltr'>omnes</span> <span class='ocrx_word' id='word_1_184' title='bbox 1408 3864 1675 3936; x_wconf 87' lang='lat' dir='ltr'>insimul</span> <span class='ocrx_word' id='word_1_185' title='bbox 1747 3874 2282 3960; x_wconf 80' lang='lat' dir='ltr'>acceptaverunt</span> <span class='ocrx_word' id='word_1_186' title='bbox 2332 3874 2403 3937; x_wconf 90' lang='lat' dir='ltr'>et</span> <span class='ocrx_word' id='word_1_187' title='bbox 2455 3867 2783 3938; x_wconf 89' lang='lat' dir='ltr'>miserunt</span> <span class='ocrx_word' id='word_1_188' title='bbox 2828 3864 2957 3937; x_wconf 89' lang='lat' dir='ltr'>XII</span> <span class='ocrx_word' id='word_1_189' title='bbox 3007 3863 3291 3939; x_wconf 88' lang='lat' dir='ltr'>Nobiles</span> <span class='ocrx_word' id='word_1_190' title='bbox 3345 3869 3812 3961; x_wconf 82' lang='lat' dir='ltr'>sapientiores</span> 
     </span>
     <span class='ocr_line' id='line_1_24' title="bbox 496 3965 3813 4063; baseline 0 -22"><span class='ocrx_word' id='word_1_191' title='bbox 496 3969 584 4041; x_wconf 92' lang='lat' dir='ltr'>de</span> <span class='ocrx_word' id='word_1_192' title='bbox 637 3968 766 4041; x_wconf 89' lang='lat' dir='ltr'>XII</span> <span class='ocrx_word' id='word_1_193' title='bbox 816 3967 1118 4042; x_wconf 87' lang='lat' dir='ltr'>tribubus</span> <span class='ocrx_word' id='word_1_194' title='bbox 1183 3965 1574 4058; x_wconf 87' lang='lat' dir='ltr'>Chrouatie.,</span> <span class='ocrx_word' id='word_1_195' title='bbox 1626 3966 1990 4042; x_wconf 82' lang='lat' dir='ltr'>videlicet:</span> <span class='ocrx_word' id='word_1_196' title='bbox 2074 3965 2406 4041; x_wconf 83' lang='lat' dir='ltr'>Comitem</span> <span class='ocrx_word' id='word_1_197' title='bbox 2460 3967 2689 4042; x_wconf 87' lang='lat' dir='ltr'>Guran</span> <span class='ocrx_word' id='word_1_198' title='bbox 2744 3968 3033 4062; x_wconf 84' lang='lat' dir='ltr'>(Juran)</span> <span class='ocrx_word' id='word_1_199' title='bbox 3087 3969 3176 4041; x_wconf 91' lang='lat' dir='ltr'>de</span> <span class='ocrx_word' id='word_1_200' title='bbox 3225 3991 3490 4063; x_wconf 83' lang='lat' dir='ltr'>genere</span> <span class='ocrx_word' id='word_1_201' title='bbox 3543 3966 3813 4042; x_wconf 84' lang='lat' dir='ltr'>Chaci-</span> 
     </span>
     <span class='ocr_line' id='line_1_25' title="bbox 489 4069 3814 4166; baseline 0.001 -22"><span class='ocrx_word' id='word_1_202' title='bbox 489 4073 762 4146; x_wconf 88' lang='lat' dir='ltr'>thorum</span> <span class='ocrx_word' id='word_1_203' title='bbox 835 4072 1163 4165; x_wconf 64' lang='lat' dir='ltr'>(isacio),</span> <span class='ocrx_word' id='word_1_204' title='bbox 1233 4069 1562 4144; x_wconf 84' lang='lat' dir='ltr'>Comitem</span> <span class='ocrx_word' id='word_1_205' title='bbox 1627 4071 2050 4166; x_wconf 87' lang='lat' dir='ltr'>Hungrinum</span> <span class='ocrx_word' id='word_1_206' title='bbox 2120 4072 2205 4145; x_wconf 89' lang='lat' dir='ltr'>de</span> <span class='ocrx_word' id='word_1_207' title='bbox 2326 4093 2536 4145; x_wconf 91' lang='lat' dir='ltr'>enere</span> <span class='ocrx_word' id='word_1_208' title='bbox 2608 4069 3165 4145; x_wconf 86' lang='lat' dir='ltr'>Chucchacorum</span> <span class='ocrx_word' id='word_1_209' title='bbox 3238 4071 3575 4165; x_wconf 53' lang='grc' dir='ltr'>(Κώεω-λ</span> <span class='ocrx_word' id='word_1_210' title='bbox 3649 4071 3814 4145; x_wconf 86' lang='lat' dir='ltr'>Co-</span> 
     </span>
     <span class='ocr_line' id='line_1_26' title="bbox 493 4095 3814 4271; baseline 0 -22"><span class='ocrx_word' id='word_1_211' title='bbox 493 4179 725 4250; x_wconf 91' lang='lat' dir='ltr'>mitem</span> <span class='ocrx_word' id='word_1_212' title='bbox 776 4175 1247 4271; x_wconf 80' lang='lat' dir='ltr'>Marmognum</span> <span class='ocrx_word' id='word_1_213' title='bbox 1303 4175 1391 4248; x_wconf 92' lang='lat' dir='ltr'>de</span> <span class='ocrx_word' id='word_1_214' title='bbox 1455 4198 1714 4269; x_wconf 89' lang='lat' dir='ltr'>genere</span> <span class='ocrx_word' id='word_1_215' title='bbox 1770 4174 2200 4250; x_wconf 89' lang='lat' dir='ltr'>Subithorum</span> <span class='ocrx_word' id='word_1_216' title='bbox 2259 4095 2577 4269; x_wconf 45' lang='lat' dir='ltr'>(efflue),</span> <span class='ocrx_word' id='word_1_217' title='bbox 2632 4173 2962 4249; x_wconf 84' lang='lat' dir='ltr'>Comitem</span> <span class='ocrx_word' id='word_1_218' title='bbox 3016 4175 3465 4252; x_wconf 86' lang='lat' dir='ltr'>Pribislavum</span> <span class='ocrx_word' id='word_1_219' title='bbox 3520 4176 3607 4249; x_wconf 88' lang='lat' dir='ltr'>de</span> <span class='ocrx_word' id='word_1_220' title='bbox 3661 4199 3814 4270; x_wconf 90' lang='lat' dir='ltr'>ge-</span> 
     </span>
     <span class='ocr_line' id='line_1_27' title="bbox 492 4260 3812 4379; baseline 0 -26"><span class='ocrx_word' id='word_1_221' title='bbox 492 4302 664 4353; x_wconf 89' lang='lat' dir='ltr'>nere</span> <span class='ocrx_word' id='word_1_222' title='bbox 747 4279 1261 4379; x_wconf 75' lang='lat' dir='ltr'>Cudomirorum</span> <span class='ocrx_word' id='word_1_223' title='bbox 1344 4260 1812 4372; x_wconf 74' lang='lat' dir='ltr'>(Cudomiric)</span> <span class='ocrx_word' id='word_1_224' title='bbox 1834 4334 1859 4372; x_wconf 79' lang='lat'>‚</span> <span class='ocrx_word' id='word_1_225' title='bbox 1961 4279 2295 4354; x_wconf 89' lang='lat' dir='ltr'>Comitem</span> <span class='ocrx_word' id='word_1_226' title='bbox 2376 4280 2745 4373; x_wconf 86' lang='lat' dir='ltr'>Georgium</span> <span class='ocrx_word' id='word_1_227' title='bbox 2825 4280 2913 4353; x_wconf 88' lang='lat' dir='ltr'>de</span> <span class='ocrx_word' id='word_1_228' title='bbox 2992 4302 3254 4374; x_wconf 89' lang='lat' dir='ltr'>genere</span> <span class='ocrx_word' id='word_1_229' title='bbox 3342 4281 3812 4355; x_wconf 86' lang='lat' dir='ltr'>Suacittorum</span> 
     </span>
     <span class='ocr_line' id='line_1_28' title="bbox 494 4382 3812 4477; baseline 0 -21"><span class='ocrx_word' id='word_1_230' title='bbox 494 4383 862 4477; x_wconf 58' lang='lat' dir='ltr'>(stractio),</span> <span class='ocrx_word' id='word_1_231' title='bbox 935 4382 1266 4458; x_wconf 88' lang='lat' dir='ltr'>Comitem</span> <span class='ocrx_word' id='word_1_232' title='bbox 1320 4383 1593 4456; x_wconf 87' lang='lat' dir='ltr'>Petrum</span> <span class='ocrx_word' id='word_1_233' title='bbox 1663 4382 1750 4457; x_wconf 90' lang='lat' dir='ltr'>de</span> <span class='ocrx_word' id='word_1_234' title='bbox 1803 4406 2066 4477; x_wconf 88' lang='lat' dir='ltr'>genere</span> <span class='ocrx_word' id='word_1_235' title='bbox 2133 4384 2533 4458; x_wconf 67' lang='lat' dir='ltr'>Mun-iturum</span> <span class='ocrx_word' id='word_1_236' title='bbox 2587 4383 2914 4477; x_wconf 73' lang='lat' dir='ltr'>(Murio),</span> <span class='ocrx_word' id='word_1_237' title='bbox 2986 4382 3321 4460; x_wconf 81' lang='lat' dir='ltr'>Comitem</span> <span class='ocrx_word' id='word_1_238' title='bbox 3371 4384 3655 4459; x_wconf 84' lang='lat' dir='ltr'>Paulum</span> <span class='ocrx_word' id='word_1_239' title='bbox 3708 4384 3812 4458; x_wconf 90' lang='lat' dir='ltr'>de</span> 
     </span>
     <span class='ocr_line' id='line_1_29' title="bbox 490 4484 3818 4582; baseline 0.001 -23"><span class='ocrx_word' id='word_1_240' title='bbox 490 4508 752 4579; x_wconf 90' lang='lat' dir='ltr'>genere</span> <span class='ocrx_word' id='word_1_241' title='bbox 826 4486 1280 4563; x_wconf 85' lang='lat' dir='ltr'>Gusichorum</span> <span class='ocrx_word' id='word_1_242' title='bbox 1349 4487 1670 4579; x_wconf 73' lang='lat' dir='ltr'>(Gusic)‚</span> <span class='ocrx_word' id='word_1_243' title='bbox 1743 4484 2078 4560; x_wconf 90' lang='lat' dir='ltr'>Comitem</span> <span class='ocrx_word' id='word_1_244' title='bbox 2146 4486 2507 4562; x_wconf 64' lang='lat' dir='ltr'>martinum</span> <span class='ocrx_word' id='word_1_245' title='bbox 2579 4487 2667 4561; x_wconf 87' lang='lat' dir='ltr'>de</span> <span class='ocrx_word' id='word_1_246' title='bbox 2735 4510 2998 4582; x_wconf 85' lang='lat' dir='ltr'>genere</span> <span class='ocrx_word' id='word_1_247' title='bbox 3064 4485 3535 4565; x_wconf 84' lang='lat' dir='ltr'>Carinensium</span> <span class='ocrx_word' id='word_1_248' title='bbox 3588 4499 3661 4562; x_wconf 92' lang='lat' dir='ltr'>et</span> <span class='ocrx_word' id='word_1_249' title='bbox 3710 4488 3818 4561; x_wconf 82' lang='lat' dir='ltr'>de</span> 
     </span>
     <span class='ocr_line' id='line_1_30' title="bbox 492 4588 3816 4689; baseline 0.001 -26"><span class='ocrx_word' id='word_1_250' title='bbox 492 4611 755 4682; x_wconf 89' lang='lat' dir='ltr'>genere</span> <span class='ocrx_word' id='word_1_251' title='bbox 824 4591 1295 4689; x_wconf 71' lang='lat' dir='ltr'>Lapcanorum</span> <span class='ocrx_word' id='word_1_252' title='bbox 1366 4591 1495 4683; x_wconf 86' lang='lat' dir='ltr'>(de</span> <span class='ocrx_word' id='word_1_253' title='bbox 1545 4591 1799 4663; x_wconf 86' lang='lat' dir='ltr'>Karina</span> <span class='ocrx_word' id='word_1_254' title='bbox 1853 4599 1923 4663; x_wconf 88' lang='lat' dir='ltr'>et</span> <span class='ocrx_word' id='word_1_255' title='bbox 1974 4589 2064 4663; x_wconf 92' lang='lat' dir='ltr'>de</span> <span class='ocrx_word' id='word_1_256' title='bbox 2113 4589 2410 4687; x_wconf 77' lang='lat' dir='ltr'>Lapac),</span> <span class='ocrx_word' id='word_1_257' title='bbox 2483 4588 2815 4665; x_wconf 84' lang='lat' dir='ltr'>Comitem</span> <span class='ocrx_word' id='word_1_258' title='bbox 2883 4590 3332 4667; x_wconf 79' lang='lat' dir='ltr'>Pribislavum</span> <span class='ocrx_word' id='word_1_259' title='bbox 3396 4592 3486 4667; x_wconf 91' lang='lat' dir='ltr'>de</span> <span class='ocrx_word' id='word_1_260' title='bbox 3535 4613 3816 4686; x_wconf 87' lang='lat' dir='ltr'>genere</span> 
     </span>
     <span class='ocr_line' id='line_1_31' title="bbox 488 4691 3818 4793; baseline 0.002 -28"><span class='ocrx_word' id='word_1_261' title='bbox 488 4692 953 4768; x_wconf 83' lang='lat' dir='ltr'>Politchorum</span> <span class='ocrx_word' id='word_1_262' title='bbox 1025 4696 1154 4788; x_wconf 87' lang='lat' dir='ltr'>(de</span> <span class='ocrx_word' id='word_1_263' title='bbox 1206 4695 1467 4788; x_wconf 76' lang='lat' dir='ltr'>Poljica</span> <span class='ocrx_word' id='word_1_264' title='bbox 1483 4694 1590 4786; x_wconf 70' lang='lat'>?)‚</span> <span class='ocrx_word' id='word_1_265' title='bbox 1663 4691 1995 4768; x_wconf 88' lang='lat' dir='ltr'>Comitem</span> <span class='ocrx_word' id='word_1_266' title='bbox 2066 4694 2457 4768; x_wconf 85' lang='lat' dir='ltr'>Hebradum</span> <span class='ocrx_word' id='word_1_267' title='bbox 2527 4695 2615 4769; x_wconf 91' lang='lat' dir='ltr'>de</span> <span class='ocrx_word' id='word_1_268' title='bbox 2685 4717 2949 4788; x_wconf 82' lang='lat' dir='ltr'>genere</span> <span class='ocrx_word' id='word_1_269' title='bbox 3014 4696 3507 4793; x_wconf 74' lang='lat' dir='ltr'>Lasnicitornm</span> <span class='ocrx_word' id='word_1_270' title='bbox 3573 4695 3818 4788; x_wconf 73' lang='lat' dir='ltr'>(Las-</span> 
     </span>
     <span class='ocr_line' id='line_1_32' title="bbox 492 4796 3806 4893; baseline 0.001 -22"><span class='ocrx_word' id='word_1_271' title='bbox 492 4799 741 4890; x_wconf 73' lang='lat' dir='ltr'>nicio),</span> <span class='ocrx_word' id='word_1_272' title='bbox 797 4796 1131 4872; x_wconf 88' lang='lat' dir='ltr'>Comitem</span> <span class='ocrx_word' id='word_1_273' title='bbox 1180 4800 1516 4873; x_wconf 84' lang='lat' dir='ltr'>Joannem</span> <span class='ocrx_word' id='word_1_274' title='bbox 1573 4798 1660 4871; x_wconf 87' lang='lat' dir='ltr'>de</span> <span class='ocrx_word' id='word_1_275' title='bbox 1715 4820 1979 4892; x_wconf 88' lang='lat' dir='ltr'>genere</span> <span class='ocrx_word' id='word_1_276' title='bbox 2029 4798 2565 4873; x_wconf 84' lang='lat' dir='ltr'>Jamometorum</span> <span class='ocrx_word' id='word_1_277' title='bbox 2595 4800 3208 4893; x_wconf 60' lang='lat' dir='ltr'>(lamentatum),</span> <span class='ocrx_word' id='word_1_278' title='bbox 3264 4798 3598 4874; x_wconf 87' lang='lat' dir='ltr'>Comitem</span> <span class='ocrx_word' id='word_1_279' title='bbox 3649 4798 3806 4874; x_wconf 75' lang='lat' dir='ltr'>Mi-</span> 
     </span>
     <span class='ocr_line' id='line_1_33' title="bbox 493 4901 2360 4997; baseline 0 -21"><span class='ocrx_word' id='word_1_280' title='bbox 493 4923 785 4997; x_wconf 90' lang='lat' dir='ltr'>rognnm</span> <span class='ocrx_word' id='word_1_281' title='bbox 837 4901 925 4974; x_wconf 86' lang='lat' dir='ltr'>de</span> <span class='ocrx_word' id='word_1_282' title='bbox 978 4924 1243 4996; x_wconf 90' lang='lat' dir='ltr'>genere</span> <span class='ocrx_word' id='word_1_283' title='bbox 1291 4902 1814 4997; x_wconf 83' lang='lat' dir='ltr'>Tugomirorum</span> <span class='ocrx_word' id='word_1_284' title='bbox 1865 4902 2360 4996; x_wconf 80' lang='lat' dir='ltr'>(Tugomiric).</span> 
     </span>
    </p>

    <p class='ocr_par' dir='ltr' id='par_1_10' title="bbox 488 5022 3816 5538">
     <span class='ocr_line' id='line_1_34' title="bbox 805 5022 3816 5118; baseline 0.001 -22"><span class='ocrx_word' id='word_1_285' title='bbox 805 5022 938 5110; x_wconf 81' lang='lat' dir='ltr'>Qui</span> <span class='ocrx_word' id='word_1_286' title='bbox 985 5025 1349 5098; x_wconf 80' lang='lat' dir='ltr'>venientes</span> <span class='ocrx_word' id='word_1_287' title='bbox 1401 5023 1489 5097; x_wconf 89' lang='lat' dir='ltr'>ad</span> <span class='ocrx_word' id='word_1_288' title='bbox 1538 5023 1622 5097; x_wconf 90' lang='lat' dir='ltr'>D.</span> <span class='ocrx_word' id='word_1_289' title='bbox 1649 5023 1943 5118; x_wconf 79' lang='lat' dir='ltr'>Regem,</span> <span class='ocrx_word' id='word_1_290' title='bbox 1998 5027 2065 5096; x_wconf 89' lang='lat' dir='ltr'>ei</span> <span class='ocrx_word' id='word_1_291' title='bbox 2099 5023 2392 5099; x_wconf 88' lang='lat' dir='ltr'>debitam</span> <span class='ocrx_word' id='word_1_292' title='bbox 2443 5026 2902 5098; x_wconf 71' lang='lat' dir='ltr'>reuerenfiam</span> <span class='ocrx_word' id='word_1_293' title='bbox 2954 5022 3430 5117; x_wconf 76' lang='lat' dir='ltr'>exhibuerunt,</span> <span class='ocrx_word' id='word_1_294' title='bbox 3484 5024 3816 5098; x_wconf 78' lang='lat' dir='ltr'>dominns</span> 
     </span>
     <span class='ocr_line' id='line_1_35' title="bbox 492 5125 3810 5224; baseline 0.001 -25"><span class='ocrx_word' id='word_1_295' title='bbox 492 5149 668 5201; x_wconf 90' lang='lat' dir='ltr'>uero</span> <span class='ocrx_word' id='word_1_296' title='bbox 717 5126 879 5201; x_wconf 84' lang='lat' dir='ltr'>Rex</span> <span class='ocrx_word' id='word_1_297' title='bbox 929 5125 1017 5201; x_wconf 87' lang='lat' dir='ltr'>ad</span> <span class='ocrx_word' id='word_1_298' title='bbox 1068 5127 1378 5201; x_wconf 87' lang='lat' dir='ltr'>osculnm</span> <span class='ocrx_word' id='word_1_299' title='bbox 1445 5131 1637 5224; x_wconf 87' lang='lat' dir='ltr'>pacis</span> <span class='ocrx_word' id='word_1_300' title='bbox 1698 5149 1826 5204; x_wconf 91' lang='lat' dir='ltr'>eos</span> <span class='ocrx_word' id='word_1_301' title='bbox 1876 5130 2220 5224; x_wconf 88' lang='lat' dir='ltr'>recipiens</span> <span class='ocrx_word' id='word_1_302' title='bbox 2289 5138 2361 5202; x_wconf 89' lang='lat' dir='ltr'>et</span> <span class='ocrx_word' id='word_1_303' title='bbox 2426 5127 2804 5203; x_wconf 78' lang='lat' dir='ltr'>honorifice</span> <span class='ocrx_word' id='word_1_304' title='bbox 2875 5150 3003 5203; x_wconf 87' lang='lat' dir='ltr'>eos</span> <span class='ocrx_word' id='word_1_305' title='bbox 3070 5138 3399 5220; x_wconf 79' lang='lat' dir='ltr'>tractans,</span> <span class='ocrx_word' id='word_1_306' title='bbox 3453 5128 3542 5202; x_wconf 82' lang='lat' dir='ltr'>ad</span> <span class='ocrx_word' id='word_1_307' title='bbox 3587 5128 3810 5202; x_wconf 83' lang='lat' dir='ltr'>talem</span> 
     </span>
     <span class='ocr_line' id='line_1_36' title="bbox 493 5230 3802 5328; baseline 0.001 -23"><span class='ocrx_word' id='word_1_308' title='bbox 493 5230 937 5306; x_wconf 83' lang='lat' dir='ltr'>concordiam</span> <span class='ocrx_word' id='word_1_309' title='bbox 1006 5230 1468 5306; x_wconf 80' lang='lat' dir='ltr'>deuouernnt:</span> <span class='ocrx_word' id='word_1_310' title='bbox 1541 5232 1724 5328; x_wconf 85' lang='lat' dir='ltr'>quod</span> <span class='ocrx_word' id='word_1_311' title='bbox 1793 5253 2038 5307; x_wconf 84' lang='lat' dir='ltr'>omnes</span> <span class='ocrx_word' id='word_1_312' title='bbox 2108 5232 2393 5328; x_wconf 89' lang='lat' dir='ltr'>predicti</span> <span class='ocrx_word' id='word_1_313' title='bbox 2453 5243 2730 5308; x_wconf 87' lang='lat' dir='ltr'>teneant</span> <span class='ocrx_word' id='word_1_314' title='bbox 2797 5253 2995 5306; x_wconf 87' lang='lat' dir='ltr'>sunm</span> <span class='ocrx_word' id='word_1_315' title='bbox 3044 5231 3362 5328; x_wconf 80' lang='lat' dir='ltr'>pacifice,</span> <span class='ocrx_word' id='word_1_316' title='bbox 3416 5242 3490 5307; x_wconf 87' lang='lat' dir='ltr'>et</span> <span class='ocrx_word' id='word_1_317' title='bbox 3538 5235 3802 5328; x_wconf 75' lang='lat' dir='ltr'>quiete,</span> 
     </span>
     <span class='ocr_line' id='line_1_37' title="bbox 494 5335 3814 5433; baseline 0.001 -25"><span class='ocrx_word' id='word_1_318' title='bbox 494 5344 569 5408; x_wconf 92' lang='lat' dir='ltr'>et</span> <span class='ocrx_word' id='word_1_319' title='bbox 626 5336 809 5432; x_wconf 84' lang='lat' dir='ltr'>quod</span> <span class='ocrx_word' id='word_1_320' title='bbox 877 5357 1016 5411; x_wconf 93' lang='lat' dir='ltr'>non</span> <span class='ocrx_word' id='word_1_321' title='bbox 1082 5345 1444 5410; x_wconf 83' lang='lat' dir='ltr'>teneantur</span> <span class='ocrx_word' id='word_1_322' title='bbox 1506 5335 1726 5432; x_wconf 88' lang='lat' dir='ltr'>aliqua</span> <span class='ocrx_word' id='word_1_323' title='bbox 1794 5336 2293 5433; x_wconf 86' lang='lat' dir='ltr'>praedictarum</span> <span class='ocrx_word' id='word_1_324' title='bbox 2361 5340 2904 5431; x_wconf 71' lang='lat' dir='ltr'>generationum,</span> <span class='ocrx_word' id='word_1_325' title='bbox 2973 5358 3109 5410; x_wconf 86' lang='lat' dir='ltr'>nec</span> <span class='ocrx_word' id='word_1_326' title='bbox 3179 5358 3420 5411; x_wconf 85' lang='lat' dir='ltr'>eorum</span> <span class='ocrx_word' id='word_1_327' title='bbox 3484 5335 3814 5412; x_wconf 78' lang='lat' dir='ltr'>homines</span> 
     </span>
     <span class='ocr_line' id='line_1_38' title="bbox 488 5437 3812 5538; baseline 0 -26"><span class='ocrx_word' id='word_1_328' title='bbox 488 5437 716 5535; x_wconf 82' lang='lat' dir='ltr'>Regie</span> <span class='ocrx_word' id='word_1_329' title='bbox 782 5444 1119 5516; x_wconf 80' lang='lat' dir='ltr'>maiestati</span> <span class='ocrx_word' id='word_1_330' title='bbox 1180 5441 1461 5518; x_wconf 83' lang='lat' dir='ltr'>solvere</span> <span class='ocrx_word' id='word_1_331' title='bbox 1529 5461 1848 5532; x_wconf 66' lang='lat' dir='ltr'>censum,</span> <span class='ocrx_word' id='word_1_332' title='bbox 1918 5443 2053 5515; x_wconf 83' lang='lat' dir='ltr'>nisi</span> <span class='ocrx_word' id='word_1_333' title='bbox 2116 5450 2376 5514; x_wconf 81' lang='lat' dir='ltr'>tantum</span> <span class='ocrx_word' id='word_1_334' title='bbox 2443 5449 2802 5516; x_wconf 82' lang='lat' dir='ltr'>teneantur</span> <span class='ocrx_word' id='word_1_335' title='bbox 2871 5440 2936 5516; x_wconf 84' lang='lat' dir='ltr'>d.</span> <span class='ocrx_word' id='word_1_336' title='bbox 2988 5444 3178 5538; x_wconf 74' lang='lat' dir='ltr'>regi,</span> <span class='ocrx_word' id='word_1_337' title='bbox 3253 5437 3524 5538; x_wconf 78' lang='lat' dir='ltr'>quando</span> <span class='ocrx_word' id='word_1_338' title='bbox 3593 5440 3812 5538; x_wconf 76' lang='lat' dir='ltr'>aliqui</span> 
     </span>
    </p>
   </div>
  </div>
 </body>
</html>
