3950 5917
501 419 657 496 218

500 628 808 729 prefatus
887 627 1222 700 Dominus
1277 637 1516 698 noster
1565 625 1724 698 Rex
1779 627 1865 698 ad
1921 626 2254 698 dictorum
2340 630 2820 708 vniuersorum
2904 623 3241 697 Nobilium
3318 624 3536 719 Regni
3608 628 3792 699 Scla-

501 737 712 807 uonie
765 731 1372 828 supplicacionem,
1445 739 1811 825 propterea
1867 728 2011 801 Sue
2065 728 2406 801 Maiestati
2460 738 2876 823 porrectam,
2949 728 3212 801 eisdem
3265 731 3644 825 prescriptis
3692 734 3791 802 in-

505 839 701 910 iustis
740 845 808 910 et
847 832 1207 931 superfluis
1262 831 1526 905 tributis
1580 837 1883 924 graciam
1938 831 2210 920 fecerit„
2267 843 2336 904 et
2380 835 2447 904 in
2494 832 2804 927 deposita
2863 854 3027 904 esse
3079 835 3464 926 promiserit
3516 855 3593 903 ea
3637 855 3793 904 con-

509 941 808 1028 dicione,
889 949 967 1009 vt
1018 941 1165 1034 ipsa
1219 934 1462 1008 tributa
1519 935 1767 1008 amodo
1824 945 1895 1008 et
1947 938 2016 1008 in
2072 946 2272 1008 antea
2327 938 2397 1007 in
2450 935 2811 1029 dampnum
2869 944 2938 1007 et
2990 938 3301 1007 iniuriam
3363 958 3793 1030 quorumcun-

509 1067 644 1140 que
695 1052 838 1116 tam
889 1051 1376 1128 mercatorum,
1430 1061 1632 1135 quam
1685 1049 2082 1135 questurum
2138 1048 2210 1111 et
2262 1050 2650 1112 ceterorum
2723 1040 3023 1110 cuiusuis
3077 1047 3292 1112 status
3347 1047 3416 1110 et
3467 1038 3795 1111 condicio-

506 1153 617 1223 nis
652 1146 1002 1220 bominum
1051 1165 1195 1218 non
1228 1141 1418 1230 fiant,
1474 1142 1602 1218 sed
1653 1165 1892 1216 eorum
1947 1164 2400 1237 possessores
2447 1153 2518 1214 et
2553 1139 2918 1231 officiales,
2974 1151 3176 1236 atque
3226 1145 3795 1214 amministratores

509 1261 584 1321 vt
638 1249 997 1339 tributarii,
1061 1249 1258 1323 iustis
1312 1247 1668 1336 duntaxat,
1738 1250 2087 1342 rectisque
2150 1255 2221 1318 et
2275 1244 2839 1318 conuenientibus
2911 1243 3388 1318 exactionibus
3456 1248 3550 1318 vti
3600 1255 3665 1317 et
3710 1248 3797 1316 eis

509 1354 814 1427 contenti
867 1373 1032 1426 esse
1085 1350 1409 1439 debeant,
1463 1349 1646 1423 idem
1696 1349 2033 1424 Dominus
2105 1359 2344 1422 noster
2394 1348 2555 1421 Rex
2605 1347 2807 1421 nobis
2860 1347 3119 1422 firmius
3173 1346 3456 1420 dederat
3507 1351 3568 1419 in
3618 1370 3796 1419 man-

510 1459 698 1546 dato,
750 1465 829 1530 vt
862 1458 1270 1529 exactiones
1323 1453 1708 1526 huiusmodi
1758 1451 2162 1525 tributorum
2197 1474 2323 1526 seu
2359 1452 2846 1524 Theloniorum
2901 1474 3458 1548 quorumcunque
3495 1450 3795 1523 Nobilium

513 1571 583 1632 et
634 1562 1309 1655 possessionatorum
1379 1557 1723 1630 hominum
1793 1556 1991 1629 buius
2061 1554 2285 1649 Regni
2358 1565 2429 1627 et
2491 1559 2561 1628 in
2615 1553 2966 1650 quibusuis
3040 1553 3481 1627 Comitatibus
3534 1564 3599 1625 et
3645 1556 3794 1625 locis

512 1667 582 1737 in
636 1664 775 1735 hoc
824 1662 1073 1748 Regno
1155 1660 1526 1733 Sclauonie
1604 1663 2085 1744 existencium„
2160 1669 2230 1730 et
2300 1661 2489 1752 exigi
2545 1660 2925 1746 solitorum,
2980 1662 3047 1730 in
3106 1661 3370 1730 octauis
3442 1657 3595 1729 festi
3641 1655 3798 1727 beati

517 1765 801 1859 Georgii
879 1763 1202 1861 Martyris
1283 1785 1576 1835 vnacum
1656 1762 1882 1857 Regni
1961 1759 2315 1833 Nobilibus
2397 1761 2635 1833 ordine
2709 1760 2937 1833 debito
3010 1761 3298 1833 limitare
3354 1771 3423 1833 et
3468 1759 3796 1847 ‘moderare

517 1870 949 1956 deberemus.
1027 1868 1204 1963 Ipsis
1258 1870 1486 1962 itaque
1542 1868 1804 1939 octauis
1854 1864 2363 1953 occurentibus,
2415 1886 2547 1937 nos
2599 1887 2737 1936 vna
2794 1887 2945 1936 cnm
3001 1868 3446 1937 vniuersitate
3498 1863 3799 1935 Nobilium

515 1975 850 2046 dictorum
926 1969 1376 2043 Comitatuum
1441 1972 1653 2066 ipsius
1708 1968 1936 2062 Regni
1989 1969 2361 2042 Solanonie
2415 1971 2484 2040 in
2538 1968 3012 2041 exactionibus
3067 1978 3138 2039 et
3189 1966 3640 2040 solucionibus
3686 1968 3798 2035 tri-

514 2075 828 2150 butorum
885 2098 1010 2147 seu
1061 2074 1516 2146 theloniorum
1588 2094 2173 2167 quorumcunque,
2228 2071 2316 2143 de
2366 2072 2683 2144 mandato
2758 2081 2825 2142 et
2894 2071 3246 2144 voluntate
3316 2069 3615 2142 eiusdem
3663 2068 3797 2139 Do-

517 2183 681 2252 mini
731 2181 952 2251 nostri
989 2177 1206 2269 Regis
1259 2177 1725 2248 limitationem
1780 2174 1956 2246 infra
1994 2174 2477 2247 declarandam
2530 2178 2792 2246 cunctis
2846 2173 3088 2247 futuris
3143 2177 3486 2269 perpetuis
3540 2192 3798 2244 succes-

520 2287 687 2358 siuis
725 2280 1143 2377 temporibus
1181 2280 1595 2368 duraturam,
1652 2277 2095 2351 Comitatibus
2133 2280 2527 2373 prescriptis
2565 2277 2883 2349 duximus
2927 2278 3407 2372 imponendam
3446 2286 3639 2370 atque
3671 2283 3799 2345 sta-

520 2385 842 2457 tuendam
898 2406 985 2456 eo
1033 2383 1282 2456 modo:
1337 2382 1567 2454 Primo
1619 2382 1946 2454 videlicet
1999 2381 2085 2452 de
2140 2381 2425 2473 singulis
2481 2380 2794 2452 curribus
2846 2380 3152 2452 balurum
3207 2381 3561 2475 ligatarum
3611 2377 3799 2450 flore-

519 2511 649 2562 nus
705 2510 883 2560 vnus
938 2491 1282 2581 exigatur,
1339 2490 1498 2557 item
1553 2484 1642 2557 de
1697 2507 1898 2556 curru
1953 2495 2241 2557 onerato
2295 2505 2448 2557 cum
2506 2487 2747 2579 pannis
2801 2505 2995 2556 more
3047 2483 3355 2557 balarum
3425 2505 3557 2555 non
3608 2481 3799 2575 ligatis

521 2594 823 2664 llorenus
878 2590 1169 2675 medius,
1217 2593 1381 2662 item
1435 2588 1523 2661 de
1575 2592 1818 2684 pannis
1873 2591 2163 2660 sericeis
2218 2597 2287 2659 et
2340 2587 2489 2659 aliis
2546 2592 2787 2681 pannis
2838 2591 3176 2683 preciosis
3222 2587 3502 2662 Italicis·
3557 2586 3799 2680 specie-

523 2694 679 2781 bus,
737 2696 922 2780 oleo„
1006 2691 1270 2766 ficubus
1325 2703 1396 2763 et
1448 2691 1600 2766 aliis
1654 2690 1860 2765 rebus
1927 2694 2277 2764 maritimis
2331 2691 2419 2763 de
2470 2690 2661 2762 Italia
2737 2690 3155 2774 deferendis,
3211 2714 3248 2761 a
3309 2688 3602 2784 quolibet
3646 2706 3801 2782 pon-

524 2800 692 2872 dere
731 2798 1083 2869 soluantur
1137 2795 1397 2868 denarii
1435 2804 1749 2890 quatuor„
1804 2794 2008 2866 iidem
2051 2793 2136 2865 de
2175 2797 2395 2888 pomis
2448 2794 2821 2865 naranchet
2874 2798 3382 2890 pamagranatis
3419 2792 3504 2864 de
3539 2789 3801 2887 pondere

523 2903 789 2974 denarii
842 2899 1003 2988 duo,
1057 2902 1216 2972 item
1270 2899 1356 2970 de
1412 2921 1613 2971 curru
1668 2908 1955 2970 onerato
2013 2896 2280 2970 cutibus
2331 2899 2561 2991 ligatis
2614 2896 2919 2970 florenus
2968 2898 3257 2984 medius„
3316 2902 3477 2970 item
3521 2897 3601 2968 de
3636 2913 3803 2965 curru

525 3013 814 3074 onerato
897 3001 1152 3074 salibus
1234 3001 1546 3097 lapideis,
1630 3005 1691 3074 si
1741 3001 1996 3074 fuerint
2048 3011 2344 3090 centum,
2426 3002 2544 3072 vel
2596 3002 2800 3088 vltra,
2856 3002 3117 3073 denarii
3200 3011 3489 3095 quatuor
3556 3008 3621 3070 et
3661 2997 3802 3089 lapis

519 3127 730 3189 vnus..
787 3114 856 3176 et
909 3109 967 3177 si
1021 3127 1159 3177 non
1212 3103 1466 3177 fuerint
1518 3105 1703 3179 sales
1760 3115 2060 3192 centum,
2115 3105 2377 3176 denarii
2432 3104 2760 3176 duntaxat
2838 3115 3152 3199 quatuor„
3232 3107 3399 3176 item
3452 3103 3535 3175 de
3587 3098 3805 3173 salibus

523 3212 879 3282 maritimis
933 3208 1019 3279 de
1074 3207 1376 3303 quolibet
1425 3205 1646 3282 curru*
1680 3219 1967 3281 onerato
2051 3209 2385 3281 medietas
2455 3212 2658 3281 Vnius
2731 3218 3019 3280 metreta
3091 3209 3448 3301 wlgariter
3497 3198 3808 3278 chotbertb

524 3334 849 3385 mensure
933 3314 1223 3385 ciuitatis
1295 3310 1552 3383 Montis
1604 3310 1976 3384 Grecensis
2050 3310 2139 3385 de
2190 3312 2433 3385 iisdem
2516 3312 2770 3384 salibus
2825 3322 2896 3383 et
2947 3312 3209 3384 denarii
3291 3321 3575 3408 quatuor
3644 3306 3807 3378 reci-

527 3419 818 3511 piantur„
874 3419 1036 3486 item
1091 3414 1179 3486 de
1229 3437 1432 3487 curru
1486 3426 1774 3487 onerato
1828 3413 2204 3487 velleribus
2264 3413 2527 3487 denarii
2580 3425 2893 3509 quatuor‚
2946 3418 3111 3487 item
3163 3416 3251 3487 de
3307 3436 3505 3487 curru
3556 3415 3806 3483 onerato
3866 3485 3873 3490 ,

527 3518 718 3591 ferro
773 3518 1032 3589 denarii
1088 3528 1401 3612 quatuor,
1455 3522 1618 3591 item
1669 3518 1758 3591 de
1813 3541 2015 3591 curru
2070 3528 2356 3590 onerato
2410 3517 2713 3613 piscibus
2767 3517 3159 3591 recentibus
3222 3517 3485 3590 denarii
3537 3521 3811 3609 quatuor⁹

526 3626 690 3694 item
744 3621 832 3693 de
886 3621 1110 3694 medio
1167 3643 1370 3694 curru
1422 3620 1724 3718 piscibus
1777 3631 2066 3695 onerato
2121 3621 2384 3693 denarii
2438 3621 2599 3709 dno,
2671 3625 2833 3693 item
2886 3621 2975 3694 de
3030 3643 3233 3694 curru
3288 3629 3570 3694 onerato
3620 3615 3809 3713 pisci-

525 3724 655 3797 bus
709 3726 914 3798 salsis
968 3725 1232 3797 denarii
1285 3748 1443 3815 solt,
1523 3729 1684 3797 item
1738 3725 1826 3797 de
1880 3747 2084 3797 curru
2138 3733 2424 3797 onerato
2501 3724 2803 3821 piscibus
2876 3729 3084 3799 siccis
3137 3725 3399 3798 denarii
3454 3745 3603 3807 sex,
3675 3721 3810 3789 item

527 3829 618 3901 de
671 3851 871 3900 curru
955 3838 1243 3901 onerato
1321 3831 1546 3900 tritico
1601 3839 1671 3900 et
1725 3829 1877 3900 aliis
1953 3826 2173 3902 bladis
2252 3828 2512 3900 denarii
2595 3839 2907 3923 quatuor,
2989 3832 3151 3901 item
3207 3829 3296 3902 de
3353 3827 3574 3900 medio
3640 3839 3810 3894 curru

527 3942 816 4004 onerato
896 3953 1048 4003 cum
1122 3931 1384 4005 eisdem
1437 3929 1655 4004 bladis
1710 3932 1971 4004 denarii
2027 3931 2188 4022 dno,
2259 3936 2421 4005 item
2479 3932 2566 4005 de
2620 3955 2821 4005 curru
2895 3943 3182 4005 onerato
3254 3936 3421 4004 vino
3494 3930 3603 4002 vel
3668 3944 3807 3997 cer-

525 4040 703 4107 nisia
740 4035 1004 4107 denarii
1039 4044 1352 4128 quatuor,
1405 4039 1566 4107 item
1604 4037 1692 4108 de
1729 4058 1930 4107 curru
1987 4046 2273 4108 onerato
2329 4036 2562 4108 laridis
2600 4046 2672 4109 et
2706 4039 2960 4109 arinuis
3015 4037 3275 4109 denarii
3323 4044 3627 4132 quatuor,
3675 4032 3807 4100 item

521 4140 617 4211 de
673 4160 876 4211 curru
931 4149 1217 4211 onerato
1273 4161 1434 4211 cera
1491 4140 1754 4211 denarii
1803 4149 2117 4234 quatuor,
2171 4144 2333 4211 item
2388 4139 2477 4211 de
2523 4161 2726 4212 curru
2780 4148 3067 4212 onerato
3122 4138 3410 4235 pellibus
3462 4132 3811 4235 pellificum,

527 4244 789 4315 denarii
845 4253 1156 4339 quatuor,
1238 4246 1400 4314 item
1452 4243 1540 4316 de
1594 4265 1796 4315 curru
1872 4253 2159 4316 onerato
2214 4241 2449 4317 subbis
2504 4253 2570 4315 et
2627 4244 2779 4315 aliis
2852 4243 3115 4338 pollicis
3196 4244 3457 4316 denarii
3538 4246 3809 4336 quatuor»

526 4350 690 4419 item
746 4346 834 4418 de
889 4368 1092 4418 curru
1146 4357 1433 4419 onerato
1488 4348 1629 4419 lino
1684 4346 1948 4419 denarii
2002 4357 2316 4442 quatuor„
2389 4351 2551 4419 item
2606 4347 2693 4419 de
2748 4370 2950 4419 curru
3023 4348 3157 4419 tela
3216 4357 3505 4420 onerato
3589 4333 3813 4414 denarii

529 4459 849 4544 quatuor„
880 4454 1041 4542 item
1078 4449 1167 4523 de
1204 4474 1407 4523 curru
1443 4473 1670 4547 panno
1709 4449 1866 4522 albo
1899 4451 2257 4542 wlgariter
2292 4450 2641 4522 Darowch
2697 4461 2986 4523 onerato
3033 4451 3294 4524 denarii
3334 4459 3641 4546 quatuor,
3678 4446 3812 4513 item

531 4553 620 4625 de
655 4576 858 4626 curru
896 4564 1184 4626 onerato
1240 4555 1441 4626 melle
1495 4554 1759 4626 denarii
1809 4562 2124 4647 quatuor,
2177 4558 2339 4626 item
2378 4553 2467 4626 de
2504 4576 2704 4626 curru
2752 4564 3037 4628 onerato
3094 4554 3322 4627 cordis
3360 4576 3485 4628 seu
3538 4542 3812 4624 seniculis

530 4656 792 4729 denarii
864 4667 1176 4752 quatuor,
1256 4662 1420 4728 item
1474 4657 1561 4729 de
1616 4678 1816 4728 curru
1890 4651 2180 4729 onerato
2235 4659 2392 4731 ollis
2443 4668 2515 4728 et
2568 4657 3082 4753 quibuscunque
3153 4660 3304 4731 aliis
3372 4653 3809 4748 linifigulorum

530 4762 834 4834 artificiis
888 4762 1153 4833 denarii
1205 4770 1520 4854 quatuor,
1573 4763 1735 4830 item
1799 4759 1886 4831 de
1942 4782 2144 4832 curru
2191 4784 2233 4833 e
2270 4760 2613 4834 mercibus
2669 4772 2971 4834 sutorum
3025 4772 3310 4835 onerato
3362 4760 3618 4833 denarii
3664 4772 3811 4849 qua·-

525 4874 707 4953 tnor,
763 4869 924 4936 item
971 4863 1058 4935 de
1096 4885 1294 4935 curru
1354 4863 1677 4934 maluasia
1717 4873 2007 4935 onerato
2062 4864 2320 4936 denarii
2369 4863 2758 4955 duodecim,
2812 4869 2973 4938 item
3013 4866 3101 4937 de
3138 4887 3275 4937 vno
3330 4886 3506 4959 equo
3563 4861 3811 4933 onerato

531 4971 620 5039 de
676 4966 883 5040 rebus
937 4970 1401 5061 cuiuscunque
1456 4970 1733 5059 generis
1815 4967 2077 5039 denarii
2130 4967 2291 5057 duo,
2373 4972 2532 5039 item
2590 4969 2677 5040 de
2730 4968 2909 5062 bigis
2967 4973 3267 5042 oneratis
3324 4966 3664 5062 quibusuis
3712 4978 3813 5027 re-

534 5071 663 5142 bus
736 5070 996 5143 denarii
1072 5070 1243 5160 duo,
1314 5074 1476 5142 item
1532 5071 1619 5143 de
1671 5093 1812 5144 vno
1893 5072 2076 5144 boue
2147 5072 2469 5143 denarius
2548 5095 2753 5162 Vnus,
2826 5077 2987 5144 item
3061 5072 3149 5145 de
3214 5076 3441 5168 porcis
3495 5078 3564 5141 et
3616 5060 3814 5137 vaccis

532 5175 856 5247 denarius
921 5174 1210 5262 medius„
1266 5177 1428 5246 item
1466 5175 1552 5247 de
1591 5180 1786 5269 equis
1842 5173 2215 5248 minoribus
2261 5175 2771 5248 non.babatatis
2826 5187 2897 5248 et
2940 5176 3224 5249 cabellis
3278 5175 3592 5247 denarius
3640 5183 3815 5244 vunan

529 5282 694 5350 item
750 5278 837 5350 de
893 5282 1086 5373 equis
1144 5279 1402 5351 sellatis
1459 5282 1722 5371 magnis
1801 5278 2063 5351 denarii
2116 5289 2431 5375 quatuor„
2513 5283 2671 5351 item
2728 5281 2816 5351 de
2869 5284 3164 5375 quinque
3214 5277 3453 5352 ouibus
3534 5270 3815 5348 denarius

536 5402 741 5472 Vnus,
795 5384 957 5454 item
997 5382 1083 5456 de
1121 5387 1374 5472 caseis,
1432 5387 1582 5456 ouis
1620 5393 1690 5455 et
1725 5384 1875 5454 aliis
1913 5382 2269 5471 similibus,
2319 5404 2449 5476 que
2491 5384 2811 5456 mulieres
2866 5385 3095 5457 solent
3148 5405 3351 5479 super
3406 5383 3619 5476 capita
3667 5390 3814 5468 por·-
