3950 5917
440 434 553 519 '56

440 664 651 726 unam
700 657 966 746 partem
1017 647 1218 720 unius
1256 631 1660 737 Comitatus,
1712 646 1834 719 vel
1885 644 2176 721 honoris
2226 632 2445 721 nostfl
2494 645 2703 744 Regii
2729 640 2809 721 'in
2842 635 3092 743 Regno
3145 638 3415 740 nostro,
3447 636 3511 721 'a
3549 656 3798 725 nom

734 773 778 825 e
849 760 1281 824 mererentur
1344 746 1657 822 obtinere
1726 748 2136 842 majestateg
2206 772 2364 823 uam
2420 754 2487 823 Φ
2537 755 2668 846 ipsi
2731 750 2939 840 Kres,
3017 750 3311 846 Kupissa
3363 756 3432 825 Φ
3480 750 3663 841 nuk,
3716 756 3798 827 ἰι

440 854 838 948 hujusmodi
906 857 1207 949 ipsorum
1264 851 1556 945 agilibus
1610 850 2096 926 certaminibus
2148 856 2217 925 Φ
2265 853 2572 948 praeliis,
2643 875 2784 927 non
2839 875 3054 949 parva
3107 853 3194 926 ad
3249 857 3473 950 capita
3523 858 3595 927 Φ
3641 855 3794 926 bu·-

439 978 678 1035 meros
733 979 975 1032 eorum
1025 955 1426 1044 retulerunt,
1500 958 1567 1027 Φ
1610 957 1854 1048 viginti
1906 959 2203 1050 quinque
2254 955 2506 1029 fratres
2560 960 2627 1029 Φ
2659 960 3017 1051 proximos
3070 978 3310 1029 eorum
3360 960 3520 1030 vita·
3557 958 3798 1029 mise-

438 1071 601 1138 runt
652 1069 944 1150 exutosr,
1013 1059 1447 1134 nibilominus
1499 1067 1756 1148 tamen,
1808 1067 1884 1130 ut
1933 1061 2005 1131 in
2057 1059 2281 1154 aliqua
2335 1068 2533 1154 parte
2603 1081 2885 1132 suorum
2954 1058 3505 1133 fidelissimorum
3562 1058 3795 1132 obse-

438 1169 754 1262 quiorum
790 1167 857 1236 Φ
888 1165 1248 1254 sangvinis
1302 1160 1666 1253 effusione,
1721 1184 1807 1233 ac
1842 1159 2128 1234 fratrum
2179 1165 2246 1234 Φ
2297 1166 2763 1258 proximorum
2815 1182 3095 1234 suorum
3146 1184 3327 1236 nece
3374 1165 3794 1249 miserrima,

438 1290 580 1343 nec
630 1288 771 1341 non
823 1288 1281 1363 expensarum
1337 1265 1619 1361 plurima
1673 1268 2123 1356 onerositate,
2188 1288 2229 1336 a
2280 1275 2518 1338 nostra
2569 1263 2936 1358 Maiestate
3007 1286 3090 1339 se
3142 1274 3527 1357 agnoscant
3576 1263 3798 1337 beni-

440 1394 585 1468 gne
636 1371 1078 1460 remunerati,
1131 1369 1309 1442 banc
1361 1367 1625 1441 eisdem
1677 1366 1883 1456 Kres,
1934 1367 2256 1463 Kupissa,
2313 1371 2390 1440 Φ
2421 1366 2578 1440 Rak
2629 1366 3065 1463 praebuimus
3120 1371 3407 1462 gratiam
3461 1371 3528 1440 Φ
3561 1367 3796 1440 liber-

440 1484 683 1563 tatem,
734 1483 808 1546 ut
841 1496 881 1545 a
920 1471 1125 1544 modo
1177 1475 1248 1545 in
1298 1481 1650 1543 aeternum
1703 1469 1938 1543 illibati
1990 1468 2305 1560 Nobiles,
2358 1480 2431 1543 et
2461 1474 2618 1544 'veri
2671 1471 2933 1544 aulices
2983 1470 3290 1563 Regales
3343 1479 3794 1551 censeantur,

440 1581 516 1651 Φ
568 1586 812 1649 cuncta
869 1576 1181 1648 militaria
1232 1572 1610 1671 praeludia,
1664 1583 1823 1646 ante
1875 1583 2324 1669 conspectum
2364 1573 2660 1669 Regium
2709 1578 2776 1647 Φ
2827 1574 2999 1646 alias
3051 1572 3278 1647 ubivis
3345 1571 3589 1645 facere
3642 1594 3792 1645 va-

444 1681 639 1754 leant
708 1682 775 1751 Φ
841 1681 1131 1781 possint.
1256 1677 1597 1764 Quocirca
1687 1674 2018 1771 quasdam
2092 1679 2449 1773 spaciosas
2518 1686 2742 1749 terras
2811 1687 3089 1749 nostras
3158 1676 3509 1770 Regales,
3578 1696 3794 1747 uuam

438 1787 842 1876 contiguam
894 1793 1122 1854 terrae
1175 1783 1574 1853 monasterii
1628 1782 2107 1852 sanctissimae
2159 1783 2226 1852 Φ
2277 1783 2573 1852 intactae
2608 1779 2741 1851 Dei
2778 1779 3142 1852 Genitricis
3178 1776 3441 1852 Mariae
3478 1781 3550 1851 in
3587 1776 3796 1851 ’Πιο-

436 1884 708 1982 poszka
730 1937 754 1975 ,
834 1884 1040 1956 aliam
1108 1888 1177 1956 in
1246 1886 1692 1976 contiguitate
1764 1892 1996 1955 terrae
2064 1887 2532 1976 generationis
2595 1882 2894 1955 Dresnik
2970 1892 3308 1972 vocatas,
3389 1900 3634 1954 omnes
3705 1883 3781 1955 iu

444 1986 673 2061 cuttu.
728 1987 1177 2081 Zagrabiensi
1232 1989 1399 2059 sitas
1454 1989 1520 2058 Φ
1571 1984 1862 2077 habitas,
1915 2007 2043 2081 per
2087 1984 2555 2060 venerabilem
2609 1988 2833 2058 virum
2884 1984 3286 2077 Magistrum
3338 1981 3792 2058 Farkassium

442 2090 814 2164 Ecclesiae
852 2090 1179 2162 Albensis
1223 2088 1696 2186 Praepositum
1750 2091 1817 2160 Φ
1861 2088 2063 2160 aulae
2117 2099 2398 2162 nostrae
2439 2087 2963 2179 cancellarium,
3017 2086 3290 2161 fidelem
3344 2090 3411 2159 Φ
3462 2076 3798 2160 dilectum
3939 2130 3940 2145 1

448 2204 788 2283 nostrum,
843 2216 883 2264 a
936 2191 1301 2285 MaJestate
1356 2201 1589 2264 nostra
1663 2193 2056 2285 specialiter
2107 2191 2194 2263 ad
2247 2191 2383 2264 boc
2435 2191 2853 2287 deputatum,
2904 2189 3392 2278 reambulatas,
3446 2194 3513 2263 Φ
3566 2211 3795 2285 sepa-

447 2300 647 2371 ratim
685 2296 771 2369 ab
809 2296 959 2368 aliis
997 2298 1536 2391 possessionatis
1590 2292 1979 2367 bominibus
2031 2294 2369 2367 metaliter
2413 2293 2800 2384 distinctae,
2855 2299 2922 2368 Φ
2976 2302 3416 2389 segregatas,
3469 2302 3543 2364 et
3584 2315 3800 2366 unam

419 2421 855 2496 'quamquam
892 2402 960 2470 in
996 2420 1193 2470 suum
1234 2419 1477 2494 gyrum
1516 2396 1895 2488 confertas,
1949 2419 2035 2468 ac
2069 2396 2385 2469 omnibus
2422 2400 2916 2471 commetaneis
2981 2407 3054 2471 et
3105 2398 3487 2470 convicinis
3526 2418 3800 2469 earun-
3938 2446 3940 2489 ÷

440 2503 614 2576 dem
664 2512 1025 2592 terrarum,
1078 2502 1302 2596 palam
1359 2505 1424 2573 Φ
1475 2499 1772 2595 publice,
1827 2523 1912 2572 ac
1948 2499 2175 2573 lucide
2231 2505 2296 2572 Φ
2348 2500 2711 2573 manifeste
2764 2499 3191 2572 denuntiatus
3243 2502 3313 2571 Φ
3363 2498 3798 2593 designatas,
3939 2550 3940 2577 η

448 2626 612 2699 cum
642 2604 952 2678 omnibus
981 2607 1278 2699 ipsarum
1308 2613 1640 2676 terrarum
1668 2601 2088 2689 utilitatibus,
2119 2608 2184 2676 Φ
2211 2606 2767 2698 pertinentiarum
2800 2602 3326 2697 integritatibus,
3355 2624 3440 2673 ac
3467 2602 3803 2675 fructuo-

450 2708 763 2783 sitatibus
816 2710 1189 2792 universis,
1261 2710 1510 2801 quovis
1573 2709 1851 2779 nomine
1915 2710 1983 2779 Φ
2033 2704 2380 2779 vocabulo
2436 2709 2719 2780 censitis
2774 2711 2841 2780 Φ
2894 2706 3300 2800 designatis,
3349 2722 3478 2801 ‘pro
3531 2707 3800 2780 nostris
3937 2746 3940 2783 1

438 2810 768 2886 fidelibus
809 2810 1013 2900 Kres,
1083 2809 1405 2906 Kupissa,
1461 2814 1528 2883 Φ
1579 2808 1759 2900 Rak,
1814 2809 1902 2881 de
1949 2808 2303 2905 praedicto
2359 2809 2664 2906 Syrmio,
2720 2816 2785 2883 Φ
2838 2832 3078 2882 eorum
3130 2808 3569 2899 haeredibus,
3606 2807 3800 2881 bae-

438 2916 831 3009 redumque
902 2913 1471 3004 successoribus,
1546 2919 1611 2986 Φ
1664 2913 2173 3010 posteritatibus
2243 2916 2634 3003 universis,
2708 2912 2795 2986 de
2869 2914 3162 2985 consilio
3234 2916 3301 2985 Φ
3356 2910 3794 3008 beneplacita

442 3018 809 3092 voluntate
879 3016 1347 3089 Praelatorum
1401 3026 1472 3088 et
1520 3017 1864 3089 Baronum
1936 3038 2022 3087 ac
2073 3015 2446 3089 Procerum
2516 3016 2744 3110 Regni
2804 3019 3021 3088 nostri
3082 3017 3566 3088 universorum
3619 3035 3794 3110 prae
3939 3020 3940 3057 ³

442 3131 752 3209 maturo,
792 3118 1128 3211 dedimus,
1168 3118 1602 3210 donavimus,
1650 3123 1716 3192 Φ
1742 3119 2176 3208 contulimus,
2213 3121 2350 3191 imo
2391 3118 2656 3207 damus,
2694 3118 3054 3207 donamus,
3094 3122 3160 3191 Φ
3192 3122 3575 3214 perreniter
3607 3138 3801 3189 con-
3939 3124 3940 3161 ³

455 3222 804 3312 ferrimus,
844 3226 910 3295 Φ
942 3227 1012 3296 in
1053 3226 1322 3320 scriptis
1367 3225 1623 3296 nostris
1678 3221 1938 3296 eisdem
1980 3221 2342 3307 tenendas,
2377 3221 2808 3316 gaudendas,
2846 3226 2912 3295 Φ
2946 3220 3401 3317 possidendas
3436 3229 3801 3316 perpetue,

444 3336 533 3400 ct
600 3325 1187 3408 irrevocabiliter,
1255 3329 1636 3422 patrocinio
1708 3325 2053 3398 mediante
2129 3324 2632 3398 confirmamus.
2737 3323 3013 3397 Exinde
3081 3344 3354 3419 quoque
3421 3327 3800 3397 universos
3879 3402 3900 3425 ⁸

458 3451 920 3504 successores
965 3440 1270 3519 nostros,
1327 3429 1573 3503 felices
1623 3428 1862 3520 Reges
1905 3427 2327 3521 Hungariae,
2381 3431 2450 3500 in
2501 3426 2778 3500 Christo
2829 3426 3032 3521 Rege
3086 3431 3504 3523 sempiterno
3558 3426 3804 3498 devo-

454 3537 723 3607 tissime
795 3531 1269 3619 obsecramus,
1339 3542 1414 3605 ut
1464 3532 1640 3604 baec
1701 3540 1938 3603 nostra
2008 3530 2312 3604 liberalis
2384 3530 2690 3620 donatio,
2760 3534 2827 3603 Φ
2877 3530 3266 3625 personalis
3337 3528 3802 3615 confirmatio,

443 3634 1650 3834 fa‘ssisssslmsstisssst33¹⁰2¹1¹1¹31¹2²32¹2¹132²2⁸
1665 3632 2819 3825 «Ῑξῖιῖίἴεξῖῗέἰῖἕῃῑῗέξᾎηῗ
2833 3642 3808 3810 „535332'220221'331‘332

447 3839 856 3939 perdurare.
936 3840 1037 3913 lta
1076 3844 1355 3931 etenim,
1409 3849 1481 3913 et
1542 3862 1631 3912 eo
1687 3838 1893 3912 modo
1949 3842 2231 3912 servitia
2288 3840 2661 3913 eorundem
2717 3837 2921 3929 Kres,
2974 3839 3298 3935 Kupissa,
3353 3843 3420 3912 Φ
3471 3837 3654 3927 Rak,
3709 3858 3806 3909 ac

444 3965 701 4017 «eorum
759 3953 1153 4016 cunctarum
1206 3947 1705 4039 posteritatum,
1768 3942 1856 4015 de
1904 3940 2275 4037 praedictis
2329 3946 2532 4017 terris
2585 3941 2787 4015 nobis
2840 3945 2907 4014 Φ
2958 3946 3213 4015 uostris
3268 3939 3802 4015 successoribus

453 4046 770 4141 Regibus
822 4046 1216 4140 Hungariae
1269 4056 1602 4142 perpetuo
1655 4049 1965 4141 vigeant,
2021 4055 2093 4118 et
2127 4067 2256 4140 per
2307 4044 2594 4119 eosdem
2630 4050 2699 4118 in
2738 4055 3092 4119 aeternum
3150 4045 3608 4119 administrari
3658 4043 3808 4118 de-

450 4150 694 4227 beant,
750 4159 820 4223 et
852 4159 1256 4238 teneantur3
1308 4159 1383 4222 ut
1417 4148 1573 4222 dum
1627 4153 1694 4222 Φ
1748 4146 2020 4244 quaudo
2061 4148 2422 4222 Generalis
2475 4154 2542 4223 Φ
2596 4151 2977 4221 communis
3014 4148 3242 4241 Regni
3277 4151 3658 4235 exercitus,
3713 4146 3808 4220 ad

462 4253 764 4328 confinia
819 4252 1129 4345 ejusdem
1182 4252 1453 4347 Regni,
1524 4262 1639 4325 aut
1691 4253 1867 4325 alias
1924 4261 2160 4325 contra
2215 4262 2491 4349 partes,
2548 4256 2614 4325 Φ
2666 4252 2977 4324 aemulos
3029 4261 3427 4346 protervos,
3496 4273 3624 4347 pro
3661 4248 3806 4322 de—

458 4356 784 4431 fensione
850 4357 1313 4451 proclamatus
1383 4355 1612 4435 merit.
1676 4359 1743 4428 Φ
1804 4377 1935 4428 nos
2007 4365 2122 4427 aut
2193 4358 2454 4429 caeteri
2507 4376 2962 4427 successores
3033 4358 3250 4427 nostri
3313 4354 3553 4448 Reges
3622 4374 3806 4450 pro-

454 4464 612 4557 pria
666 4459 1163 4551 accederimus,
1223 4459 1341 4532 vel
1377 4458 1776 4531 accederint
1824 4479 2154 4553 persona,
2209 4468 2500 4531 extunc
2551 4460 2941 4554 praenarati
2991 4455 3278 4530 Nobiles
3323 4460 3539 4531 nostri
3591 4456 3806 4541 Kres,

456 4563 786 4657 Kupissa,
861 4566 927 4635 Φ
986 4562 1141 4635 Rak
1212 4585 1295 4635 ac
1367 4583 1604 4635 eorum
1678 4562 2162 4655 posteritates,
2260 4560 2414 4633 dum
2486 4582 2614 4656 per
2680 4559 2940 4634 Banum
3012 4583 3099 4632 ac
3170 4559 3613 4656 Capitaneos,
3683 4562 3812 4634 vel

456 4664 1030 4738 Belli-Ductores
1101 4664 1363 4758 Regios
1434 4663 1756 4736 admoniti
1827 4661 2104 4753 fuerint,
2174 4685 2452 4759 semper
2519 4663 2736 4736 tribus
2807 4661 3144 4758 equitibus
3219 4663 3657 4760 pharetrariis
3731 4667 3812 4735 iu

456 4788 709 4842 eorum
757 4766 1130 4861 sumptibus
1177 4767 1262 4839 ad
1300 4765 1682 4861 quindecim
1741 4765 1890 4838 dies
1944 4765 2071 4839 sub
2120 4765 2525 4839 Banderium
2562 4766 2857 4863 Regium
2911 4788 3320 4863 comparere
3376 4769 3591 4862 parati
3642 4769 3815 4849 sint,

460 4875 536 4945 Φ
592 4879 968 4942 teneantur.
1049 4870 1447 4942 Transactis
1498 4891 1675 4943 vero
1729 4872 1898 4964 ipsis
1953 4867 2339 4964 quindecim
2394 4869 2662 4960 diebus,
2719 4891 2997 4966 semper
3063 4873 3136 4943 in
3185 4880 3429 4944 nostro
3482 4892 3569 4941 ac
3622 4892 3812 4942 cae—

458 4985 771 5047 terorum
843 4971 1112 5066 Regum
1193 4974 1413 5046 usuali
1488 4972 1872 5069 stipendiali
1940 4975 2222 5059 salario,
2295 4983 2364 5045 et
2435 4972 2836 5069 sumptibus,
2932 4994 3067 5067 quo
3141 4973 3402 5046 eisdem
3484 4995 3645 5061 nos,
3718 4997 3813 5044 ac
3922 5050 3934 5079 ι

458 5080 727 5150 caeteri
797 5074 1061 5169 Reges,
1133 5086 1249 5149 aut
1314 5076 1505 5163 Bani,
1579 5078 1697 5149 vel
1770 5078 2136 5172 capitanei,
2210 5086 2324 5149 aut
2393 5076 2597 5170 Regii
2666 5075 3169 5148 Belliductores
3239 5074 3818 5149 demandaverint
3927 5088 3933 5163 j

460 5178 839 5260 accedere,
895 5184 960 5251 Φ
1014 5179 1380 5253 dummodo
1427 5181 1580 5253 talis
1635 5185 2012 5270 exercitus,
2067 5179 2155 5252 ad
2193 5183 2461 5274 propria
2515 5179 2872 5267 rediverit,
2942 5177 3259 5251 famulari
3312 5178 3687 5270 debebunt,
3741 5185 3816 5253 Φ
3921 5163 3940 5281 f

462 5283 900 5357 tenebuntur.
1004 5283 1330 5356 Decimus
1382 5295 1611 5357 autem
1665 5305 1932 5369 eorum,
1988 5282 2143 5354 dum
2198 5281 2588 5378 praedictas
2657 5293 2884 5355 terras
2935 5285 3235 5378 ipsorum
3292 5280 3616 5375 gentibus
3670 5306 3818 5379 ap-

459 5388 975 5484 populaverint,
1032 5410 1125 5461 ex
1173 5397 1340 5461 tunc
1390 5391 1547 5485 ipsi,
1601 5410 1689 5459 ac
1739 5385 2191 5483 Jobagyones
2243 5389 2575 5483 ipsorum,
2645 5385 2955 5460 decimas
3006 5389 3078 5458 in
3129 5385 3500 5461 Provincia
3554 5402 3822 5462 mona-i

3919 5268 3941 5313 t

3917 5358 3934 5405 l

3919 5476 3941 5527 t!
