3950 5917
3326 416 3487 496 215

1549 963 2090 1046 CXLVII.

990 1254 1196 1323 Anno
1255 1251 1490 1323 1480.
1549 1254 1664 1322 dee
1721 1250 1844 1323 28.
1904 1249 2337 1323 Novembris.
2413 1251 2648 1321 Cre‘se‘t‘.

149 1513 573 1600 Nobiles
669 1512 990 1621 Regni
1084 1513 1620 1595 Slavoniae
1704 1519 1796 1594 in
1879 1515 2339 1619 generali
2424 1538 2591 1592 sua
2658 1513 3483 1619 congregatione

153 1655 240 1732 in
336 1652 663 1733 Zdenc
757 1652 1273 1732 celebrata
1389 1679 1592 1732 cum
1684 1653 2187 1758 Episcopo
2300 1651 2961 1757 Zagrabiensi
3044 1650 3486 1734 Osvaldo

1158 1792 1272 1870 de
1350 1792 1764 1870 decimis
1851 1793 2486 1871 conveniunt.

473 2062 621 2135 Nos
673 2061 1031 2137 Ladislaus
1102 2065 1190 2138 de
1241 2062 1597 2158 Egeruara
1677 2064 2074 2158 Regnorum
2132 2062 2422 2136 Groacie
2496 2073 2568 2133 et
2619 2011 2989 2135 Sclauonie
3045 2061 3273 2134 Banus
3327 2083 3489 2144 me·-

161 2169 382 2240 morie
437 2166 1028 2258 commendamus,
1098 2167 1281 2264 quod
1327 2166 1529 2242 nobis
1578 2166 1751 2241 feria
1808 2166 2111 2241 secunda
2165 2169 2477 2262 proxima
2550 2175 2707 2261 post
2757 2176 3040 2240 octauas
3096 2164 3256 2237 festi
3309 2163 3492 2236 beati

163 2266 451 2362 Georgii
502 2268 801 2342 Martiris
855 2293 995 2343 vna
1052 2324 1610 2345 ............
1665 2276 1733 2344 in
1789 2271 1958 2346 sede
2014 2281 2250 2344 nostra
2308 2268 2640 2342 Crisiensi
2710 2270 3091 2342 constitutis
3148 2277 3217 2339 et
3268 2267 3492 2340 littere

28 2406 31 2425 r
161 2381 403 2445 uostoe
482 2395 693 2467 super
769 2373 956 2446 facto
1039 2375 1416 2450 solucionis
1495 2376 1915 2448 decimarum
1967 2373 2521 2471 per-Egregium
2598 2372 3002 2465 Magistrum
3072 2371 3347 2443 Petrum
3403 2370 3493 2446 de

165 2471 506 2549 Gudovcz
539 2475 606 2548 V
633 2529 1384 2550 ................
1441 2482 1656 2574 ipsius
1710 2479 1937 2574 Regni
1986 2478 2356 2552 Solanonie
2410 2498 2648 2550 coram
2698 2475 2898 2550 nohis
2954 2474 3256 2548 exhibite
3307 2472 3493 2552 fuis-

163 2588 350 2666 sont,
430 2579 616 2652 hunc
695 2590 1007 2654 tenorem
1089 2585 1567 2656 continentes:
1677 2583 1824 2656 Nos
1879 2582 2233 2656 Ladislaus
2283 2581 2371 2654 de
2422 2580 2807 2673 Egeruara.,
2860 2579 3256 2673 Regnorum
3310 2577 3492 2650 Dal·-

163 2686 416 2771 macie,
473 2681 794 2773 Croacie,
849 2737 865 2754 .
900 2737 915 2756 .
946 2738 962 2755 .
991 2695 1010 2755 ’.
1043 2739 1059 2755 .
1091 2739 1109 2758 .
1138 2707 1222 2760 us
1276 2686 1648 2759 Sclauonie
1702 2686 1956 2776 Banns‚
2013 2688 2345 2758 memorie
2400 2683 2958 2758 commendamus
3022 2692 3267 2755 tenore
3320 2704 3493 2776 pre-

28 2820 29 2884 }
169 2790 481 2858 sancium
535 2786 1031 2881 significantes,
1088 2788 1328 2884 quihus
1383 2790 1664 2884 expedit
1715 2793 2082 2863 vniuersis.
2192 2788 2597 2875 Quodcum
2653 2787 2742 2860 de
2794 2785 3115 2862 mandato
3155 2786 3487 2858 Serenis-

28 2892 29 2955 ἐ
171 2892 326 2960 simi
378 2888 712 2985 Principis
764 2890 1040 2964 Domini
1091 2891 1371 2982 Mathis,
1451 2893 1580 2965 Dei
1635 2898 1870 2988 gracia
1925 2892 2142 2985 Regis
2196 2893 2574 2983 Hungarie,
2652 2891 2984 2965 Bohemie
3040 2913 3145 2961 ec.
3225 2889 3497 2964 Domini

28 3016 29 3029 ¹
169 2995 390 3064 nostri
461 2993 787 3066 naturalis
851 3004 1052 3090 atque
1104 2999 1626 3091 graciosissimi,
1681 3001 1752 3070 in
1802 3001 2108 3094 presenti
2158 2995 2343 3069 festo
2397 2994 2753 3068 beatorum
2806 2993 3092 3068 Fabiani
3144 3003 3215 3066 et
3265 2991 3499 3066 Seba-

173 3098 376 3167 stiani
429 3094 801 3192 Martyrum
859 3098 972 3170 hio
1021 3102 1091 3172 in
1147 3099 1394 3196 oppido
1450 3099 1727 3173 Zdenez
1780 3124 1921 3174 vna
1995 3122 2149 3173 cum
2205 3102 2414 3174 certis
2467 3097 2898 3191 Magnetibus
2951 3095 3499 3191 Proceribusque
3564 3117 3569 3126 ·

171 3210 244 3271 et
295 3197 654 3274 Nobilibus
707 3201 867 3292 dicti
918 3200 1146 3296 Regni
1197 3204 1569 3277 Sclauonie
1621 3227 1750 3300 pro
1805 3202 2284 3297 excogitandis
2340 3212 2410 3273 et
2462 3200 2978 3274 adiuueniendis
3035 3204 3195 3289 viis,
3250 3199 3500 3287 modis,

172 3312 382 3397 atque
432 3301 786 3395 remediis,
851 3303 1093 3399 quibus
1147 3308 1526 3403 predictum
1602 3308 1918 3403 Regnum
2002 3328 2169 3379 seua
2250 3304 2443 3377 rabie
2524 3308 3045 3380 senissimorum
3121 3304 3499 3376 Turcorum

161 3408 314 3478 iam
391 3404 545 3479 fere
614 3410 684 3481 in
749 3419 944 3502 parte
1022 3414 1267 3483 maiori
1344 3411 1740 3485 lacessitum
1810 3422 1880 3484 et
1948 3409 2420 3482 conculcatum
2484 3408 2570 3481 ab
2627 3408 3003 3483 eorundem
3076 3406 3501 3482 Thurcorum

173 3508 616 3584 ulterioribus
697 3510 1054 3585 insultibus
1134 3522 1204 3587 et
1273 3513 1906 3610 perturbacionibus
1988 3517 2158 3609 eripi
2219 3521 2290 3586 et
2342 3510 2693 3585 defensari
2772 3513 3016 3607 possit,
3097 3513 3503 3603 congregati

173 3610 578 3702 fuissemus,
630 3624 999 3712 certosque
1053 3616 1306 3691 exinde
1357 3627 1690 3693 tractatus
1739 3622 2282 3713 peregissemus‚
2333 3625 2496 3689 tunc
2546 3618 2727 3688 inter
2778 3625 3056 3688 ceteros
3110 3617 3181 3687 in
3229 3611 3502 3686 Christo

175 3713 388 3790 Pater
438 3715 754 3791 dominus
833 3719 1176 3793 osualdus
1253 3722 1640 3818 Episcopus
1718 3721 2040 3796 Ecclesie
2120 3719 2608 3814 Zagrabiensis
2687 3718 3145 3815 personaliter
3195 3715 3282 3790 ab
3336 3737 3503 3807 vna,

175 3821 344 3891 item
393 3818 683 3914 Egregii
736 3832 812 3895 et
858 3821 1145 3898 Nobiles
1200 3824 1451 3899 domini
1525 3825 1854 3899 Nicolaus
1908 3827 1999 3899 de
2049 3823 2348 3913 Doth
2417 3823 2775 3897 Ladislaus
2827 3822 3153 3896 Hermoni
3209 3821 3295 3893 de
3352 3818 3506 3893 Ge—

175 3919 422 4011 reben,
477 3926 654 3996 alter
701 3925 1060 4001 Ladislaus
1113 3928 1203 4000 de
1256 3929 1561 4020 Zeuche‚
1615 3929 1857 4003 Petrus
1910 3928 2245 4024 Bochkay
2296 3928 2384 4000 de
2429 3926 3124 4014 Raszinakerezthur.,
3176 3924 3507 3997 Nicolaus

175 4023 512 4123 Posegay
573 4026 662 4099 de
715 4028 1153 4124 Garignicza‚
1229 4031 1611 4127 Gregorius
1683 4033 1993 4107 Horvath
2049 4033 2134 4104 de
2192 4029 2372 4126 Gay,
2443 4031 2797 4105 Johannes
2853 4029 2940 4104 de
2996 4026 3291 4125 (inpexa,
3358 4026 3507 4102 La-

177 4128 444 4205 dislaus
493 4130 923 4228 Byczkelew
974 4134 1064 4208 de
1116 4135 1509 4229 Zelnawm,
1579 4136 1963 4226 Ladislaus‚
2038 4134 2428 4230 Stephanus
2481 4145 2552 4208 et
2600 4135 2953 4212 Johannos
3008 4132 3127 4206 filii
3176 4132 3367 4205 Poch
3419 4130 3508 4204 de

177 4231 495 4323 Bocche„
547 4235 871 4310 Andreas
926 4234 1209 4334 Capitan
1265 4239 1353 4313 de
1405 4241 1777 4331 Desnicze„
1853 4241 2190 4335 'Magister
2256 4238 2502 4311 Petrus
2556 4239 2645 4312 de
2696 4237 3081 4314 Gudowcz.
3150 4235 3509 4310 Ladislaus

28 4358 29 4409 1
178 4345 252 4409 et
305 4336 693 4413 Stanislaus
746 4340 835 4414 de
889 4340 1318 4432 Szerenche‚
1391 4344 1728 4439 Magister
1801 4345 2154 4418 lohannes
2203 4341 2345 4418 Viti
2425 4343 2510 4415 de
2583 4340 2957 4430 Corbowa,
3038 4341 3366 4415 Nicolaus
3416 4340 3511 4413 de

175 4439 595 4532 maroza,
673 4443 1017 4520 Antonius
1088 4446 1180 4522 de
1246 4446 1581 4544 Kopincz‚
1661 4448 1932 4521 Blasius
2011 4448 2217 4541 Briga
2274 4445 2360 4519 de
2414 4445 2994 4543 Jakozerdahely‚
3072 4443 3370 4517 Michael
3421 4443 3510 4517 de
3662 4465 3675 4473 ·

181 4542 676 4637 Zenth-Iwam
731 4548 1061 4623 Nicolaus
1097 4547 1383 4646 Fanchy
1438 4552 1523 4624 de
1564 4552 1941 4639 Gordowa„
1997 4552 2267 4626 Blasins
2318 4550 2553 4624 Budor
2604 4550 2693 4622 de
2737 4550 3127 4636 Budrovcz„
3181 4547 3509 4622 Nicolans

28 4632 31 4661 *
179 4645 364 4725 filius
417 4649 776 4725 Michaelis
830 4653 917 4726 de
971 4653 1222 4745 Peker‚
1295 4656 1469 4729 alter
1518 4656 1846 4730 Nicolaus
1900 4656 2076 4729 filius
2139 4656 2486 4729 Laurentii
2538 4654 2625 4726 de
2680 4654 2953 4744 eadem,
3027 4650 3371 4746 Georgius
3420 4652 3510 4725 de

28 4782 29 4791 ¹
181 4750 542 4846 Ztobicza‚
599 4754 979 4850 Gregorius
1032 4757 1122 4830 de
1176 4759 1446 4850 eadem,
1500 4759 1827 4833 Nicolaus
1881 4760 2255 4833 Borothwa
2320 4758 2408 4831 de
2461 4758 2984 4844 Terzthenicze„
3056 4757 3366 4830 soannes
3420 4756 3509 4828 de

28 4856 31 4937 Ϊ.
182 4854 560 4956 Kamarya,
617 4857 966 4955 Georgius
1018 4860 1394 4951 Lazovetz„
1447 4863 1782 4954 Ioannes,
1846 4863 2168 4936 Andreas
2223 4873 2295 4935 et
2342 4861 2644 4935 Thomas
2715 4860 2831 4934 filii
2884 4860 3145 4956 Wytez
3213 4860 3303 4932 de
3355 4858 3547 4931 Ka-·

183 4981 491 5054 maresa,
573 4962 929 5038 Johannes
995 4966 1084 5038 de
1137 4963 2126 5056 Cherzthweczzenth-Peter,
2202 4966 2563 5039 Ladislaus
2644 4965 3090 5039 Simonouich
3160 4963 3248 5037 de
3300 4961 3512 5038 Milo-

181 5066 392 5154 tiucz,
467 5067 854 5142 Stanislaus
910 5069 998 5142 de
1048 5069 1481 5159 Euthia-feld,
1550 5071 1843 5144 Mathias
1898 5070 2037 5144 Sos
2108 5070 2195 5143 de
2264 5069 2744 5159 Gothalowcz,
2815 5067 3179 5142 Emericus
3231 5066 3514 5140 Zebeue

185 5166 274 5240 de
326 5169 802 5260 Zebenowcz,
873 5172 1118 5248 Petrus
1172 5174 1259 5246 de
1311 5174 1621 5270 Byksad‚
1693 5174 2023 5246 Nicolaus
2076 5172 2253 5246 filius
2306 5174 2491 5246 Petri
2542 5172 2777 5245 Erdeli
2837 5172 2927 5245 de
2979 5171 3295 5258 Hachko„
3367 5171 3517 5244 Pe-

183 5280 326 5350 trus
381 5274 614 5350 Sall'ar
660 5275 748 5348 de
806 5275 1283 5367 Gothalowcz‚
1359 5277 1583 5350 Janko
1638 5278 1726 5351 de
1780 5276 2252 5368 GhazmafeW‚
2327 5277 2653 5350 Nicotaus
2705 5276 2908 5350 Vitez
2965 5276 3051 5349 de
3104 5276 3517 5366 numatam,

184 5372 429 5457 Petrus
501 5379 782 5455 Kerhen
844 5381 932 5455 de
987 5381 1465 5456 Bellossowcz
1548 5391 1618 5454 et
1671 5380 2057 5477 Stephanus
2128 5381 2345 5455 Peres
2398 5381 2488 5454 de
2545 5378 2815 5455 Gerecz
2869 5385 2937 5454 in
2994 5385 3138 5456 suis
3211 5402 3295 5453 ac
3348 5383 3519 5453 vni-
