3950 5917
488 448 649 523 252

1902 1015 2311 1100 Glaxx
2323 1015 2412 1096 Ι.

1040 1304 1254 1374 Anno
1316 1301 1552 1373 1503.
1629 1303 1841 1374 Festo
1896 1304 2010 1374 die
2060 1302 2198 1375 SS.
2256 1247 2596 1396 Corporis
2643 1271 2942 1373 clames.
3017 1299 3290 1373 Budae.

494 1563 1085 1642 vladislaus
1145 1560 1348 1642 Rex
1433 1563 1957 1643 confirmat
2050 1567 2554 1684 antiquam
2649 1558 2966 1666 Regni
3061 1546 3603 1638 Slavoniae
3673 1558 3799 1636 le-

496 1726 756 1805 gem,
872 1679 966 1778 ut
1058 1697 1745 1779 vicecomites
1829 1712 1923 1779 et
2003 1698 2415 1778 ludices
2500 1723 2543 1776 e
2628 1702 3014 1800 patriae
3110 1697 3362 1775 filiis
3460 1705 3798 1773 tantum

1789 1836 2038 1940 eligi
2122 1840 2543 1939 possint.

2375 2100 2749 2163 Commissi«)
2791 2100 3066 2179 propria
3111 2098 3376 2162 Domini
3414 2097 3621 2177 Περέα.

815 2294 1240 2367 wladislaus
1309 2291 1440 2366 Dei
1486 2295 1740 2384 -gracia'
1800 2292 1961 2364 Rex
2015 2292 2365 2385 Hungarie
2444 2302 2514 2363 et
2565 2290 2896 2364 Bohemie
2945 2295 3071 2363 oec.
3177 2288 3526 2362 Fidelibus
3579 2290 3804 2361 nostris

492 2399 753 2486 illustri
788 2393 1084 2469 Johanni
1122 2394 1447 2485 Coruino,
1484 2395 1870 2490 Lyptbovie
1911 2395 2089 2467 Duci
2125 2417 2212 2465 ac
2244 2393 2644 2488 Regnorum
2689 2404 3080 2467 nostrorum
3114 2392 3498 2479 Dalmaeie‚
3535 2389 3804 2463 ,Groacie

502 2511 577 2573 et
629 2500 997 2574 Sclauonie
1051 2499 1243 2572 Bano
1298 2499 1657 2588 moderno,
1712 2497 2096 2592 futurisque
2147 2496 2355 2570 Banis
2412 2508 2482 2570 et
2534 2495 2908 2571 Vicebanis
2961 2495 3270 2569 eiusdem
3322 2495 3551 2590 Regni
3617 2494 3807 2565 nostri

502 2605 876 2676 Solanonie
948 2602 1238 2675 salutem
1292 2612 1362 2674 et
1415 2604 1738 2692 graciam.
1845 2600 1957 2671 Ex
2011 2600 2309 2694 querelis
2366 2610 2436 2672 et
2488 2601 2995 2696 supplicacione
3067 2599 3366 2672 fidelium
3450 2607 3802 2671 nostrorum

505 2706 1002 2778 Vniuersorum
1082 2716 1151 2777 et
1220 2706 1649 2798 singulorum
1738 2703 2082 2777 Nobilium
2162 2714 2233 2776 et
2309 2702 2842 2797 Regnicolarum
2923 2702 3234 2778 eiusdem
3313 2701 3542 2794 Regni
3619 2700 3802 2771 nostri

504 2810 885 2882 Solanonie
968 2809 1468 2881 intelleximus:
1561 2807 1785 2896 Quod.
1858 2810 2170 2903 quamuis
2241 2810 2426 2878 iuxta
2499 2816 2810 2878 veterem
2866 2817 2936 2877 et
2985 2804 3396 2878 laudabilem
3461 2813 3808 2876 eonsuetu-

500 2914 732 2984 dinem
790 2911 1098 2994 eiusdem
1151 2910 1375 3007 Regni
1426 2916 1641 2984 nostri
1693 2914 1762 2984 in
1818 2911 2106 3005 singulis
2162 2911 2426 2984 scilicet
2479 2907 2924 2982 Comitatibus
2978 2908 3287 2981 eiusdem
3342 2930 3472 3003 pro
3526 2907 3807 2979 Viceco-

504 3016 778 3088 mitibus
852 3026 921 3086 et
965 3014 1280 3102 *Judlium
1356 3036 1493 3087 non
1565 3013 1888 3088 forenses
1958 3015 2078 3087 vel
2149 3016 2499 3102 extranei,
2567 3011 2693 3086 sed
2748 3034 3025 3107 semper
3079 3011 3266 3083 tales
3337 3009 3623 3084 Nobiles
3673 3009 3808 3099 eligi

486 3118 782 3190 suerunt
852 3123 1204 3207 consueti.
1286 3123 1401 3210 qui
1474 3121 1539 3189 in
1610 3119 1727 3190 illo
1802 3116 2137 3190 Comitatu
2211 3118 2389 3189 bene
2441 3120 2940 3211 possessionati
2999 3126 3284 3198 essent.
3371 3117 3617 3208 quique
3683 3118 3810 3205 post

504 3222 935 3304 eiuscemodi
988 3221 1397 3294 electionem
1449 3222 1845 3293 Juramento
1874 3244 1966 3293 se
2005 3221 2388 3311 obligarent
2438 3217 2522 3291 ad
2562 3218 2952 3291 faciendam
3003 3240 3237 3290 coram
3292 3240 3374 3289 se
3429 3213 3813 3310 litigantibus

504 3324 887 3413 Justiciam,
968 3336 1173 3419 provt
1206 3379 1211 3384 .
1240 3324 1465 3416 Regni
1517 3324 1696 3395 illius
1769 3325 2194 3396 consuetudo
2268 3327 2667 3417 requireret.
2773 3322 3031 3393 Tamen
3108 3320 3498 3394 huiusmodi
3567 3321 3808 3411 antiqua

506 3427 934 3500 consuetudo
1006 3426 1092 3498 ab
1147 3430 1423 3521 antiquo
1476 3427 1855 3499 introducta
1911 3427 2041 3497 hac
2095 3436 2330 3498 nostra
2384 3436 2790 3521 tempestate
2845 3429 2911 3496 iu
2969 3422 3302 3518 aliquibus
3369 3420 3814 3504 comitatibus,

507 3534 836 3626 precipue
884 3551 1064 3603 vero
1118 3533 1187 3602 in
1240 3529 1689 3622 Zagrabiensi
1745 3540 1815 3602 et
1866 3529 2314 3602 Varasdiensi
2368 3550 2493 3621 per
2543 3529 2774 3600 Banos
2827 3540 2898 3599 et
2950 3527 3346 3599 Vicehanos
3406 3525 3649 3600 fuisset
3697 3524 3814 3593 ali-

508 3635 899 3727 quantulum
951 3635 1317 3705 immutata.
1424 3634 1498 3706 In
1552 3632 1791 3728 quibus
1845 3655 1986 3705 non
2042 3632 2322 3703 Nobiles
2376 3630 2750 3702 eorundem
2803 3631 3282 3715 comitatuum.
3340 3629 3468 3702 sed
3525 3628 3815 3701 forenses

514 3748 589 3808 et
643 3738 1032 3830 alienigene
1084 3759 1210 3832 pro
1258 3737 1799 3809 vicecomitibus
1904 3738 2112 3807 electi
2166 3735 2485 3820 fuissent.
2562 3739 2673 3828 qui
2728 3738 2924 3807 sicuti
2977 3734 3377 3806 Juramento
3436 3733 3523 3804 ad
3571 3732 3814 3804 facien-

508 3843 671 3912 dam
724 3839 1079 3914 Justiciam
1134 3862 1272 3912 non
1325 3839 1599 3911 fuerunt
1652 3843 1937 3925 astricti.
2017 3843 2104 3909 ita
2163 3842 2388 3911 eciam
2440 3843 2671 3932 sepius
2726 3848 2795 3910 et
2849 3836 3246 3932 frequenter
3298 3861 3335 3906 a
3391 3838 3674 3909 Justicia
3724 3842 3819 3900 at-

513 3967 651 4038 que
706 3966 746 4014 a
799 3965 974 4016 vero
1046 3953 1119 4015 et
1171 3947 1346 4016 iusto
1421 3942 1667 4014 iudicio
1741 3943 2190 4016 declinantes
2272 3943 2616 4036 plerisque
2701 3941 3053 4013 Nobilibus
3109 3951 3180 4013 et
3230 3940 3634 4033 Regnicolis
3700 3937 3819 4010 liti-

512 4045 835 4138 gantibus
914 4050 1253 4119 maximas
1334 4049 1611 4118 iniurias
1668 4056 1738 4118 et
1788 4046 2076 4140 dampna
2161 4046 2494 4118 fecissent
2548 4055 2617 4116 et
2673 4045 3035 4117 nonnullos
3124 4048 3326 4116 etiam
3411 4067 3508 4115 ex
3589 4039 3823 4114 eisdem

512 4153 1053 4244 oppressissent.
1162 4150 1360 4237 Quod
1429 4149 1711 4222 cederet
1762 4153 1831 4223 in
1885 4153 2194 4222 iniuriam
2251 4159 2322 4220 et
2392 4149 2753 4243 dampnum
2826 4146 3242 4242 prefatorum
3318 4145 3824 4240 Regnicolarum

512 4263 909 4326 nostrorum
962 4274 1102 4326 non
1156 4253 1518 4326 modicum.
1623 4252 1824 4324 Vnde
1887 4254 2331 4349 supplicatum
2417 4255 2677 4324 exstitit
2723 4249 3061 4324 Maiestati
3117 4261 3353 4322 nostre
3410 4251 3480 4322 in
3536 4246 3823 4343 personis

517 4357 926 4446 eorundem,
1003 4367 1081 4431 vt
1148 4362 1338 4454 ipsos
1394 4360 1461 4430 in
1514 4360 1848 4453 premissa
1921 4361 2193 4452 antiqua
2249 4366 2318 4427 et
2371 4378 2494 4449 per
2547 4355 2749 4426 multa
2807 4356 3039 4428 secula
3099 4358 3164 4425 in
3222 4353 3567 4448 eligendis
3627 4351 3826 4446 Vice-

514 4461 881 4535 comitibus
936 4462 1319 4534 introducta
1374 4472 1444 4532 et
1492 4459 1970 4533 inuiolabiliter
2043 4458 2409 4532 obseruata
2465 4457 2960 4531 consuetudine
3015 4468 3215 4553 atque
3271 4455 3589 4530 libertate
3647 4454 3826 4526 dein-

516 4587 689 4660 ceps
744 4587 1017 4659 quoque
1068 4574 1310 4637 tenere
1365 4574 1435 4637 et
1488 4587 1943 4652 conseruare,
2018 4567 2372 4657 tenerique
2430 4572 2498 4634 et
2553 4565 2951 4635 conseruari
3025 4565 3229 4633 etiam
3285 4561 3527 4634 facere
3601 4558 3827 4650 digna-

515 4691 771 4740 remur.
878 4667 1026 4741 Nos
1078 4672 1308 4763 igitur,
1362 4672 1474 4764 qui
1527 4667 1691 4739 Jura
1747 4671 2048 4740 omnium
2100 4666 2517 4741 subditorum
2572 4677 2965 4739 nostrorum
3019 4675 3467 4738 manutenere
3540 4686 3660 4759 pro
3711 4660 3826 4731 de-

517 4771 663 4844 bito
718 4774 1069 4866 regiminis
1123 4776 1339 4845 nostri
1394 4770 1624 4843 officio
1682 4770 2038 4859 debemus.
2094 4770 2614 4842 considerantes
2670 4773 3071 4863 premissam
3148 4767 3711 4840 consuetudinem
3776 4764 3827 4829 in

480 4873 862 4970 'eligendis
914 4874 1455 4949 vicecomitibus
1507 4874 1935 4947 laudabiliter
1987 4877 2172 4969 prius
2227 4872 2446 4946 fuisse
2502 4872 2978 4961 introductam.
3037 4882 3105 4944 et
3156 4875 3224 4944 in
3281 4872 3410 4942 hac
3469 4874 3671 4942 etiam
3713 4887 3828 4938 no-

518 4991 665 5052 stra
717 4988 1124 5075 tempestate
1196 5002 1318 5075 per
1387 4979 1585 5073 leges
1640 4989 1710 5051 et
1763 4988 2009 5052 statuta
2064 4977 2291 5099 Regni
2337 4982 2555 5049 nostri
2609 4979 2903 5048 omnium
2975 4975 3510 5066 Regnicolarum
3567 4983 3831 5045 nostro-

519 5104 674 5155 rum
726 5105 1023 5158 assensu
1073 5087 1461 5156 innonatam
1519 5105 1716 5167 esse
1783 5084 2104 5155 volentes
2177 5085 2366 5175 ipsos
2421 5080 2839 5173 Regnicolas
2913 5089 3216 5164 nostros
3299 5080 3624 5173 precipue
3680 5091 3831 5144 vero

518 5190 594 5258 in
641 5186 840 5258 dictis
903 5185 1168 5260 duobus
1223 5185 1667 5259 Comitatibus
1739 5185 2186 5278 Zagrabiensi
2242 5186 2507 5258 scilicet
2561 5194 2630 5256 et
2681 5182 3174 5254 Varasdineusi
3251 5185 3657 5253 existentes.
3713 5175 3830 5268 qui

520 5298 603 5359 vt
633 5288 999 5382 prefertur,
1052 5294 1121 5363 in
1177 5291 1306 5362 bac
1359 5294 1503 5385 ipsa
1559 5290 1869 5361 libertate
1925 5298 1996 5360 et
2050 5286 2543 5361 consuetudine
2598 5286 2871 5358 fuerunt
2924 5287 3252 5381 impediti.
3308 5290 3372 5356 in
3429 5275 3832 5355 eiuscemodi

520 5408 767 5463 eorum
821 5395 1110 5485 antiquis
1164 5390 1581 5467 libertatibus
1648 5415 2094 5482 conseruare.
2151 5393 2468 5464 volumus
2526 5402 2594 5462 ct
2651 5389 3047 5462 mandamus
3104 5385 3537 5462 fidelitatibus
3605 5382 3833 5456 vestris
