3950 5917
44 479 47 626 ι

44 1401 49 1532 7

3304 458 3455 536 255

156 665 494 741 wladislai
541 664 761 759 Regis
813 663 1068 739 domini
1121 661 1340 737 nostri
1408 663 1932 760 granium-i,
2005 663 2340 759 siquidem
2411 664 2674 761 absque
2737 663 3106 740 heredibus
3166 687 3457 742 mascu-

154 771 293 845 linis
357 768 668 857 decedat,
737 765 992 860 fienda,
1071 767 1404 841 ratificato
1474 772 1547 841 in
1618 791 1699 842 so
1770 771 2270 864 exprme-tos,
2345 771 2418 842 in
2470 789 2892 864 purgamento
2945 769 3461 865 priuilegialiter

155 872 477 958 moto„
557 871 937 968 sigillisque
1008 891 1247 944 eorum
1316 874 1389 952 in
1452 871 1777 972 peada-ti
1854 875 2297 962 communite,
2378 893 2614 946 coram
2686 871 2948 948 sindon
3019 872 3314 950 dominis
3386 885 3455 947 et

152 974 564 1070 humectis,
617 973 815 1048 nobis
868 995 1147 1070 quoque
1198 973 1656 1079 presentibus,
1710 978 1782 1048 in
1833 978 1987 1071 ipso
2042 996 2287 1070 campo
2342 974 2580 1050 Rakos
2634 974 2724 1052 ad
2771 975 3142 1069 legendum
3195 979 3453 1072 pariter

153 1088 215 1151 et
274 1098 593 1152 sermone
655 1078 929 1173 vulgari
998 1076 1480 1152 declarandum
1552 1077 1849 1151 fuissent
1914 1077 2255 1166 exhibite3
2334 1099 2503 1151 mox
2571 1077 2856 1173 Egregii
2933 1078 3292 1156 Emen'ous
3367 1081 3454 1152 de

152 1181 443 1273 Hassagh
497 1181 1041 1266 Protonotarius„
1097 1204 1183 1253 ac
1237 1180 1581 1278 Georgius
1632 1178 2083 1278 Castellunfy⁹
2155 1203 2290 1255 nec
2340 1202 2482 1256 non
2534 1181 2927 1258 amardus
2978 1181 3067 1260 de
3137 1181 3452 1258 Thurocz

149 1293 213 1356 et
252 1283 434 1357 Elias
484 1284 814 1382 Basnyak
863 1283 951 1358 de
1004 1284 1398 1375 Busthiner,
1452 1283 1782 1358 Oratores
1833 1284 2064 1377 Regni
2109 1282 2509 1372 Sulmonis,
2562 1287 2630 1358 iu
2683 1288 2986 1381 ipsorum
3041 1295 3112 1359 et
3163 1286 3451 1360 aliorum

154 1389 609 1460 vainei-sorum
662 1386 975 1460 eiusdem
1039 1388 1266 1481 Regni
1319 1386 1660 1462 Nobilium
1726 1386 2116 1461 nominibus
2183 1398 2257 1461 et
2304 1391 2375 1462 in
2427 1392 2771 1484 personis,
2823 1399 3126 1462 nostram
3180 1411 3444 1464 exsur-

44 1555 47 1576 2
151 1500 371 1583 gentes
442 1494 510 1563 in
567 1495 1001 1587 presenciam
1068 1494 1257 1586 paria
1329 1491 1707 1565 eamudom
1778 1492 2154 1564 litterarum
2226 1493 2743 1568 nncuonalium
2813 1514 2940 1587 per
3007 1492 3154 1573 Nos
3228 1493 3450 1565 eidem

152 1593 569 1666 Vniuersitati
639 1594 979 1667 Nobilium
1048 1594 1335 1691 predicti
1404 1594 1630 1689 Regni
1701 1594 2073 1670 Sciauouie
2127 1594 2275 1669 dari
2323 1597 2677 1690 pecierunt
2753 1596 3014 1672 Jurium
3070 1618 3308 1672 eorum
3366 1598 3453 1668 ad

150 1698 502 1786 cautelam3
578 1719 864 1791 quarum
918 1707 1121 1770 tenor
1172 1698 1328 1771 talis
1379 1709 1524 1772 est:
1604 1697 1752 1778 Nos
1798 1698 2104 1771 Thomas
2157 1698 2327 1771 tituli
2380 1697 2617 1773 Sancti
2668 1698 2938 1772 Martini
2987 1702 3054 1772 in
3109 1699 3451 1773 montibus

44 1811 63 1894 Ν·
152 1799 347 1871 Sacro
400 1800 665 1873 Sancte
717 1800 1030 1874 Romane
1083 1800 1403 1873 Ecclesie
1456 1800 1831 1897 Presbyter
1882 1801 2264 1874 cardinalis
2345 1801 2866 1896 strigoniensis,
2947 1812 3018 1874 et
3071 1802 3451 1898 Gregorius

156 1901 231 1974 de
254 1903 812 2000 Frangepanihus
851 1903 1259 1976 Golocensis
1315 1914 1385 1977 et
1416 1904 1821 1978 Bachiensis
1872 1904 2342 1978 Ecclesiarmn
2400 1903 2749 1979 Canonice
2804 1909 3139 1978 vnitarum
3185 1907 3452 1980 Archi-

152 2005 471 2101 Episcopi,
529 2030 618 2079 ac
670 2008 1147 2101 sigismundus
1199 2007 1499 2082 Thwrzo
1552 2008 2225 2105 Trausyiuanieusis„
2301 2004 2643 2102 Georgius
2695 2001 3202 2100 waradiensis,
3259 2009 3452 2083 Can-

151 2109 442 2183 cellarius
518 2109 812 2204 Regius,
882 2110 1294 2183 Franciscus
1344 2110 1782 2200 Jawriensis,
1852 2111 2182 2184 Nicolaus
2237 2110 2322 2184 de
2379 2109 2572 2184 chatz
2624 2110 3146 2195 Chanadiensisq
3215 2112 3444 2186 Nico-

44 2255 45 2262 κ
150 2212 277 2284 iaus
344 2212 429 2285 de
503 2213 765 2286 Bathor
834 2213 1258 2302 Waciensis‚
1340 2213 1727 2310 Stephanus
1782 2213 2148 2286 Nitriensis
2215 2213 2567 2310 Episcopi,
2647 2225 2720 2287 et
2765 2215 3120 2290 Johannes
3173 2214 3448 2308 Orzagh

149 2314 386 2388 eiectus
441 2315 897 2411 Syrmiensis„
964 2316 1431 2389 Ecclesiamm
1508 2318 1780 2405 Prelati.‚
1853 2342 1938 2388 ao
1991 2317 2513 2390 Bartholomeus
2585 2317 2779 2390 Prior
2839 2318 3120 2391 Aurane
3194 2318 3448 2391 Comes

148 2416 564 2503 Dubicensis„
646 2424 805 2491 item
860 2418 1217 2493 Emericus
1273 2421 1361 2492 de
1413 2420 1634 2493 Peren
1690 2419 1942 2493 Comes
1999 2421 2374 2516 Perpetuus
2430 2420 2803 2494 Comitatus
2871 2420 3445 2513 Ahaujvariensis

148 2519 344 2614 Regni
396 2523 751 2617 Hungarie
806 2522 1149 2595 Palatinus
1204 2535 1274 2594 et
1325 2524 1553 2595 Judex
1608 2523 2094 2611 Cumanorum„
2151 2522 2404 2597 Comes
2457 2524 2700 2598 Petrus
2755 2525 3009 2598 Comes
3056 2524 3143 2597 de
3189 2525 3446 2598 Sancto

152 2622 431 2719 Georgio
487 2636 565 2698 et
617 2627 703 2697 de
747 2626 986 2721 Bozyn
1041 2626 1270 2698 Judex
1324 2625 1527 2698 Curie
1581 2626 1804 2720 Regie
1867 2651 1950 2698 ac
1991 2626 2335 2698 Waiuoda
2389 2626 2927 2722 TransyluauuS,
3003 2627 3313 2701 Joanues
3360 2629 3447 2699 de

150 2725 423 2824 Zapolya
483 2729 743 2801 Comes
798 2740 1164 2825 perpetuus
1215 2741 1399 2802 terre
1454 2730 1961 2825 ScepusiensiS‚
2027 2729 2183 2800 Dux
2219 2730 2635 2802 Laurencius
2683 2732 2770 2802 de
2821 2731 3086 2823 leak,
3137 2732 3306 2803 Josa
3362 2731 3448 2804 de

148 2828 295 2902 Som
356 2831 616 2904 Comes
680 2832 1196 2906 Themesiensis
1276 2855 1363 2905 ac
1416 2837 1700 2928 partium
1770 2832 2170 2906 inferiorum
2243 2830 2658 2928 Capitaneus
2715 2832 3102 2922 GeneraliS,
3180 2835 3450 2909 Blasius

150 2931 224 3004 de
270 2934 497 3008 Raska
559 2935 1165 3024 Thauernicorum,
1222 2936 1506 3032 Moyses
1558 2936 1849 3032 szlay
1895 2935 1982 3008 de
2037 2936 2451 3030 Gergellaka
2504 2937 2909 3026 Janitorum,
2966 2938 3307 3031 Georgius
3365 2939 3450 3010 de

148 3034 375 3110 Bathor
432 3040 890 3137 ‘Agazouum‚
943 3039 1236 3113 Michael
1306 3039 1393 3112 de
1445 3040 1699 3112 Palocz
1771 3040 2285 3130 Pincernarum,
2355 3039 2710 3114 Johauues
2777 3040 3294 3138 Podmaniczky
3364 3042 3450 3113 de

149 3137 527 3239 Podmanyn
586 3141 1167 3216 Cubiculariorum
1221 3143 1579 3237 Regalium
1635 3143 1968 3238 Magistri,
2024 3144 2364 3218 Antonius
2419 3144 2508 3216 de
2563 3143 2804 3216 eadem
2861 3145 3140 3233 Palocz„
3223 3146 3452 3216 Fran—

149 3245 352 3318 ciscus
409 3245 673 3320 Comes
747 3245 832 3318 de
883 3247 1206 3342 predictis
1278 3247 1534 3320 Sancto
1610 3245 1913 3341 Georgio
1986 3257 2056 3317 et
2108 3245 2197 3318 de
2248 3246 2516 3343 Bozyn„
2599 3247 2939 3339 Georgius
3012 3248 3138 3354 de‘
3171 3247 3449 3341 Kanysa

151 3344 353 3422 Banus
404 3349 1027 3441 NandoralhensiS‚
1103 3351 1460 3424 Johunnes
1529 3350 1802 3422 Berizlo
1859 3350 2084 3441 Regni
2154 3348 2408 3422 Rascie
2462 3350 2839 3446 Despotusq
2922 3350 3309 3445 Stephanus
3364 3351 3451 3421 de

148 3448 431 3547 Thelegd
485 3453 990 3526 Thesaurarius
1043 3453 1330 3548 Regius.
1382 3453 1736 3527 Johannes
1788 3452 2028 3524 Bebek
2081 3452 2169 3524 de
2213 3453 2600 3543 Pelsewcz‚
2659 3454 3000 3546 Georgius
3054 3452 3323 3548 Dragfy
3359 3453 3445 3524 de

151 3551 520 3651 Belthewg,
573 3557 874 3630 Thomas
929 3557 1168 3654 Zechy
1213 3557 1301 3629 de
1336 3556 1899 3654 Felsewlyndvaq
1952 3555 2249 3628 Michuel
2299 3555 2578 3648 Orzagh
2622 3556 2710 3629 de
2760 3555 2989 3646 thh.,
3041 3557 3453 3629 Franciscus

149 3656 221 3726 de
269 3660 711 3747 Hedervara„
768 3661 1154 3756 Stephanus
1205 3660 1554 3757 Rozgony
1606 3661 1692 3733 de
1744 3659 2152 3756 Monyoros‚
2205 3658 2560 3732 Johaunes
2614 3659 2701 3730 ds
2754 3659 3144 3747 Homonnaeu
3216 3659 3452 3752 Sigis-

48 3839 49 3842 ,
150 3763 410 3837 mundus
494 3763 589 3835 de
659 3764 1040 3854 Lossoan
1119 3763 1460 3856 Georgius
1534 3762 1786 3836 Comes
1842 3763 1929 3836 de
1998 3763 2356 3860 Hereum,
2435 3760 2756 3836 Andreas
2827 3762 2998 3835 Both
3054 3763 3142 3836 de
3212 3762 3450 3858 Bayna

146 3875 203 3932 et
252 3866 664 3940 Franciscus
717 3867 1003 3940 Baiassa
1061 3868 1146 3940 de
1204 3867 1578 3964 Gyarmath
1649 3867 2044 3959 Regnorum
2117 3867 2496 3942 Dalmacie.
2578 3865 2870 3940 Croucie
2943 3877 3012 3938 et
3082 3866 3452 3939 Sclauouie

149 3964 296 4040 Bani
350 3973 587 4062 eiecti,
639 3970 993 4044 Johannes
1049 3971 1334 4042 Pethew
1377 3971 1463 4042 de
1503 3971 1719 4042 Gersa
1774 3972 2153 4041 ianitorum
2209 3971 2637 4063 Reginalium
2692 3970 3048 4063 Magister„
3095 3970 3452 4043 Jobanues

142 4067 487 4170 Tharczay
561 4072 973 4165 Siculorum,
1042 4073 1445 4147 Ambrosius
1510 4072 1778 4145 Sarkau
1833 4073 1920 4144 de
1973 4073 2350 4146 Akoshazu
2401 4073 2853 4149 Posoniensis
2907 4071 3236 4163 Comites,
3308 4072 3454 4145 Mi-

146 4172 325 4249 chael
377 4178 465 4251 de
521 4176 740 4268 Ghak‚
793 4178 1146 4251 Johannes
1202 4176 1443 4273 Banffy
1497 4177 1585 4248 de
1638 4176 2022 4264 Lossoncz,
2075 4176 2414 4267 Ramnes,
2470 4199 2604 4251 nec
2643 4201 2782 4251 non
2827 4177 3178 4251 Barnabas
3231 4177 3451 4272 Belay

148 4275 660 4371 Zewriniensis,
719 4281 1060 4377 Georgius
1113 4279 1310 4353 More
1347 4280 1434 4354 de
1474 4278 1713 4354 thla
1760 4278 2370 4369 Nonum-albensis„
2427 4279 2753 4354 Nicolaus
2807 4281 3046 4354 Kende
3083 4280 3170 4353 de
3207 4279 3452 4354 eadem

150 4377 368 4455 Chwla
407 4385 498 4456 de
545 4383 815 4458 Sabacz
869 4386 1064 4472 Bani,
1116 4382 1392 4459 Marcus
1438 4384 1770 4457 Horwath
1814 4384 1901 4457 de
1937 4383 2350 4457 Kamichacz
2406 4382 2835 4458 Castellanus
2891 4382 3112 4460 Castri
3164 4383 3452 4458 Buden-

148 4485 256 4572 εἰς,
330 4487 696 4561 Emericus
765 4486 1111 4561 Thewrek
1184 4488 1272 4562 de
1324 4488 1384 4559 E
1414 4543 1431 4561 .
1461 4511 1677 4585 nyng,
1756 4486 2048 4560 michael
2131 4487 2218 4561 de
2269 4486 2526 4580 Pakos,
2608 4487 2938 4561 Martinus
3019 4487 3294 4562 Gzobor
3363 4486 3451 4561 de

146 4584 940 4689 Ozoborzenth-Mihaly‚
993 4591 1287 4666 Michael
1341 4592 1429 4665 de
1483 4591 1654 4681 Zoh,
1709 4591 1959 4664 Paulus
2010 4592 2098 4663 de
2143 4591 2353 4684 Magh
2405 4592 3001 4684 vice-Palatinus,
3053 4592 3450 4668 Lodovicus

148 4686 485 4766 Zerechen
542 4696 629 4767 de
682 4694 753 4767 Μ
783 4749 799 4766 .
832 4749 848 4767 .
880 4750 893 4765 .
923 4717 1139 4790 nyew
1189 4695 1643 4769 Vice-Judex
1697 4693 1899 4767 Curie
1952 4695 2202 4790 Regis,
2255 4695 2568 4790 Magistri
2617 4696 2970 4769 Johannes
3009 4695 3096 4769 de
3132 4695 3450 4793 Ellyewe

152 4796 693 4886 ...Palatinulisq
768 4799 1151 4896 Stephanus
1207 4799 1294 4872 de
1347 4798 1797 4888 Werhewcz,
1867 4798 2128 4871 Judicis
2203 4797 2407 4871 Curie
2461 4798 2683 4894 Regie
2738 4810 2807 4872 et
2857 4800 3151 4873 Partium
3223 4799 3450 4894 Regni

142 4892 776 4994 Transyiuanarum„
849 4902 1161 4974 Matheus
1229 4902 1314 4975 de
1369 4901 1828 4998 Mezewgyan
1903 4911 1973 4971 et
2025 4902 2436 4974 Franciscus
2507 4902 2595 4974 de
2665 4902 2995 4975 Maroche
3066 4904 3451 4998 personalis

50 5007 51 5010 ’
149 5009 491 5090 presencie
545 5006 767 5099 Regie
822 5005 1198 5078 Maiestatis
1253 5005 1777 5092 Prothonotarih
1832 5026 1964 5077 nec
2002 5027 2138 5077 non
2193 5003 2488 5077 Michael
2539 5005 2872 5101 Emrehfy
2910 5008 2998 5080 de
3034 5006 3448 5100 Zerdahely„

151 5099 451 5178 Andreas
506 5108 866 5181 Litteratus
924 5110 1008 5181 de
1061 5109 1337 5181 Banchu
1397 5107 1648 5180 Comes
1688 5106 2297 5200 Chongradiensis.
2356 5108 2697 5182 Osualdus
2749 5108 3247 5206 Korlathkewy
3301 5108 3447 5182 Ca-

150 5213 424 5280 strorum
480 5210 736 5284 Thatha
794 5223 862 5283 et
917 5212 1494 5285 Comaromiensis
1552 5209 2007 5297 castellanus,
2090 5210 2416 5285 Nicotaus
2465 5211 2807 5308 Zolyomy
2854 5213 2944 5285 de
2996 5212 3242 5300 Albas„
3313 5212 3451 5286 Ni-

154 5311 371 5384 colaus
454 5314 663 5387 Zekei
722 5315 806 5387 de
859 5316 1197 5401 liewend,
1279 5314 1631 5386 Ladislaus
1713 5312 1798 5383 de
1855 5313 1999 5408 Kys
2080 5313 2367 5388 Warda.
2449 5315 2772 5389 Nicolaus
2852 5316 3289 5413 Haghmassy
3362 5316 3450 5388 de

152 5407 473 5507 Berckzo2
528 5419 852 5492 Albertus
907 5420 994 5492 de
1049 5419 1298 5507 Pakos2
1356 5422 1515 5490 item
1572 5417 1960 5513 Stephanus
2015 5416 2396 5493 Kesserew
2442 5419 2527 5492 de
2576 5418 2904 5515 Gyharth„
2960 5420 3314 5495 Ladislaus
3361 5419 3451 5494 de
