3950 5917
54 147 57 246 l

54 465 59 614 Ι

3273 405 3427 484 848

166 620 421 708 oblatas,
470 618 661 691 simul
709 639 858 690 cum
894 621 1202 712 pecuniis
1254 617 1843 701 Mardurinalibus.
1899 631 2161 693 semota
2200 617 2458 716 absque
2494 620 2801 692 vlteriori
2839 618 3201 705 dilacione,
3254 617 3429 691 red-

172 728 310 797 dere
364 734 428 795 et
490 723 716 793 exolui
792 721 1051 808 facere.
1129 731 1197 793 et
1267 722 1512 794 nullam
1593 723 1881 820 aliquam
1956 723 2349 797 vlteriorem
2424 724 2826 795 dilacionem
2896 726 2964 794 in
3039 745 3122 793 ea
3190 720 3430 796 facere

168 828 384 915 velitis,
454 848 540 897 ne
619 825 913 921 dupplex
987 835 1055 898 et
1108 824 1304 898 nobis
1360 850 1442 897 ac
1494 825 1697 901 vobis
1752 838 1821 902 et
1875 827 2140 901 colonis
2213 832 2464 901 vestris
2528 827 2612 899 ad
2667 827 2734 900 id
2789 826 3092 898 cumulus
3172 823 3427 900 laboris

168 930 431 1002 accedat.
533 928 704 1001 Nam
759 952 912 1016 nos„
969 933 1138 1002 certi
1193 940 1441 1016 estote,
1496 934 1662 1005 istas
1705 934 2042 1025 'pecunias
2097 953 2232 1003 non
2287 954 2409 1027 pro
2465 942 2701 1004 nostro
2774 934 3064 1026 priuato,
3119 928 3246 1001 sed
3299 952 3423 1025 pro

168 1037 327 1105 istius
375 1041 440 1106 et
488 1033 665 1104 illins
717 1032 1112 1124 Regnorum
1167 1044 1552 1106 nostrorum
1619 1038 1956 1106 communi
2011 1036 2371 1108 commodo
2428 1045 2497 1107 et
2548 1034 2829 1106 utilitate
2883 1043 2953 1105 et
3001 1035 3424 1128 potissimum

167 1160 268 1230 pro
315 1137 655 1208 solucione
710 1136 1045 1208 Banorum
1094 1137 1270 1209 illius
1317 1136 1538 1232 Regni
1595 1142 1832 1214 nostri
1888 1149 1957 1209 et
1993 1138 2078 1209 de
2113 1138 2401 1248 Jaycza„
2456 1161 2587 1253 que
2625 1143 2846 1211 omnia
2892 1147 2967 1209 vt
3001 1136 3424 1232 inplurimum

166 1263 266 1334 pro
314 1239 705 1312 defensione
761 1251 1004 1313 vestra
1032 1230 1338 1311 c'edunt.
1347 1217 1886 1335 postulauimus
1943 1231 2317 1337 quibusque
2373 1245 2504 1314 ia'in
2560 1264 2680 1338 pro
2739 1244 2996 1313 maiore
3048 1251 3241 1337 parte
3291 1239 3427 1313 de·-

164 1348 542 1437 putauimus3
596 1343 680 1415 ad
736 1344 1040 1416 eiusdem
1100 1316 1322 1439 itaque
1378 1344 1658 1418 subsidii
1713 1349 1844 1417 iam
1898 1356 1974 1416 vt
2026 1345 2389 1442 prefertur,
2445 1368 2568 1441 per
2620 1368 2750 1419 vos
2806 1344 3037 1425 oblati
3102 1353 3171 1416 et
3221 1347 3426 1416 etiam

163 1450 395 1548 ‚viginti
416 1448 901 1547 denariorum
948 1448 1094 1524 boc
1130 1460 1265 1540 est
1320 1453 1763 1544 pecuniarum
1817 1448 2404 1548 Mardurinalium
2421 1449 2880 1542 dicacionem
2900 1459 2967 1524 et
3038 1470 3426 1560 connume—

164 1549 471 1623 racionem
542 1539 845 1623 Fidelem
917 1547 1217 1624 nostrum
1292 1550 1661 1650 Egregium
1730 1533 2173 1625 Benedictum
2232 1553 2315 1625 de
2359 1543 2697 1662 Wemer.
2775 1549 3214 1648 capitaneum
3284 1575 3427 1640 ιιο-

164 1657 338 1726 staini
384 1655 873 1748 Segniensem,
929 1657 1260 1749 elegimus
1298 1658 1376 1728 et
1405 1656 1911 1751 deputanimus3
1965 1679 2180 1752 penes
2235 1679 2458 1754 quem
2469 1679 2603 1730 vos
2641 1679 2937 1752 quoque,
2976 1659 3050 1728 si
3070 1648 3426 1752 placuerit}
3432 1693 3456 1718 .

160 1767 216 1826 et
256 1759 625 1840 volueritis.
662 1759 1014 1846 hominem
1068 1769 1369 1838 vestr-{um
1427 1783 1517 1844 ex
1564 1760 1678 1833 illo
1717 1760 1962 1853 Regno
2018 1770 2286 1848 nostro,
2336 1760 2637 1836 Fidelem
2690 1771 2998 1835 nostrum
3048 1759 3427 1883 Egregium

158 1858 514 1954 Magistrum
574 1863 923 1935 Nicolaum
978 1862 1310 1985 Woykffy
1380 1849 1965 1936 Prothonotarium
2041 1865 2346 1937 eiusdem
2417 1865 2641 1959 Regni
2711 1868 2927 1938 nostri
2997 1886 3121 1959 pro
3188 1866 3430 1936 maiori

156 1965 385 2037 cautela
438 1977 506 2044 et
563 1968 778 2062 aliqua
854 1970 1242 2064 suspicione
1315 1968 1625 2042 euitanda
1701 1969 1959 2060 eligere
2023 1971 2349 2063 poteritis.
2459 1967 2561 2040 Ob
2619 1991 2768 2041 eam
2825 1990 2967 2040 rem
3024 1970 3427 2062 requirimus

157 2065 474 2141 fidelitates
534 2081 836 2156 vestras.
911 2080 978 2140 et
1029 2070 1499 2143 nichilominus
1572 2071 1828 2144 eisdem
1903 2075 2405 2162 committimus,
2482 2083 2812 2166 quatenus
2885 2075 3186 2168 acceptis
3256 2093 3429 2166 pre-

155 2172 424 2262 sentibus
496 2174 831 2268 prefatum
885 2173 1323 2268 Benedictum
1388 2174 1480 2247 de
1500 2175 1848 2262 Ψθιιιθι,
1901 2199 2037 2250 vna
2095 2198 2244 2247 cum
2299 2186 2673 2271 preattacto
2728 2176 3058 2274 Magistro
3103 2175 3430 2266 -Nicolao‚

155 2283 215 2344 vt
276 2281 724 2371 premisimus,
796 2288 929 2350 tam
1015 2259 1097 2350 ad
1172 2277 1458 2373 predicti
1530 2276 1833 2365 subsidii,
1917 2302 2113 2376 quam
2187 2283 2621 2375 pecuniarum
2693 2279 3290 2360 Mardurinalium
3307 2278 3429 2356 (li-v

150 2379 469 2452 cacionem
550 2386 906 2456 exmittere
962 2391 1031 2452 et
1083 2385 1339 2454 exmitti
1402 2380 1665 2472 facere.
1738 2382 2132 2477 eisdemque
2204 2386 2530 2479 pecunias
2602 2386 3003 2479 quantocius
3075 2381 3311 2460 exolui
3360 2385 3433 2460 et

148 2479 572 2557 administrari
650 2484 884 2557 facere
962 2483 1302 2573 debeatis.,
1385 2496 1455 2558 et
1520 2489 1927 2574 teneamini·
2009 2497 2082 2562 vt
2151 2509 2281 2560 nos
2355 2510 2622 2582 quoque
2695 2509 2844 2559 cum
2920 2487 3066 2560 illis
3120 2488 3430 2583 pecuniis

150 2581 324 2658 Banis
375 2592 545 2684 ipsis
602 2600 670 2661 et
720 2591 868 2662 aliis
926 2587 1438 2662 occurrentibus
1495 2594 1787 2684 negotiis
1842 2594 1908 2661 in
1964 2600 2271 2685 tempore
2352 2592 2772 2664 solucionem
2843 2587 3078 2662 facere
3133 2600 3203 2664 et
3251 2613 3430 2688 pro-z

147 2688 354 2762 uidere
410 2694 790 2766 valeamus.
896 2693 1005 2764 Ac
1060 2716 1141 2764 ea
1199 2695 1451 2780 omnia,
1526 2716 1658 2786 que
1719 2693 1921 2766 iidem
1982 2695 2291 2767 homines
2345 2698 2558 2767 nostri
2615 2695 2813 2767 vohis
2867 2698 3138 2768 nomine
3190 2703 3430 2769 nostro

147 2791 436 2885 dixerint,
494 2796 784 2869 credere
830 2807 900 2868 et
943 2795 1178 2868 facere
1233 2795 1560 2870 debeatis.
1615 2797 1820 2870 Aliud
1865 2819 2004 2870 non
2053 2797 2314 2871 facturi.
2421 2797 2664 2871 Datum
2718 2798 2908 2871 Bude
2963 2796 3136 2870 feria
3192 2808 3429 2893 quarta

148 2903 425 2988 proxima
483 2911 643 2995 post
688 2899 936 2973 festum
989 2899 1538 2974 Resurrectionis
1575 2901 1868 2974 Domini.
1923 2902 2128 2975 Anno
2186 2903 2492 2976 eiusdem
2547 2903 2907 2975 Millesimo
2963 2897 3431 2997 quadringen-

146 3005 365 3074 tesimo
430 3007 890 3098 nonagesimo
943 3026 1148 3076 nono.

1302 3261 1916 3326 intitulationis
1978 3271 2253 3326 tenor:

428 3480 755 3575 Egregiis
820 3491 892 3553 et
940 3480 1294 3556 Nobilibus
1350 3481 1788 3572 Vniuersitati
1837 3479 2176 3553 Nobilium
2232 3481 2455 3576 Regni
2509 3487 2726 3556 nostri
2781 3483 3149 3556 Sclauonie
3203 3481 3432 3555 fideli-⁶

138 3576 245 3651 bus
293 3583 503 3658 nobis
557 3583 841 3658 dilectis.
3418 3625 3423 3630 ·

1057 3840 1373 3921 (Siyillum
1419 3839 1681 3921 Reqium
1727 3839 1810 3904 ab
1856 3849 2037 3905 eccm
2081 3859 2464 3924 oppressum.
2469 3853 2501 3919 )

130 4075 259 4147 orig.
297 4081 465 4134 carth.
502 4083 559 4133 in
593 4080 820 4135 Archivo
857 4081 1023 4153 Regni
1059 4079 1312 4135 croatiae.
1350 4080 1485 4133 Priv.
1520 4078 1608 4132 Νι.
1644 4080 1731 4133 83.

2861 5487 3007 5564 31*
