3950 5917
534 332 642 437 es

540 580 745 665 atque
772 567 1373 656 reformationem,
1427 576 1666 640 nostro
1720 571 2072 665 nostrique
2126 566 2413 667 Capituli
2457 568 2715 666 Sigillis
2767 572 3218 669 pendenh‘bus
3263 576 3586 667 ⁸iussimus
3630 598 3823 650 com-

536 674 805 746 muniri.
907 670 1156 744 Actum
1205 674 1274 743 in
1328 669 1609 766 Spalato
1662 675 1731 744 in
1785 675 2173 768 praesentia
2235 684 2308 747 et
2356 677 2746 749 testimonio
2816 674 3138 750 nobilium
3207 681 3511 754 virorum
3574 679 3818 754 Mai-fini

538 774 719 850 Gris
728 777 937 871 goni,
988 774 1274 870 Josepbi
1322 773 1530 863 Petri.
1586 785 1657 848 et
1704 774 1976 849 Martini
2029 776 2373 852 Simeonis
2425 782 2494 853 in
2545 779 2987 875 palatio...
3068 780 3320 875 Ego..
3398 783 3566 856 ..D
3613 783 3810 856 Lucas

534 876 929 953 Canonicus
994 888 1066 951 et
1123 880 1391 970 juratus
1460 877 1781 952 Notarius
1853 879 2281 976 spalatensis
2349 880 2456 956 bis
2521 883 2799 957 interfui
2847 894 2917 958 et
2967 885 3288 959 mandato
3343 908 3427 960 ac
3481 897 3816 984 praecepto

532 982 621 1056 D.
674 982 1198 1080 Arcbiepiscopi
1259 1004 1392 1054 nec
1443 1005 1582 1056 non
1632 992 1705 1055 et
1756 979 2070 1080 Capituli,
2125 994 2198 1056 ut
2251 985 2481 1059 audivi
2534 991 2803 1083 scripsi.
2858 990 3203 1085 complevi
3258 999 3329 1061 et
3380 989 3704 1064 roboravi.
3730 993 3814 1082 Ἴ

534 1184 616 1242 Ει
647 1186 894 1242 Ambivio
930 1186 1183 1241 flonensis
1216 1186 1482 1240 Ecclesiae
1523 1225 1535 1237 .
1570 1187 1759 1240 Fan-lati
1796 1187 2054 1255 illyricum
2090 1188 2322 1242 Sacrum.
2355 1189 2411 1242 T.
2448 1189 2533 1243 m.
2569 1207 2620 1259 p.
2657 1191 2781 1244 285.

1968 1781 2433 1879 van.

1479 2069 1685 2140 Anno
1753 2066 1992 2172 1274,
2056 2071 2291 2163 pridie
2362 2069 2646 2143 calend.
2699 2072 2913 2143 lunii.

537 2332 1059 2416 Ladislaus
1121 2331 1322 2415 Rex
1405 2332 2462 2437 populum-Ecclesiae
2524 2334 3243 2442 Zagrabiensis
3303 2335 3851 2440 spenden-

530 2471 687 2553 dis
747 2472 1218 2551 collectis
1279 2474 2036 2553 marturinarum
2095 2472 2550 2553 undecim
2614 2484 2699 2553 et
2759 2485 3134 2579 septem
3196 2474 3852 2577 denariorum,

1105 2614 1193 2686 in
1257 2606 1605 2714 Regno
1669 2600 2220 2691 Slavoniae
2285 2617 2836 2717 consuetiS‚
2899 2612 3287 2692 liberat.

856 2882 1235 2973 Ladislau5‚
1285 2885 1418 2957 Dei
1479 2887 1699 2978 gratia
1759 2884 2178 2976 Hungariae.
2249 2882 2685 2972 Dalmaciae‚
2758 2879 3118 2974 Croaciae.‚
3187 2882 3474 2974 Ramae‚
3531 2881 3864 2975 Serviae‚

532 2988 876 3078 Galiciae.
930 2988 1408 3075 Lodomeriae,
1465 2985 1970 3079 Cumaniaeque
2020 2986 2205 3074 Rex,
2269 2985 2580 3058 omnibus
2649 2996 2784 3058 tam
2835 2987 3268 3083 presentibus
3321 3010 3520 3084 quam
3584 2986 3864 3078 futuris,

528 3103 617 3167 «et
688 3093 1077 3188 specialiter
1165 3092 1644 3165 collectoribus
1734 3091 2252 3166 Marturinarum
2339 3090 2653 3163 undecim
2728 3100 2799 3162 et
2876 3102 3140 3186 septem
3209 3088 3660 3165 Denariorum
3735 3114 3872 3188 per

538 3195 945 3272 slavoniam
998 3196 1083 3268 ad
1138 3218 1496 3292 praesens,
1551 3207 1621 3270 et
1670 3219 1796 3292 pro
1850 3204 2160 3288 tempore
2215 3198 2622 3285 constitutis,
2678 3194 2917 3289 quibus
2971 3194 3272 3290 expedit,
3325 3210 3398 3269 et
3448 3206 3874 3292 praesentes

536 3299 1011 3390 ostendentur,
1083 3301 1366 3373 salutem
1429 3304 1496 3375 in
1554 3304 1846 3373 omnium
1904 3298 2287 3371 Saluatore.
2394 3297 2562 3369 Cum
2635 3299 2860 3394 populi
2927 3298 3411 3393 Zagrabiensis
3465 3299 3878 3383 Ecclesiae„

541 3414 681 3477 tam
734 3405 1060 3500 Episcopi
1121 3405 1447 3478 videlicet
1519 3427 1716 3499 quam
1773 3400 2060 3496 Capituli
2111 3401 2248 3473 loci
2302 3401 2610 3474 eiusdem
2662 3402 2745 3473 ab
2796 3406 2978 3476 omni
3032 3405 3350 3495 collecta,
3421 3406 3568 3476 siue
3625 3427 3880 3476 exac-

538 3512 728 3580 tione
784 3508 1079 3603 qualibet
1132 3513 1644 3581 marturinarum
1698 3507 2046 3591 videlicet,
2104 3515 2173 3577 et
2209 3507 2488 3577 aliarum
2543 3511 2976 3579 exactionum
3033 3530 3612 3602 quarumcunque„
3667 3511 3881 3581 iuxta

530 3614 882 3706 antiquam
937 3624 1005 3684 et
1052 3623 1452 3685 consuetam
1504 3610 1812 3702 ejusdem
1866 3609 2227 3680 Ecclesiae
2299 3609 2705 3702 libertatem,
2773 3611 3096 3682 vallatam
3149 3613 3372 3684 multis
3422 3611 3888 3706 praedeces-

534 3738 774 3790 sorum
828 3726 1212 3789 nostrorum
1269 3714 1677 3807 Priuilegiis‚
1732 3724 1803 3787 et
1856 3713 2245 3808 specialiter
2296 3714 2662 3806 Priuilegio
2715 3715 2989 3787 Domini
3043 3715 3367 3811 Stephani
3431 3720 3893 3788 serenissimi

539 3819 785 3912 Regis.
841 3821 1071 3892 clarae
1137 3818 1634 3891 recordationis
1688 3819 1907 3890 Patris
1976 3822 2230 3907 nostri,
2291 3816 2497 3890 liberi
2551 3822 2685 3890 sint
2735 3822 3001 3912 penitus
3056 3830 3124 3891 et
3176 3824 3499 3914 exempti.
3572 3818 3893 3914 Nosque

534 3924 837 3999 eandem
891 3923 1274 3995 Ecclesiam
1331 3927 1398 3995 dc
1442 3923 1740 4017 Populos
1812 3926 2025 4017 ipsius
2095 3925 2162 3994 in
2215 3921 2554 4017 prioribus
2615 3924 2908 3994 velimus
2973 3945 3209 3995 eorum
3263 3922 3698 3995 libertatibus
3762 3928 3893 3995 in·-

534 4027 829 4100 demnes
900 4050 1360 4100 conseruare:
1468 4027 1911 4100 Vniuersitati
1982 4037 2262 4098 vestrae
2332 4030 2675 4121 praesenti
2765 4027 3061 4099 dictione
3135 4038 3459 4122 perpetuo
3537 4026 3893 4101 duratura

540 4132 933 4226 specialiter
984 4131 1390 4220 inhibemuffi
1444 4155 1535 4204 ne
1572 4137 1721 4227 quis
1757 4130 2145 4228 praedictos
2182 4131 2480 4226 Populos
2534 4130 2858 4225 Episcopi
2912 4142 2980 4202 et
3019 4128 3299 4225 Capituli
3337 4131 3893 4224 ZagrabiensiS.

532 4240 844 4323 momine.
924 4239 1188 4307 ratione
1242 4258 1363 4307 seu
1422 4240 1793 4308 occasione
1866 4234 2200 4307 collectae
2264 4234 2644 4326 cuiuslibet,
2718 4245 2787 4306 et
2836 4237 3222 4329 specialiter
3275 4246 3650 4331 praetextu
3714 4237 3893 4308 col-

534 4339 764 4411 lectae
836 4340 1148 4412 undecim
1213 4349 1283 4412 et
1334 4350 1596 4436 septem
1651 4340 2127 4429 Denariorum7
2208 4347 2595 4435 praesumat
2672 4349 3003 4434 quatenus
3079 4340 3472 4429 molestare,
3539 4350 3674 4413 aut
3748 4341 3893 4417 ali-2

655 4688 714 4754 *J
750 4689 892 4741 Hanc
931 4692 1215 4743 cessionem
1252 4689 1540 4757 Stephanus
1575 4688 1636 4741 V.
1672 4676 1781 4740 Rex
1816 4704 1868 4740 a.
1904 4688 2058 4741 1272.
2092 4689 2143 4741 8.
2178 4687 2296 4739 Jutii
2333 4689 2397 4740 ad
2435 4702 2652 4756 praeces
2683 4688 2926 4758 Episcopi
2961 4688 3213 4743 Nouensis
3248 4689 3595 4743 confirmavit.
3667 4690 3742 4744 Ῑιι
3785 4690 3893 4756 eju

748 4776 1056 4844 diplomatae
1110 4777 1240 4830 haec
1293 4777 1568 4844 leguntur:
1641 4774 1778 4843 „Nos
1811 4784 1984 4843 itaque
2022 4792 2137 4827 cum
2174 4791 2241 4827 ex
2277 4774 2438 4828 forma
2493 4776 2770 4829 litterarum
2824 4776 3121 4829 earumdem
3170 4777 3361 4839 edocti.
3415 4792 3536 4831 cum
3574 4780 3767 4830 etiar-
3813 4794 3893 4846 pe

748 4865 1090 4916 testimonium
1127 4864 1343 4916 Rolandi
1378 4862 1523 4927 Beni,
1559 4863 1880 4930 aliorumque
1930 4861 2176 4914 nobilium
2222 4862 2500 4928 informati,
2553 4879 2653 4915 nec
2689 4879 2792 4915 non
2832 4879 2897 4915 ex
2931 4865 3063 4915 serie
3100 4863 3562 4917 instrumentorum
3609 4864 3893 4917 Nouensi

743 4950 1010 5002 Ecclesiae
1058 4951 1260 5013 edocti,
1328 4952 1465 5019 quod
1518 4949 1781 5003 Provincia
1838 4949 1901 5000 de
1940 4948 2074 5013 Lice,
2130 4958 2182 5000 et
2237 4950 2346 5016 ejus
2386 4949 2655 5001 decimatio
2710 4966 2972 5019 nunqnam
3025 4949 3090 5003 ed
3142 4949 3492 5021 spalatensem
3550 4948 3893 5003 Ecclesiam

744 5038 835 5089 sed
874 5052 1078 5105 semper
1113 5044 1164 5086 et
1200 5036 1413 5105 pacifice
1450 5036 1514 5087 ad
1552 5034 1835 5105 praefatum
1881 5033 2176 5086 Nouensem
2225 5035 2534 5104 Episcopum
2573 5045 2624 5087 et
2658 5035 2941 5087 Ecclesiam
2997 5052 3139 5088 suam
3187 5038 3490 5104 pertinuerit
3526 5046 3586 5090 et
3634 5037 3893 5089 debuer-

747 5123 810 5175 de
841 5123 959 5190 jure
996 5124 1273 5191 pertinere,
1326 5123 1577 5175 suadente
1618 5122 1748 5189 juris
1795 5122 2073 5189 aequitate,
2121 5121 2315 5174 litteras
2361 5117 2570 5176 easdem
2607 5132 2740 5175 ratas
2788 5123 2958 5176 baben
2963 5119 3073 5187 tea}
3108 5132 3164 5174 et
3196 5124 3455 5192 acceptas,
3503 5132 3559 5176 et
3602 5125 3807 5177 inseri
3859 5122 3893 5176 d

743 5210 911 5263 verbo
945 5210 1025 5261 ad
1047 5208 1262 5262 verbum
1311 5208 1575 5273 facientes,
1612 5207 1969 5278 praesentibus
2004 5210 2364 5263 constantinus
2400 5218 2500 5262 etc.
2570 5206 2756 5265 Datum
2792 5226 2886 5280 per
2919 5224 3101 5263 manus
3139 5209 3358 5280 Magistri
3397 5210 3728 5280 Praepositi
3771 5209 3893 5265 On

745 5292 935 5349 diensis
970 5295 1337 5363 (Duodiensis)
1368 5296 1517 5349 atilae
1552 5304 1758 5349 nonme
1794 5295 1853 5348 V.
1889 5293 2198 5363 cancellarii
2227 5305 2327 5350 etc.
2398 5296 2790 5392 venerabilibus
2827 5296 3059 5351 Patribus
3092 5306 3192 5350 etc.
3245 5296 3478 5351 lachimo
3517 5296 3734 5353 Banu
3749 5301 3893 5357 toti!

744 5383 1070 5451 Sclavoniae‚
1106 5384 1265 5438 Paulo
1300 5383 1445 5438 Bano
1482 5381 1680 5438 Comite
1714 5382 2053 5437 Biacbiensist‘

2864 5492 2882 5525 ἱ
2917 5474 2924 5483 .
