3950 5917
3293 403 3459 500 400

110 605 206 679 in
252 623 340 677 se
391 603 773 678 vastiorem
823 622 1239 699 processum
1281 625 1407 678 seu
1448 601 1865 692 districtum,
1917 610 2016 678 et
2038 602 2266 700 quoad
2310 607 2615 708 ,iustitiae
2676 604 3370 706 administrationem
3386 619 3461 686 et

130 704 609 802 deportandae
678 700 1223 780 Contributionis
1305 705 1856 784 commoditatem
1933 710 2554 803 securitatemque3
2622 731 2773 781 cum
2855 709 3107 806 hyeme
3162 721 3233 784 et
3283 703 3460 804 vere

128 813 329 906 rigor
378 808 651 904 hyemis
705 830 790 882 ac
841 810 1096 882 nivium
1151 808 1692 883 extraordinaria
1748 813 1973 905 copia,
2054 821 2317 884 aestate
2389 834 2592 890 vero
2616 811 2982 886 Latronum
3052 817 3462 910 viarumque

131 912 608 986 insidiatorum
659 913 1004 1004 grassatio
1056 910 1341 985 Flumen
1395 921 1467 986 et
1514 912 1871 995 Buccarim
1942 916 2298 986 transitum
2349 924 2419 988 et
2473 918 3161 990 communicationem
3227 922 3460 1015 impe-

132 1014 354 1105 diant,
404 1011 791 1105 Zagrabiae
844 1013 1379 1088 commodiorem
1419 1024 1489 1087 et
1523 1038 1772 1088 nexum
1828 1015 2222 1102 habentem
2274 1014 2584 1090 amittere
2639 1017 2947 1115 deberet,
3005 1020 3231 1114 quoad
3276 1045 3460 1112 ean-

135 1117 297 1191 dem
352 1118 563 1191 avelli
612 1127 1186 1213 praeconceptam
1241 1118 1524 1226 actualis
1579 1116 1891 1210 ejusdem
1942 1123 2363 1215 possessorij
2438 1130 2699 1217 partem
2744 1122 3129 1213 jurisdictio
3185 1134 3256 1197 et
3307 1127 3461 1216 eJ‘us

134 1222 432 1295 effectus
484 1223 555 1293 in
601 1220 800 1292 salvo
856 1231 3440 1295 conserventur..

450 1322 527 1397 In
574 1322 814 1396 ordine
865 1345 1072 1419 porro
1127 1323 1213 1396 ad
1248 1323 1546 1417 benigne
1601 1322 1800 1397 nobis
1853 1328 2225 1398 intimatam
2279 1283 2951 1423 excorporationem,
3006 1351 3183 1424 quae
3220 1334 3463 1429 partim

134 1429 207 1500 in
261 1425 602 1499 cambium
651 1424 902 1521 Regno
956 1426 1610 1523 incorporandornm
1664 1437 1733 1499 et
1783 1450 1909 1523 per
1956 1425 2220 1501 Statum
2271 1428 2632 1502 Militarem
2672 1430 3161 1521 cedendorum,
3215 1437 3456 1528 partim

136 1551 315 1604 vero
373 1551 469 1602 ex
519 1531 787 1603 ratione
837 1527 1309 1605 subversantis
1365 1531 1741 1625 cujuspiam
1792 1532 2299 1622 inclamationis,
2381 1553 2548 1628 erga
2602 1533 2827 1607 Aulae
2851 1523 3119 1608 Bellici
3175 1534 3461 1610 Consilii

135 1633 522 1729 proJectum
574 1642 713 1704 tam
767 1634 987 1731 ampla
1041 1632 1241 1706 nobis
1294 1637 1719 1730 proponitur,
1773 1644 1843 1705 ut
1894 1634 2260 1729 politicam
2285 1634 2535 1729 Regni,
2615 1659 2791 1731 quae
2836 1640 2981 1729 jam
3036 1642 3255 1712 attrita
3312 1663 3454 1711 ex-

136 1735 517 1830 haustaque
571 1744 705 1826 est,
754 1735 1298 1827 jurisdictionem
1355 1735 1767 1810 sensibiliter
1805 1746 1873 1809 et
1910 1749 2222 1811 extreme
2279 1748 2627 1829 coarctet3
2682 1739 2992 1820 dolorem
3046 1765 3246 1838 quem
3301 1743 3460 1815 inde

137 1841 390 1935 privati
461 1860 683 1933 aeque
737 1860 822 1909 ac
868 1837 1208 1934 publicum
1279 1843 1747 1935 concepimus,
1818 1863 1955 1914 non
2030 1863 2396 1936 possumus
2469 1864 2704 1916 coram
2777 1843 3138 1936 Majestate
3210 1845 3463 1939 Vestra

140 1940 625 2015 sacratissima
681 1963 819 2014 non
875 1965 1249 2037 exponere.
1305 1943 1633 2016 Dolorem
1688 1943 1865 2016 hunc
1918 1966 2102 2017 nova
2159 1949 2690 2038 circumstantia,
2762 1957 2953 2041 parte
3008 1946 3093 2019 ab
3146 1970 3280 2020 una
3337 1971 3464 2043 per

139 2043 503 2118 Militarem
567 2051 815 2118 statum
884 2045 1235 2119 Banalium
1311 2043 1770 2119 Confiniorum
1823 2047 1988 2119 facti
2041 2051 2157 2120 via
2211 2052 2412 2120 etiam
2469 2053 2678 2144 partis
2729 2050 3078 2123 Bonorum
3144 2050 3463 2146 Topolo-

139 2170 319 2220 vecz
374 2145 501 2221 sub
555 2148 833 2220 nomine
901 2147 1378 2223 Possessionis
1434 2148 1713 2245 Szunya
1794 2154 2244 2246 excorporari
2313 2153 2762 2247 projectatae,
2835 2175 2960 2248 per
3028 2153 3456 2227 Colonellum

141 2273 183 2321 a
235 2248 603 2346 Bottichky
656 2259 982 2323 attentata
1038 2256 1398 2347 occupatio
1455 2262 1524 2324 et
1572 2251 2008 2347 Proprietarii
2084 2253 2367 2326 Comitis
2438 2254 2825 2349 Keglevich
2878 2258 2947 2327 in
2994 2256 3261 2347 juribus
3317 2261 3459 2330 suis

140 2352 461 2444 turbatio,
512 2362 707 2447 parte
762 2351 846 2424 ab
898 2354 1110 2427 altera
1168 2353 1542 2429 Comitatus
1597 2358 1841 2451 quippe
1894 2359 1986 2428 ita
2043 2356 2200 2429 dicti
2238 2358 2768 2432 Szeveriuensis
2824 2370 2983 2431 ante
3038 2363 3463 2454 resignatio-

140 2479 301 2529 nem
358 2459 560 2529 etiam
630 2455 929 2529 Partium'
980 2456 1065 2529 ad
1120 2457 1556 2532 indubitatam
1627 2457 2113 2552 Zagrahiensis
2187 2457 2559 2533 Comitatus
2624 2461 3168 2552 jurisdictionem
3244 2468 3464 2559 perti-

141 2561 446 2632 nentium
499 2559 953 2654 apprehensio
1009 2571 1077 2632 et
1115 2561 1411 2634 nondum
1456 2562 1773 2656 legaliter
1825 2565 2175 2634 instaurati
2229 2563 2540 2655 ejusdem
2597 2562 2996 2659 Comitatus,
3052 2560 3465 2660 perdurante

140 2663 273 2735 bac
330 2660 656 2736 Generali
706 2662 933 2758 Regni
975 2662 1529 2758 Congregatione
1584 2669 1653 2739 in
1709 2666 1828 2739 10.
1863 2663 2128 2739 Mensis
2165 2665 2578 2739 Novembris
2633 2666 3188 2762 Congregatione
3243 2692 3461 2763 prae-

140 2763 306 2838 fixa.
415 2765 493 2837 Si
567 2773 795 2839 tamen
861 2765 1265 2840 incunabula
1334 2777 1568 2841 nostra
1642 2790 1727 2839 ac
1802 2768 2065 2840 Statum
2148 2778 2218 2842 et
2285 2768 2559 2842 Sortem
2630 2782 3065 2866 praesentem
3150 2781 3457 2845 nostram

141 2878 560 2964 repetamuS,
641 2867 956 2942 videmus
1030 2881 1098 2942 et
1167 2892 1341 2944 vere
1414 2893 1568 2943 cum
1633 2871 1875 2944 dolore
1942 2876 2444 2946 reminiscimur
2521 2873 2866 2947 Bonorum
2948 2885 3018 2947 et
3068 2874 3460 2948 facultatum

143 2971 631 3067 amplissimam
684 2982 945 3070 partem
997 2994 1121 3068 per
1174 2976 1557 3096 inimicum,
1596 2978 1709 3096 qui
1763 2978 1830 3047 in
1865 2974 2003 3048 boc
2056 2987 2293 3070 aperto
2350 2976 2681 3052 bellorum
2719 2978 3016 3051 Theatro
3072 3001 3202 3053 nos
3257 2989 3465 3051 aute-

142 3073 405 3147 murale
457 3072 681 3168 Regni
735 3074 1237 3150 incursionibus
1292 3087 1362 3150 et
1416 3080 1669 3173 rapinis
1724 3100 1999 3172 semper
2051 3077 2442 3171 infestabat,
2498 3091 2900 3177 occupatam
2956 3074 3025 3154 et
3078 3083 3467 3177 dirreptam,

144 3179 350 3250 aliam
401 3180 469 3249 in
506 3180 970 3273 captivitatum
1022 3180 1559 3274 redemptionem
1615 3189 1685 3252 et
1738 3180 2070 3275 lytrornm
2126 3183 2592 3256 exolutionem
2648 3206 2800 3256 cum
2856 3195 3168 3257 extrema
3222 3195 3469 3278 poste-

141 3301 379 3354 rorum
429 3291 818 3355 nostrorum
889 3286 1081 3354 ruina
1137 3304 1574 3372 conversam,
1648 3305 2037 3379 supremam
2111 3308 2398 3379 eamque
2472 3290 2837 3360 maximam
2906 3307 3027 3380 pro
3100 3284 3463 3357 fundandis

144 3383 322 3457 binis
361 3381 907 3474 Generalatibus,
963 3384 1496 3458 Carlostadiensi
1551 3408 1686 3457 uno
1727 3395 1795 3457 et
1829 3386 2282 3460 Varasdiensi
2337 3387 2582 3478 altero,
2639 3389 3035 3485 dupplicatis
3089 3391 3252 3460 item
3307 3409 3466 3460 am·-

143 3489 273 3585 plis
329 3486 765 3560 Sclavenicis
812 3497 880 3560 et
914 3487 1280 3562 Banalibus
1332 3486 1687 3580 Confiniis,
1742 3488 2056 3585 adeoque
2110 3492 2178 3563 in
2231 3499 2534 3563 tutamen
2589 3502 2658 3563 et
2695 3492 3188 3564 deffensionem
3239 3489 3466 3583 Regni

144 3599 221 3664 et
272 3588 534 3664 Sacrae
590 3587 936 3680 Coronae,
1006 3596 1144 3665 imo
1199 3594 1482 3666 aliarum
1552 3596 1757 3666 etiam
1810 3591 2192 3686 Majestatis
2244 3593 2540 3667 Vestrae
2615 3592 3137 3666 Sacratissimae
3207 3593 3470 3666 baere-

144 3693 537 3767 ditariarum
589 3698 1124 3790 provinciarum,
1178 3719 1304 3790 per
1355 3716 1485 3769 nos
1540 3698 1979 3793 majoresque
2042 3707 2321 3772 nostros
2366 3699 2512 3790 jam
2567 3695 2832 3769 abunde
2888 3719 3050 3771 esse
3106 3696 3471 3773 sacritica-

146 3807 312 3889 tam,
363 3800 459 3869 ita
511 3798 808 3893 quidem,
861 3808 936 3870 nt
988 3798 1240 3873 exinde
1294 3799 1546 3872 nullum
1600 3811 1964 3896 propterea
2019 3801 2466 3898 aequivalens
2515 3804 2909 3896 praestitum
2966 3804 3098 3890 sit3
3152 3812 3472 3875 recenter

146 3903 355 3973 etiam
404 3904 475 3973 in
527 3904 724 3974 annis
786 3898 986 3974 1767
1042 3912 1112 3974 et
1167 3899 1394 3992 1768,
1451 3905 1825 3978 occasione
1877 3905 2123 3978 localis
2176 3905 2467 3978 Aulicae
2523 3904 3067 3994 Commissionis,
3142 3927 3317 4000 quae
3376 3903 3462 3976 ad

148 4004 468 4077 ellectum
537 4002 763 4100 Regni
826 4004 1085 4100 Legum
1142 4006 1227 4088 ad
1281 4005 1833 4080 accomodandas
1907 4007 2323 4082 differentias
2392 4012 2570 4082 inter
2637 4008 2995 4082 Militarem
3052 4019 3122 4081 et
3172 4011 3470 4105 provin-

148 4108 399 4179 cialem
470 4106 732 4179 Statum
804 4111 1124 4202 vigentes
1197 4118 1265 4181 et
1325 4113 1829 4205 quaerimonias
1911 4110 2467 4185 accomodandas
2547 4124 2826 4208 operata
2895 4123 3003 4185 est
3074 4112 3204 4185 sub
3273 4111 3464 4183 titulo

148 4209 412 4285 stabilis
492 4219 563 4282 et
642 4221 1012 4307 perpetuae
1066 4211 1322 4286 Lineae
1373 4224 1508 4285 tam
1565 4214 1650 4284 ad
1707 4212 2382 4289 Carolostadiensem
2440 4214 2948 4304 Generalatum,
3021 4238 3220 4310 qnam
3276 4215 3464 4286 alte-

146 4337 300 4387 rum
353 4313 965 4405 Varasdinensem,
1046 4316 1337 4412 undique
1391 4317 1805 4390 Provinciali
1877 4318 2353 4410 jurisdictione
2435 4321 2757 4405 cinctum,
2836 4323 2950 4414 qui
3025 4321 3470 4412 caeteroquin

146 4417 499 4516 personali
553 4420 994 4491 servientium
1042 4429 1114 4491 et
1147 4430 1422 4493 terreno
1472 4422 1729 4516 ample,
1786 4443 1989 4515 supra
2037 4421 2362 4494 videlicet
2414 4425 2935 4518 competentiam
2992 4419 3262 4494 servitii
3313 4443 3474 4492 am-

147 4522 326 4617 plius
380 4544 464 4592 ac
517 4524 585 4593 in
640 4523 909 4615 triginta
965 4545 1095 4594 sex
1150 4523 1331 4595 mille
1377 4523 1737 4618 jugeribus
1794 4535 2302 4619 supernatante,
2354 4524 2672 4615 abundat,
2748 4547 2902 4596 eum
2957 4521 3160 4597 factis
3210 4522 3472 4597 denen

148 4629 488 4700 secuturis
574 4625 859 4720 amplius
913 4627 1597 4719 excorporatiouibus
1650 4632 2066 4723 interpositis
2123 4629 2455 4716 cautellis,
2531 4628 2616 4699 de
2670 4628 2942 4722 politica
2989 4625 3470 4717 jurisdictione

150 4728 548 4800 sensibilem
605 4738 861 4823 partem
919 4727 1043 4798 snb
1088 4730 1333 4802 eodem
1389 4731 1612 4803 lineae
1669 4731 1927 4804 stabilis
1985 4732 2226 4804 ductus
2281 4733 2470 4804 titulo
2517 4733 2892 4820 amisimuS,
2946 4739 3019 4800 ut
3055 4729 3264 4816 adeo,
3316 4730 3476 4824 quid

149 4832 301 4904 sola
359 4831 534 4904 haec
588 4835 837 4924 exigua
906 4835 1258 4925 provincia
1317 4838 1380 4904 in
1439 4833 1889 4928 obsequium
1913 4833 2294 4924 Majestatis
2349 4833 2642 4905 Vestrae
2716 4833 3243 4906 Sacratissimae
3315 4857 3475 4903 am-

148 4935 329 5030 plius
385 4935 777 5007 sacrificare
831 4933 1079 5007 debeat
1133 4946 1247 5007 aut
1298 4941 1548 5031 possit,
1592 4958 1730 5009 non
1772 4941 2226 5023 inveniamus,
2282 4939 2704 5030 potissimum
2759 4946 3013 5025 autem,
3068 4936 3248 5032 quod
3301 4958 3474 5029 pro-

141 5040 406 5132 jactata
461 5037 641 5112 haec
692 5060 814 5133 per
865 5037 1089 5110 Aulae
1129 5039 1453 5112 Bellicum
1495 5039 1865 5112 Consilium
1923 5042 2436 5134 excorporatio,
2492 5044 2549 5110 si
2597 5041 2800 5111 etiam
2851 5063 2891 5110 a
2937 5038 3206 5130 juribus
3251 5037 3480 5131 Regni

153 5152 226 5214 et
277 5140 541 5214 Sacrae
615 5137 934 5216 Coronae
1005 5142 1431 5216 avulsionem
1507 5164 1645 5215 non
1713 5141 2099 5232 induceret,
2173 5164 2374 5237 quam
2427 5141 2788 5216 evidenter
2857 5142 3116 5214 inducit
3167 5153 3472 5240 systema

148 5245 363 5335 illius,
447 5254 719 5341 praeter
798 5248 1245 5340 excorporari
1320 5247 1851 5340 proJectatorum
1908 5245 2476 5340 amplissimorum
2558 5245 2994 5318 Districtuum
3074 5245 3480 5341 provinciali

142 5350 613 5443 jurisdictioni
685 5371 807 5444 pro
882 5347 1105 5420 futuro
1180 5351 1380 5419 ctiam
1454 5347 1952 5444 praejudiciosa
2011 5351 2116 5420 sit.
2226 5347 2774 5422 Clementissima
2852 5349 3184 5422 Domina!
3259 5349 3366 5420 tot-
3410 5356 3480 5436 ct
