3950 5917
544 496 701 569 448
801 583 811 592 ,

580 645 588 658 e
766 763 775 772 .
824 638 971 775 Αιι
1023 635 1183 771 522⁵-
1282 691 1631 793 Respectu
1686 635 2198 783 Querimoniae
2226 637 2714 782 Quaestorum
2737 643 3446 785 Κοεκιαιιιοιιθιιείιιιιι,
3503 655 3708 791 quod
3732 656 3846 788 iJ's-

526 762 709 878 ¹dem
788 827 915 901 per
986 801 1468 876 Generalatum
1542 796 2165 874 Carlostadiensem
2222 797 2565 884 Quaestus
2646 798 2775 870 alla
2835 795 3097 870 Minuta
3175 820 3317 871 non
3391 797 3848 872 admittantur:

546 907 746 982 Nunc
816 907 937 980 fati
993 903 1444 979 Generalatus
1501 901 2020 976 Commendanti
2078 901 2278 992 juxta
2335 900 2628 974 Ordines
2708 901 2906 972 hicce
2961 899 3331 995 Copialiter
3381 902 3694 975 adnexos
3737 923 3848 975 sua

524 1011 681 1084 Via
737 1014 922 1083 serio
977 1010 1237 1101 injungi
1283 1011 1425 1100 jam
1481 1006 1811 1078 fecimus.
1865 1016 1940 1077 ut
1992 1004 2357 1100 praedictis
2394 1003 2887 1090 Quaestoribus
2923 1002 3619 1076 Kosztaniczensibus
3659 1001 3850 1099 prae—

546 1123 837 1188 attactus
909 1114 1041 1188 alla
1115 1111 1371 1184 Minuta
1427 1108 1769 1198 Quaestus
1841 1112 1910 1180 in
1972 1106 2276 1180 futurum
2347 1110 2622 1179 omnino
2688 1110 2756 1179 in
2812 1105 3058 1179 eodem
3116 1105 3526 1179 Generalatu
3603 1129 3846 1180 conce·-

534 1218 771 1305 datur,
823 1228 1249 1310 eatenusque
1301 1212 1403 1285 Illi
1458 1213 1703 1286 debinc
1756 1214 2145 1304 neutiquam
2200 1208 2576 1300 turbentur.
2631 1219 2746 1281 aut
2795 1209 3264 1305 impediantur.

861 1370 971 1442 Ad
1046 1369 1202 1440 δὲ’-ὲ·
1281 1377 1505 1439 autem
1579 1377 1650 1438 et
1719 1364 1894 1437 72-22·
1978 1365 2264 1445 Puncta
2336 1362 2423 1435 de
2496 1364 2628 1435 alia
2691 1367 3359 1459 praenominatorum
3416 1365 3851 1451 Quaestor-um

524 1473 1184 1547 .Kosztanicensium
1242 1471 1706 1591 Querimonia,
1771 1469 1952 1563 quod
2009 1477 2167 1539 ante
2218 1467 2637 1539 Fortalitium
2679 1465 3236 1540 Carlostadiense
3289 1465 3375 1538 ad
3433 1468 3682 1541 insoliti
3734 1492 3851 1540 cu-

528 1580 834 1673 juspiam
890 1576 1110 1648 Titulo
1140 1575 1424 1666 Regalis
1479 1577 1668 1667 exigi
1732 1575 1913 1645 soliti
1966 1571 2233 1644 Census
2290 1571 2713 1642 Solutionem
2769 1569 3150 1662 adigantur.³
3208 1579 3277 1642 et
3339 1575 3730 1667 respective
3777 1571 3852 1643 de

544 1682 756 1774 petito
809 1700 936 1773 per
989 1676 1386 1749 Fidelitates
1439 1676 1729 1748 Vestras
1782 1674 2083 1766 benigno
2138 1673 2362 1765 Regio
2408 1673 2742 1744 Teloniali
2793 1672 3164 1765 Privilegio
3221 1695 3428 1767 super
3487 1673 3854 1747 Exactione

547 1780 928 1874 Vectigalis
979 1784 1049 1852 in
1095 1780 1312 1852 Ponte
1355 1778 1889 1851 Carlostadiensi
1945 1779 2322 1848 clementer
2376 1776 2805 1868 elargiendo.
2863 1779 3213 1847 sonantia.
3268 1773 3398 1848 Ubi
3453 1777 3679 1872 quoad
3731 1777 3855 1849 bo-

548 1907 697 1956 rum
768 1884 1176 1956 Punctorum
1242 1881 1554 1954 Meritum
1627 1884 1991 1976 requisitas
2063 1882 2344 1975 praevie
2417 1883 2558 1950 suis
2638 1877 2840 1950 Locis
2911 1878 3440 1952 Informationes
3503 1884 3855 1975 acceperi-

548 2009 728 2072 mus.
800 1986 1290 2081 bisexpensis
1345 1994 1631 2057 eatenus
1696 1985 2087 2056 ulteriorem
2162 1982 2526 2073 benignam
2580 1981 3097 2054 Resolutionem
3154 1981 3475 2054 Nostram
3532 1985 3856 2076 elargitu-

548 2111 670 2161 rae
725 2098 795 2161 et
844 2088 1310 2162 Fidelitatibus
1366 2110 1634 2183 quoque
1687 2086 1959 2160 Vestris
2024 2108 2149 2159 suo
2205 2084 2544 2180 Tempore
2599 2085 2976 2156 clementer
3049 2086 3551 2178 significaturae
3617 2109 3859 2164 sumus.

858 2241 1053 2327 Quod
1127 2251 1352 2313 autem
1422 2244 1665 2312 iterum
1737 2242 2018 2334 petitum
2089 2261 2214 2334 per
2264 2239 2660 2311 Fidelitates
2715 2238 3005 2312 Vestras
3077 2262 3200 2334 pro
3255 2239 3492 2312 Banali
3547 2252 3619 2313 et
3669 2239 3859 2313 Judi-

544 2349 754 2417 ciaria
812 2345 1224 2417 Districtuali
1279 2341 1554 2415 Tabulis
1610 2343 2028 2416 Salariorum
2085 2344 2496 2415 Auctionem
2553 2348 2944 2414 concernit:
3021 2354 3099 2414 ⁴ut
3165 2353 3241 2415 ut
3294 2344 3563 2438 quidem
3620 2348 3682 2416 si
3730 2367 3861 2415 un·-

541 2470 772 2541 quam,
827 2467 1009 2520 nunc
1062 2444 1375 2542 profecto
1430 2467 1688 2538 graves
1743 2457 1899 2519 sunt
1936 2446 2205 2536 Aerarij
2262 2444 2495 2518 Nostri
2535 2444 3137 2538 Caesareo-Regij
3177 2445 3686 2536 Necessitates,
3735 2446 3861 2519 Ni-

539 2550 906 2622 hilominus
962 2561 1216 2639 tamen,
1270 2559 1343 2620 ut
1382 2548 1777 2622 Fidelitates
1814 2547 2138 2635 Vestrae,
2193 2559 2510 2643 quantum
2559 2547 2708 2619 fieri
2753 2559 3005 2643 potest,
3059 2550 3194 2621 boc
3249 2572 3518 2644 qnoque
3555 2553 3626 2622 in
3665 2570 3862 2645 passu

538 2649 921 2725 maternam
965 2651 1266 2724 Gratiam
1313 2661 1381 2722 et
1420 2651 1909 2744 Benignitatem
1960 2651 2277 2723 Nostram
2321 2655 2786 2746 experiantur„
2843 2653 3219 2724 clementer
3264 2653 3734 2726 resolvimus:
3787 2650 3868 2724 Ut

538 2778 667 2850 pro
722 2755 1055 2848 augendis
1111 2764 1510 2826 attactarum
1563 2758 1878 2848 praecise
1914 2753 2321 2826 Tabularum
2379 2755 2664 2844 Salarijs
2712 2759 2779 2827 in
2827 2754 3207 2851 Complexo
3242 2757 3427 2847 (sic)
3470 2755 3683 2827 1450
3735 2754 3866 2827 flo-

541 2861 697 2928 reni
750 2881 843 2929 ex
896 2856 1135 2929 Fundo
1190 2855 1445 2930 Nostro
1501 2854 1839 2928 camerali
1900 2879 2028 2951 per
2081 2855 2254 2928 duos
2309 2856 2640 2928 duntaxat
2687 2859 2935 2931 Annos
2991 2881 3073 2930 ea
3127 2857 3538 2931 Conditione
3595 2858 3863 2954 depen-

544 2959 814 3044 dantur,
870 2969 943 3031 ut
994 2963 1256 3031 interea
1312 2961 1554 3055 aliquis
1609 2961 1783 3031 alter
1833 2960 2136 3048 FunduS,
2203 2982 2295 3031 ex
2350 2982 2483 3054 quo
2541 2960 2782 3033 eadem
2835 2960 3263 3034 Auctionalis
3320 2961 3602 3034 Summa
3661 2983 3867 3057 prae·-

536 3064 708 3135 stari
760 3065 1003 3156 possit,
1060 3066 1474 3157 exquiratur.

849 3213 1188 3289 Noverint
1267 3216 1554 3313 proinde
1606 3216 2001 3290 Fidelitates
2055 3217 2354 3293 Vestrae
2431 3218 3061 3315 praespecificatam
3141 3219 3348 3292 1450
3452 3221 3868 3294 florenorum

540 3319 892 3391 Summam
947 3321 1031 3392 ad
1088 3319 1412 3412 Subjecta
1480 3321 1979 3417 praedictarum
2035 3323 2312 3394 Banalis
2368 3333 2436 3394 et
2487 3322 2900 3395 Judiciariae
2952 3322 3407 3396 Districtualis
3462 3322 3866 3396 Tabularum

534 3422 1066 3512 individualiter,
1124 3434 1398 3495 servata
1452 3434 1679 3495 tamen
1732 3427 1911 3516 justa
1960 3435 2030 3496 et
2084 3447 2304 3519 aequa
2358 3430 2798 3521 proportione
2836 3426 3299 3520 subrepartiri‚
3355 3427 3681 3521 hancque
3719 3417 3864 3498 Re'-

533 3528 968 3619 partitionem
1015 3526 1496 3599 individualem
1552 3527 1775 3600 isthuc
1811 3530 2187 3623 proximius
2242 3527 2662 3615 submittere,
2717 3551 2851 3623 quo
2889 3529 3047 3601 dein
3084 3527 3448 3603 subsecuta
3481 3529 3866 3604 istiusmodi

535 3626 1026 3721 Repartitionis
1085 3628 1378 3723 benigna
1432 3630 1948 3726 Approbatione
2004 3629 2257 3702 Nostra
2315 3635 2498 3703 circa
2557 3632 2981 3705 Solutionem
3026 3637 3502 3728 praescriptae
3547 3633 3870 3706 Summae

524 3729 862 3814 ,ulteriora
919 3729 1165 3804 abhinc
1218 3756 1340 3806 sua
1394 3732 1525 3806 Via
1584 3733 1850 3828 disponi
1903 3738 2190 3829 possint.

844 3881 1213 3957 Caeterum
1271 3883 1664 3959 Clementer
1718 3884 2053 3975 confisae
2123 3899 2582 3983 praeattactas
2637 3888 2932 3962 Tabulas
2987 3889 3556 3984 quemadmodum
3623 3892 3867 3962 hacte-

533 4005 695 4075 nus„
748 3991 839 4058 ita
895 3985 1222 4083 deinceps
1277 3993 1480 4060 etiam
1535 3993 1605 4062 in
1657 3989 2013 4063 Exercitio
2068 3992 2517 4064 Functionum
2573 4015 2845 4066 suarum
2904 3996 3086 4065 omni
3141 4016 3294 4065 cum
3346 3992 3759 4089 Integritate
3807 4002 3868 4064 et

532 4088 903 4184 Diligentia
977 4112 1457 4185 processuras..
1542 4103 1744 4187 atque
1815 4096 2012 4184 juxta
2087 4093 2451 4188 benignam
2504 4095 2807 4169 Mentem
2879 4105 2949 4168 et
3020 4097 3472 4169 Intentionem
3547 4095 3866 4170 Nostram

534 4189 1004 4267 Fidelitatibus
1046 4194 1318 4269 Vestris
1373 4196 1669 4289 alioquin
1715 4199 1861 4289 jam
1917 4196 2185 4270 abunde
2238 4208 2494 4290 notam,
2546 4199 2671 4272 Jus
2727 4209 2797 4271 et
2830 4198 3168 4273 Justitiam
3221 4199 3606 4273 secundum
3654 4201 3863 4273 Deum

535 4305 609 4367 et
670 4294 1170 4392 Praescriptum
1242 4298 1469 4392 Regni
1540 4299 1796 4392 Legum
1854 4295 2090 4374 Cuivis
2169 4305 2297 4374 rite
2368 4313 2437 4374 et
2516 4312 2766 4375 exacte
2838 4302 3420 4377 administraturas
3495 4327 3696 4379 esse.
3795 4302 3860 4375 In

522 4398 798 4493 reliquo
870 4398 1336 4474 Fidelitatibus
1388 4402 1660 4476 Vestris
1718 4404 1947 4476 Gratia
2021 4413 2092 4476 et
2144 4403 2519 4477 Clementia
2564 4405 2827 4479 Nostra
2884 4404 3512 4500 Caesareo-Regia
3568 4406 3861 4499 benigue

522 4522 918 4597 propensae
974 4525 1347 4577 manemus.
1453 4505 1699 4578 Datum
1755 4510 1821 4578 in
1861 4506 2369 4579 Archi-Ducali
2423 4507 2716 4581 Civitate
2765 4508 3015 4583 Nostra
3059 4509 3324 4582 Vienna
3357 4510 3703 4585 Austriae
3743 4511 3857 4582 Die

531 4602 800 4679 Octava
851 4604 1114 4679 Mensis
1168 4603 1357 4700 Maji‚
1410 4608 1616 4682 Anno
1671 4609 1943 4683 Domini
1998 4609 2362 4685 Millesimo
2414 4612 3044 4706 septingentesimo
3095 4613 3564 4707 Sexagesimo
3615 4613 3854 4688 Primo.

840 4807 1090 4885 Maria
1147 4811 1542 4888 Therasia
1599 4771 1685 4888 m.
1741 4839 1804 4912 p.

2408 5021 2664 5097 Comes
2707 5023 3045 5100 Nicolans
3100 5026 3318 5125 Palfl'y
3371 5049 3461 5101 m.
3517 5051 3585 5124 p.

2478 5227 2825 5326 Iosephus
2875 5229 3257 5330 sablanczy
3308 5257 3395 5307 m.
3445 5256 3517 5331 p.
