3950 5917
496 372 653 448 116

490 574 627 657 1·-
668 597 801 677 pro
851 575 1218 653 nuruum
1270 596 1329 651 a·
1365 478 1667 671 quom
1712 570 2101 672 Joliagione
2150 574 2421 672 integre
2473 574 2663 653 curie
2715 572 3168 701 οιιςοιιιιιιὶιιι·
3242 574 3603 655 duodoch
3655 573 3816 655 ds·-

492 682 673 759 narii
720 680 1042 771 Boules,
1092 682 1257 755 item
1306 700 1434 775 pro
1466 680 1660 753 lucro
1699 676 1992 753 Camere
2042 679 2246 754 iidem
2296 679 2558 754 denarii
2609 692 2898 778 septem,
2953 693 3025 757 et
3049 684 3161 761 sio
3210 682 3472 759 denarii
3523 682 3816 774 decem,

492 794 571 863 et
616 806 872 861 novem
944 784 1147 859 simul
1202 782 1710 879 conjungendo,
1777 794 1848 858 et
1898 783 2072 857 ultra
2120 783 2256 858 hec
2308 783 2759 879 exigebantur
2807 785 2941 860 duo
2994 785 3256 859 denarii
3326 796 3812 910 competentes

494 890 813 964 exactori
856 890 1159 985 ipsarum
1209 888 1724 961 marturinarum
1775 897 1848 961 et
1896 897 2164 984 septem
2217 886 2670 963 denariorum.
2770 888 2943 963 Item
2992 912 3166 964 unus
3220 889 3539 967 denarius
3590 895 3810 965 simi-

494 993 655 1068 liter
703 991 793 1068 de
846 989 1145 1088 quolibet
1193 988 1576 1085 Johagione
1625 1014 1752 1089 per
1797 991 2142 1066 hominem
2196 991 2451 1066 domini
2500 992 2826 1091 Episcopi
2857 991 3369 1088 Zagrabiensis,
3420 997 3535 1091 qui
3581 993 3808 1068 homo

500 1096 756 1171 domini
831 1094 1158 1192 Episcopi
1207 1093 1293 1168 ab
1348 1097 1635 1191 antiquis
1714 1093 2133 1192 temporibus
2209 1118 2334 1192 pro
2405 1099 2792 1172 testimonio
2844 1100 2917 1170 in
2965 1099 3335 1171 exactione
3409 1096 3812 1173 huiusmodi

496 1196 946 1299 procedebat,
1024 1221 1116 1272 ne
1193 1199 1433 1294 aliquis
1500 1221 1600 1273 ex
1649 1200 2020 1294 regnicolis
2095 1201 2344 1274 iniuste
2419 1210 2659 1296 posset
2732 1223 2859 1297 per
2935 1204 3338 1277 exactiones
3407 1200 3814 1275 huiusmodi

496 1305 847 1399 agn-avari,
897 1324 1082 1377 nunc
1128 1322 1304 1378 vero
1354 1302 1528 1375 ultra
1579 1302 1714 1376 hec
1761 1302 2062 1377 indebite
2113 1313 2187 1376 et
2237 1307 2483 1378 iniuste
2535 1306 2831 1400 exigitur
2890 1303 3152 1378 lucrum
3205 1302 3493 1379 Camere
3543 1308 3616 1378 in
3673 1304 3804 1378 fo-

494 1412 623 1501 ris,
674 1408 834 1481 loco
887 1409 1081 1481 cuius
1129 1404 1404 1479 fuerunt
1453 1408 1582 1503 ipsi
1634 1415 1898 1502 septem
1950 1406 2212 1480 denarii
2283 1406 2598 1500 ordinati,
2669 1410 2981 1504 quamvis
3033 1410 3166 1507 ipsi
3219 1419 3480 1505 septem
3531 1407 3808 1482 denarii

496 1520 573 1585 et
619 1533 803 1585 nunc
852 1512 1216 1607 exigantur
1265 1533 1419 1583 cum
1470 1512 1878 1601 marturiniS,
1929 1519 2006 1585 ut
2054 1521 2162 1584 est
2213 1509 2483 1585 dictum.
2586 1511 2834 1584 Datum
2882 1511 3056 1586 feria
3111 1511 3411 1588 secunda
3479 1515 3810 1610 proxima

494 1623 659 1688 ante
707 1614 960 1690 festum
1010 1613 1464 1690 Ascensionis
1516 1614 1858 1709 Donmini,
1911 1636 2089 1689 anno
2146 1615 2457 1709 ejusdem
2511 1614 2915 1712 supradicto.

500 1840 775 1915 ortgiuu-
806 1845 1021 1902 membr.
1053 1847 1109 1900 in
1142 1845 1385 1901 Archivio
1420 1845 1589 1918 Regni
1622 1843 1858 1900 croatiae
1893 1844 2027 1899 Priv.
2063 1844 2181 1900 Nlo.
2199 1846 2252 1899 ⁴.

2039 2502 2265 2586 XC.

824 2816 1059 2893 1350.
1150 2815 1472 2895 sabatho
1518 2823 1848 2916 proximo
1900 2825 2068 2893 ante
2091 2782 2096 2789 ⁶
2117 2819 2565 2893 Dominicas·
2619 2820 2951 2893 Laetare.
3029 2819 3112 2891 In
3173 2819 3480 2915 Toplico.

504 3086 875 3169 Paulus
937 3086 1048 3166 de
1107 3084 1393 3192 Vgal,
1455 3090 1765 3166 totius
1827 3084 2371 3165 Slavoniae
2435 3096 2522 3165 et
2582 3086 3052 3167 Oroatiae
3114 3084 3477 3188 Eunus,
3540 3106 3821 3189 quos-

502 3224 709 3305 dam
772 3225 1289 3330 articulos,
1371 3229 2117 3330 praestationes
2178 3223 2658 3302 hominum
2719 3221 3212 3303 Abbatiae
3272 3220 3828 3327 Toplicen-

502 3367 646 3444 sis
727 3368 1316 3469 attinenteS,
1398 3390 1443 3443 e
1504 3365 2088 3470 privilegiis
2170 3361 2482 3459 eidem
2542 3360 3028 3442 Abbatiae
3091 3361 3198 3441 ab
3261 3358 3650 3441 Andrea
3715 3359 3826 3439 Π.

1232 3528 1301 3583 a.
1363 3501 1585 3582 1211
1659 3513 1755 3582 et
1819 3500 2051 3581 1213
2115 3474 2412 3605 datis,
2473 3505 3086 3581 transsumit.

820 3797 968 3873 Nos
1020 3799 1268 3873 Paulus
1322 3798 1409 3873 de
1461 3797 1667 3893 Vgal,
1736 3819 1864 3894 per
1913 3797 2253 3871 dominum
2309 3797 2748 3893 Stephanum
2817 3797 2951 3871 Dei
3001 3800 3234 3891 gracia
3303 3799 3524 3870 tocius
3593 3794 3828 3868 Scla-

506 3906 746 3993 uonie,
802 3899 1092 3976 Croacie
1144 3912 1215 3976 et
1262 3903 1614 3976 Dalmacie
1665 3903 2078 3994 Ducem,in
2007 3900 2328 3975 mdictis
2379 3900 2641 3997 Regnis
2695 3900 3064 3975 Sclauonie
3113 3911 3187 3974 et
3237 3898 3527 3975 Croacie
3579 3898 3826 3973 Banus

500 4010 941 4099 constitutus,
993 4009 1325 4080 memorie
1379 4006 1934 4081 commendantes
1989 4015 2230 4078 tenore
2282 4008 2713 4102 presencium
2792 4004 3032 4101 quibus
3103 4004 3380 4101 expedit
3448 4002 3824 4100 significa-

504 4134 661 4191 mus
713 4113 1078 4184 vniuersis.
1186 4109 1383 4198 Quod
1434 4113 1546 4183 vir
1595 4110 1960 4205 religiosus
2032 4090 2245 4182 frater
2317 4108 2747 4199 Guillermus,
2816 4107 3054 4184 Abhas
3126 4109 3519 4231 monasterii
3593 4106 3820 4181 Beate

512 4215 815 4309 Virginis
870 4213 957 4287 de
1009 4213 1313 4311 Toplica‚
1368 4236 1494 4289 sua
1547 4224 1617 4287 et
1667 4217 1888 4288 tocius
1943 4212 2122 4287 dicte
2173 4212 2491 4289 Ecclesie
2546 4236 2694 4286 sue
2725 4223 3104 4287 conventus
3173 4215 3333 4285 vice
3386 4222 3457 4287 et
3505 4214 3818 4301 nomine,

508 4318 607 4391 ad
657 4328 960 4391 nostram
1037 4317 1435 4392 accedendo
1513 4321 1967 4413 presenciam,
2047 4315 2350 4391 exhibuit
2400 4315 2599 4391 nobis
2669 4316 2960 4413 quedam
3012 4315 3147 4390 duo
3194 4317 3549 4413 priuilegia
3602 4337 3824 4390 sere-

504 4422 1454 4599 fflsstfflsssffizffffl
1471 4420 2571 4616 fflssissrffflssnfflffio‘eff
2580 4417 3824 4600 ὦᾜέἔὲὲθὲἑῗῃέἑᾝῗὲῗέὄ

1871 4576 1896 4614 '5

506 4627 984 4703 ducentesimo
1038 4628 1305 4702 decimo
1357 4631 1601 4724 primo,
1652 4648 1780 4724 per
1829 4649 2071 4701 manus
2144 4626 2399 4703 domini
2449 4628 2710 4702 Thome
2762 4628 2916 4700 aule
2970 4650 3095 4727 sue
3145 4631 3341 4725 reg-ie
3394 4628 3831 4720 cancellarij,

512 4738 593 4804 et
641 4730 1170 4826 Vesprimiensis
1222 4733 1573 4830 prepositi,
1652 4728 1900 4827 duplici
1951 4729 2078 4806 sub
2132 4732 2356 4826 sigillo
2407 4735 2602 4826 regio
2659 4730 3070 4822 confectum,
3140 4741 3211 4805 et
3259 4730 3440 4806 aliud
3493 4754 3677 4809 anno
3730 4730 3827 4804 ab

514 4833 1006 4909 Incarnacione
1059 4836 1313 4909 domini
1363 4834 1725 4909 Millesimo
1779 4835 2250 4909 ducentesimo
2303 4835 2569 4910 decimo
2621 4839 2866 4928 tercio,
2919 4858 3043 4932 per
3093 4859 3333 4915 manns
3384 4835 3648 4911 Thome
3676 4834 3826 4907 Al-

521 4937 757 5012 heusis
809 4941 1157 5034 prepositi,
1211 4950 1283 5013 et
1332 4939 1679 5032 Hungarie
1751 4940 2169 5032 cancellat-ij,
2241 4938 2365 5014 sub
2420 4939 2711 5036 quodam
2782 4889 3006 5035 si}illo
3061 4943 3211 5014 eius
3264 4938 3557 5014 rotundo
3612 4961 3826 5013 ema-

510 5052 792 5133 natum
868 5052 1109 5166 petens
1185 5062 1316 5117 nos
1393 5042 1625 5116 humili
1697 5066 1976 5141 precum
2056 5065 2209 5117 cum
2286 5047 2644 5136 instancia,
2712 5053 2790 5117 vt
2849 5047 3006 5140 quia
3055 5047 3204 5140 ipsa
3273 5042 3408 5118 duo
3459 5042 3836 5141 priuilegia

520 5155 800 5243 propter
850 5149 1112 5220 viarum
1160 5148 1544 5221 discrimina
1580 5156 1652 5222 et
1685 5148 1858 5222 alios
1899 5138 2352 5223 infortunatos
2423 5170 2655 5241 casus,
2708 5145 2791 5222 ad
2826 5150 3194 5221 tuicionem
3245 5170 3372 5224 seu
3423 5169 3828 5223 conserva-

514 5252 815 5331 cionem
842 5253 1085 5327 iurium
1135 5250 1294 5325 dicti
1342 5255 1766 5346 monasterij,
1836 5253 2156 5327 continue
2219 5274 2456 5327 secum
2503 5255 2576 5325 in
2628 5254 2861 5349 specie
2940 5250 3212 5325 deferre
3289 5273 3431 5327 non
3509 5250 3830 5339 auderet,

516 5351 683 5433 ideo
735 5323 1065 5451 quosdam
1123 5354 1447 5432 articulos
1517 5356 1893 5433 eorundem
1955 5356 2466 5453 priuilegiorum
2526 5355 2615 5432 ad
2667 5359 3280 5433 conservacionem
3344 5358 3591 5435 iurum
3658 5353 3842 5429 dicti
