3950 5917
449 417 561 495 56

460 617 813 703 enter-ibus
866 647 907 700 a
962 626 1243 701 domino
1294 647 1469 724 papa
1521 623 1751 700 fuerat
1800 625 2200 719 commissa,
2254 645 2388 701 nos
2442 645 2528 700 ac
2581 623 2894 702 sumen
2942 635 3222 703 nostros
3273 626 3648 723 compellat
3699 623 3810 701 ed.
3946 661 3948 672 ⁴

466 732 1033 806 observationem
1086 731 1349 803 firmam
1403 740 1475 803 et
1527 728 1841 805 stabilem
1895 735 2197 804 omnium
2249 731 2735 826 predictorum.
2834 731 2926 804 Ut
2973 734 3185 824 igitur
3239 731 3376 803 hec
3425 735 3604 804 inter
3651 752 3803 803 nos
3946 762 3948 807 }

456 845 528 908 et
581 890 598 908 .
656 889 673 906 .
731 889 749 908 .
802 834 1206 928 Magistrum
1259 856 1345 906 ac
1396 832 1649 908 fratres
1705 834 1948 907 domus
2002 833 2270 930 Templi
2320 833 2582 907 firmata
2637 838 2828 929 pacis
2882 836 3320 930 compositio,
3378 856 3464 906 ae
3517 833 3796 908 eisdem
3945 903 3948 910 Α

456 960 799 1013 concessa
851 936 1182 1012 libertatis
1236 936 1516 1009 donatio
1566 936 1930 1012 stabilitate
1984 948 2312 1033 perpetua
2364 936 2916 1011 irrevocabiliter
2966 947 3400 1032 perseveret,
3453 960 3591 1010 nec
3633 937 3790 1010 ali-
3944 969 3949 1016 1

455 1041 698 1136 quibus
747 1062 1234 1116 successorum
1288 1050 1681 1114 nostrorum
1734 1040 2154 1136 temporibus
2212 1042 2446 1114 valeat
2497 1044 2772 1131 irritari,
2832 1044 3139 1164 presenti
3194 1063 3351 1113 eam
3402 1044 3652 1136 pagine
3709 1044 3792 1113 in
3945 1073 3948 1120 1

450 1148 755 1219 notitiam
812 1144 1060 1219 deduci
1110 1154 1572 1241 posterorum
1627 1153 1700 1217 et
1750 1145 1931 1238 sigili
1983 1145 2212 1217 nostri
2281 1144 2503 1239 Regia
2569 1143 2861 1217 facimus
2928 1146 3408 1241 impressionis
3474 1146 3796 1238 imagine
3947 1157 3948 1174 ¹

452 1251 875 1321 communiri.
961 1249 1212 1320 Datum
1261 1269 1391 1344 per
1439 1267 1715 1321 manum
1764 1247 2087 1322 Pascasii
2140 1246 2513 1341 Agriensis
2563 1247 2904 1343 Prepesiti
2954 1258 3029 1319 et
3079 1249 3237 1321 aule
3289 1257 3527 1322 nostre
3571 1245 3786 1321 Can·—

446 1353 730 1425 eellarii.
834 1341 1044 1426 Anno
1097 1350 1441 1425 dominice
1490 1350 1780 1425 Incarna
1798 1355 2007 1425 tionis
2058 1348 2497 1424 MOCXXXI.
2576 1349 2758 1424 Nulli
2794 1372 2970 1444 ergo
3005 1361 3140 1424 etc.
3202 1359 3446 1426 nostre
3499 1348 3784 1423 confir-

446 1458 766 1529 mationis
812 1454 1192 1547 infringere
1241 1464 1374 1528 etc.
1446 1453 1525 1528 Si
1585 1456 1737 1550 quis
1790 1465 2018 1528 eutem
2069 1464 2204 1527 etc.
2256 1455 2506 1527 Datum
2558 1453 2782 1527 Reate
2831 1453 3012 1527 VIII.
3072 1454 3233 1529 Idus
3284 1453 3469 1527 Jullii
3520 1454 3790 1526 Ponti-
3945 1457 3948 1488 ³

446 1558 690 1634 ficatus
741 1557 977 1633 Nostri
1027 1557 1249 1632 Anno
1292 1556 1565 1644 Quinto.

453 1734 536 1789 Ex
565 1735 700 1806 Reg.
735 1736 868 1807 orig.
902 1734 1005 1788 An.
1037 1734 1099 1788 V.
1136 1750 1223 1804 ep.
1258 1735 1344 1788 94.
1382 1763 1445 1775 -
1483 1734 1725 1788 Tbeiner.
1757 1733 2092 1788 monumenta
2123 1744 2302 1789 vetera
2336 1734 2508 1805 flung.
2544 1734 2740 1789 Romae
2781 1734 2933 1787 1859.
2967 1731 3024 1786 T.
3058 1734 3104 1790 1.
3133 1750 3190 1803 p.
3223 1735 3310 1788 97.

1953 2241 2293 2327 XLV.

1852 2529 2061 2604 Anno
2131 2527 2366 2604 1231.

442 2789 1072 2893 ColomanuS,
1136 2791 1449 2867 totius
1523 2788 2069 2870 Slavoniae
2119 2787 2359 2892 Dux,
2443 2788 3020 2900 hospitibus
3082 2790 3194 2869 ad
3247 2790 3794 2872 castellum·
3947 2807 3948 2848 l

436 2926 887 3006 Walkow
979 2930 1071 3004 in
1165 2926 1639 3032 inferiori
1721 2926 2207 3007 Slavonia
2302 2928 3004 3008 incolentibus
3099 2931 3782 3018 immunitates

1165 3063 1629 3168 quasdam
1690 3069 1971 3169 regia
2035 3076 2546 3170 potestate
2622 3067 3039 3150 confert.

753 3307 1197 3399 Colomanus,
1262 3309 1395 3382 Dei
1465 3311 1685 3403 gratia
1754 3329 1887 3381 rex
1957 3317 2031 3379 et
2099 3306 2239 3381 dux
2302 3311 2509 3390 totius
2572 3307 3022 3400 sclavoniae,
3093 3310 3381 3382 salutem
3436 3318 3503 3382 et
3558 3329 3790 3381 omna
3947 3327 3948 3408 j

436 3410 708 3490 bonum.
818 3412 925 3487 Ne
978 3436 1090 3503 ea,
1145 3435 1324 3508 quae
1377 3422 1692 3506 aguntur,
1744 3414 1814 3483 in
1868 3419 2181 3506 tempore
2213 3410 2546 3485 labantur
2598 3434 2753 3484 cum
2803 3412 3080 3502 eodem,
3152 3412 3568 3509 prudentum,
3606 3423 3792 3485 sta-
3947 3431 3948 3520 J

439 3513 657 3589 bilivit
705 3515 1164 3613 providentia,
1219 3517 1591 3589 litterarum
1645 3512 2038 3587 testimonIo
2094 3514 2428 3587 roborari.
2507 3515 2621 3589 Ad
2658 3519 3140 3590 universorum
3190 3520 3399 3609 igitur
3447 3517 3788 3589 volumus

368 3675 377 3682 .
439 3625 808 3714 pervenire
878 3624 1213 3709 notitiam,
1285 3619 1467 3714 quod
1519 3640 1651 3692 nos
1703 3616 2104 3713 Hospitibus
2145 3621 2343 3709 Juxta
2399 3615 2714 3693 Castrum
2765 3619 3100 3693 Walkow
3154 3618 3774 3709 commorantibus,

434 3722 759 3795 videlicet
792 3722 1216 3809 Teutonicis,
1272 3719 1692 3810 Saxonibus,
1742 3720 2087 3813 Hungaris
2125 3731 2196 3794 et
2227 3721 2531 3812 Sclavis,
2587 3723 2877 3796 consilio
2932 3731 3003 3795 et
3057 3745 3406 3796 consensu
3460 3727 3774 3795 omnium

435 3825 892 3919 Jobagionum
950 3836 1365 3915 nostrorum,
1401 3823 1779 3900 libertatem
1822 3825 2026 3896 talem
2068 3829 2563 3914 constituimus,
2616 3835 2693 3898 ut
2727 3847 3000 3899 omnem
3038 3848 3319 3900 causam
3355 3832 3538 3901 inter
3569 3830 3786 3921 ipsos

436 3939 683 4016 ortem,
736 3938 1013 4024 praeter
1060 3929 1468 4003 effusionem
1539 3930 1921 4018 sangvinis,
1995 3930 2219 4021 major
2285 3929 2495 4001 villae
2565 3929 2969 4021 eorundem,
3040 3952 3246 4024 quem
3295 3934 3568 4026 ipsimet
3617 3953 3788 4002 ex—

435 4034 813 4125 posuerint,
880 4032 1186 4106 iudicare
1255 4041 1545 4105 tenetur.
1641 4030 2066 4104 Effusionem
2133 4043 2362 4106 tamen
2435 4036 2791 4126 sangvinis
2860 4055 3000 4107 non
3070 4056 3199 4129 per
3266 4055 3374 4124 se,
3442 4032 3567 4107 sed
3639 4055 3790 4129 pei·

433 4136 810 4210 Janitorem
882 4134 1106 4212 Castri
1186 4138 1405 4230 possit
1480 4134 1789 4209 iudicare
1808 4187 1833 4226 ,
1932 4157 2085 4208 cum
2159 4158 2294 4231 quo
2364 4137 2681 4209 iudicium
2755 4136 3005 4210 habeat
3090 4157 3476 4211 commune.
3583 4136 3782 4210 Sta-

432 4232 681 4314 tuimus
751 4243 1001 4329 etiam,
1072 4238 1254 4333 quod
1325 4237 1422 4311 de
1468 4235 1767 4334 quelibet
1830 4249 2031 4334 porta
2103 4243 2444 4316 annuatim
2520 4239 2860 4312 dimidium
2931 4239 3319 4322 fertonem,
3389 4244 3782 4313 transactis

436 4347 505 4415 in
559 4347 866 4418 novitate
920 4339 1133 4417 tribus
1188 4346 1385 4416 annis
1438 4341 1605 4415 dare
1658 4351 2060 4431 teneantur3
2113 4347 2206 4415 ita
2257 4354 2514 4431 tamen,
2569 4343 2749 4438 quod
2801 4347 2873 4417 in
2925 4342 3110 4417 festo
3164 4343 3239 4417 S.
3293 4343 3578 4438 Georgii
3629 4348 3778 4417 tria

434 4443 765 4539 pondera,
838 4450 923 4519 in·
984 4446 1299 4521 secundo
1362 4445 1548 4519 festo
1621 4444 1694 4517 S.
1748 4444 2022 4518 Martini
2081 4449 2206 4516 tria
2259 4445 2568 4540 pondera
2636 4448 3139 4543 persolverent.
3247 4447 3581 4520 Statutum
3655 4460 3796 4521 est

434 4543 725 4639 eisdem,
776 4548 961 4643 quod
1016 4554 1076 4624 si
1124 4554 1276 4644 quis
1330 4554 1481 4623 sine
1535 4547 1901 4620 heredibus
1946 4570 2042 4622 ex
2084 4551 2253 4643 ipsis
2307 4548 2654 4624 decedere
2707 4554 3096 4644 eontigerit,
3151 4556 3508 4646 pecuniam
3565 4572 3780 4624 suam

435 4653 819 4746 cuicunque
869 4652 1109 4741 vellet,
1162 4655 1383 4754 possit
1433 4650 1825 4745 disponere.
1891 4651 2289 4726 statuentes
2342 4654 2550 4726 etiam
2603 4653 2903 4728 eisdem·
2977 4653 3158 4749 quod
3221 4656 3445 4729 nullus
3495 4653 3792 4750 absque

435 4756 619 4826 serie
670 4753 900 4826 iudicii
957 4754 1045 4827 de
1096 4756 1259 4828 villa
1316 4775 1555 4826 eorum
1607 4754 1895 4847 ligatum
1941 4765 2057 4827 aut
2105 4759 2408 4828 vinctum
2459 4761 2681 4853 possit
2734 4762 3115 4853 quempiam
3171 4757 3560 4831 extrahere.
3670 4759 3791 4832 Et

433 4861 714 4952 insuper
776 4873 870 4928 ne
942 4858 1170 4952 ahquo
1240 4856 1616 4949 indigeant,
1688 4867 1941 4929 terram
2016 4862 2223 4932 castri
2295 4860 2607 4951 ejusdem
2678 4864 2956 4934 nomine
3007 4860 3087 4934 Τ.
3159 4861 3247 4934 ad
3316 4860 3768 4936 habitandum

435 4959 780 5032 dandam
762 4964 930 5055 ipsis
969 4960 1374 5033 contulimus
1428 4960 1875 5052 integraliter,
1926 4984 2082 5034 cum
2136 4964 2337 5058 sylva
2390 4974 2620 5036 terrae
2675 4965 2984 5056 ejusdem
3037 4969 3316 5038 nomine
3353 4966 3429 5038 T.
3479 4965 3566 5037 de
3621 4989 3786 5090 qua

436 5064 683 5138 domos
718 5062 1163 5153 extruendas,
1219 5073 1289 5136 et
1325 5068 1551 5138 curias
1605 5064 2137 5159 praeparandas,
2191 5065 2473 5140 liberum
2511 5071 2618 5142 eis
2653 5071 3087 5162 permisimus
3141 5066 3529 5158 arbitrium·
3590 5073 3784 5163 qui-

428 5165 558 5239 bus
613 5170 816 5242 etiam
870 5165 1251 5241 Danubium
1299 5176 1370 5240 et
1421 5165 1699 5240 fluvium
1752 5167 2086 5242 Walkow
2137 5171 2505 5265 piscandos
2558 5171 2774 5244 libere
2827 5175 3281 5266 permisimus.
3381 5172 3792 5250 Statuimus-
3947 5251 3948 5268 ¹

431 5273 633 5342 etiam
690 5265 981 5360 eisdem,
1088 5271 1266 5367 quod
1323 5274 1383 5345 si
1437 5274 1588 5365 quis
1637 5272 1811 5362 vult,
1866 5271 2082 5345 libere
2134 5277 2371 5347 veniat
2424 5285 2494 5346 et
2544 5274 2787 5364 libere,
2844 5297 2999 5347 cum
3050 5276 3376 5364 voluerit,
3432 5275 3770 5351 omnibus

424 5371 636 5446 rebus
691 5374 987 5448 venditis
1042 5385 1113 5448 et
1165 5373 1476 5449 domibus
1547 5373 1850 5449 recedat.
1957 5376 2046 5448 Et
2096 5387 2171 5449 ut
2220 5377 2397 5451 haec
2457 5379 2612 5450 talis
2665 5401 2704 5449 a
2761 5378 2962 5453 nobis
3015 5377 3200 5451 facta
3273 5379 3631 5475 dispositio
3685 5385 3788 5457 in
