3950 5917
538 361 690 440 232

2007 868 2374 970 CLVI.

1576 1151 1838 1248 '149oe
1891 1173 1965 1247 4.
2019 1157 2445 1247 Deoembm.
2512 1165 2797 1247 'Budua‘
2860 1187 2865 1192 ’
2976 1224 2987 1232 -

525 1411 1121 1520 vladislaus
1203 1434 1404 1518 Rex
1493 1419 1985 1544 antiquam
2079 1438 2406 1544 legem
2468 1429 3787 1542 et=0dnsive'tuidinem=lt·egni

529 1559 1114 1680 Slavoniae‚
1209 1600 1381 1681 qua
1447 1575 1888 1683 e'jus‘dem
1950 1573 2270 1681 Regni
2333 1575 2657 1657 Banu's
2738 1599 2973 1655 suos
3033 1573 3596 1655 Vicebanos
3650 1597 3787 1653 so·
3890 1553 3891 1556 Ὺ

531 1687 1011 1793 lummodo
1102 1739 1146 1793 e
1215 1716 1628 1821 'gremio⁵
1699 1699 2687 1819 possessionato'ruui
2776 1712 3334 1794 Incolarum
3429 1712 3789 1818 eligere

1652 1862 2086 1958 poterat,
2150 1852 2702 1933 coufirmat.

2386 2123 2761 2186 Cominio
2797 2123 3071 2204 propria
3111 2123 3376 2186 Domino·
3414 2120 3614 2201 Rcyis.

833 2312 1254 2389 wladislaus
1305 2315 1437 2388 Dei
1490 2318 1724 2411 gracia
1777 2315 1934 2390 Rex
1969 2314 2315 2408 {iungat-ie
2368 2325 2441 2389 et
2473 2309 2803 2390 Bobemie
2834 2324 2966 2387 etc.
3018 2313 3234 2390 Fideli
3286 2313 3525 2389 nostro
3574 2310 3793 2385 illustri

521 2417 817 2490 Jobanni
854 2416 1181 2508 Coruino,
1233 2418 1542 2517 Oppauie
1595 2430 1666 2493 et
1714 2419 2068 2516 Liptbonie
2102 2419 2304 2509 Daci,
2356 2442 2441 2492 ac
2474 2413 2701 2514 Regni
2751 2422 2968 2492 nostri
3021 2417 3395 2494 Sclauouie
3445 2417 3632 2490 Ban'o
3680 2417 3793 2486 ee.

526 2522 815 2595 salutem
869 2532 940 2595 et
990 2526 1314 2617 graciam.
1374 2522 1778 2621 Expositum
1832 2527 2093 2598 exstitit
2113 2592 2121 2598 ,
2142 2522 2482 2598 Maiestati
2531 2533 2767 2610 nostre
2818 2544 2944 2619 pro
2994 2531 3213 2619 parte,
3263 2532 3334 2596 et
3385 2526 3460 2595 in
3508 2519 3794 2618 personis

526 2624 818 2698 lidelium
869 2636 1256 2698 nostrorum
1310 2625 1788 2701 Vniuersitatis
1840 2626 2177 2701 Nobilium
2217 2627 2440 2722 Regni
2494 2629 2729 2701 nostri·
2762 2626 3152 2701 Sclauonie.
3234 2624 3464 2719 Quod,
3513 2621 3794 2719 quamuis

526 2731 654 2826 ipsi
724 2728 810 2801 ab
882 2729 1156 2825 antiquo
1227 2728 1405 2804 banc
1473 2729 1830 2805 habuerint
1896 2736 2225 2828 priuatam
2296 2734 2522 2826 legem
2576 2742 2648 2804 et
2698 2730 3283 2819 consuetudinem,
3352 2739 3437 2803 vt
3492 2723 3797 2802 Vicebani

523 2851 799 2929 semper
849 2835 917 2906 in
970 2835 1270 2930 ipsorum
1345 2834 1596 2914 medio..
1665 2835 1753 2909 de
1821 2834 2212 2932 pocioribus
2283 2846 2355 2910 et
2416 2834 2905 2930 antiquioribus
2973 2832 3326 2907 Nobilibus
3400 2855 3527 2930 per
3592 2828 3799 2904 Banos

523 2945 802 3009 nostros
852 2958 977 3034 pro
1028 2946 1340 3033 tempore
1393 2940 1795 3013 constitutos
1849 2939 2054 3013 electi
2102 2938 2378 3029 fuerint,
2448 2951 2519 3012 et
2569 2961 2705 3013 non
2759 2941 3027 3013 externi
3090 2937 3627 3033 qualescunque„
3699 2939 3798 3004 aut

520 3042 790 3113 nouiter
840 3038 1187 3114 nobilitati.
1290 3041 1548 3116 Tamen
1603 3042 1709 3117 bis
1762 3043 2017 3139 aliquot
2066 3046 2261 3118 annis
2313 3047 2653 3140 preteritis
2722 3040 3104 3116 huiusmodi
3171 3046 3479 3139 ipsorum
3548 3039 3797 3158 antiqua

520 3143 943 3217 consuetudo
1017 3144 1396 3252 aliqualiter
1464 3146 1943 3222 exorbitasset·
2052 3146 2248 3236 Quod
2320 3147 2604 3222 cederet
2668 3149 2738 3220 in
2810 3148 3328 3244 oppressionem
3396 3155 3469 3217 et
3519 3141 3801 3215 inim-ian

521 3243 899 3321 eorundem
949 3245 1088 3321 non
1125 3243 1581 3324 mediocrem.
1688 3249 1859 3339 Quia
1930 3261 2157 3325 autem
2223 3271 2356 3326 nos
2407 3255 2635 3348 ipsum
2696 3250 3008 3345 Regnum
3072 3260 3389 3323 'nostrum
3458 3244 3806 3322 Sclauonie

518 3355 590 3424 'et
641 3350 950 3436 eiusdem
1004 3353 1267 3426 incolas
1320 3356 1597 3428 omnino
1653 3357 1721 3427 in
1757 3357 2067 3451 antiquis
2138 3359 2279 3429 suis
2347 3353 2603 3429 iuribus
2665 3363 2751 3428 et
2784 3351 3202 3427 libertatibus
3268 3351 3678 3427 intendimus
3743 3352 3808 3417 et

518 3443 836 3538 volumus
890 3475 1330 3545 conseruare.
1434 3458 1600 3532 Ideo
1655 3457 1957 3533 fidelitati
2009 3451 2247 3533 vestre
2298 3459 2566 3532 barum
2566 3460 2772 3556 serie
2812 3455 3229 3532 mandamus
3274 3455 3597 3542 firmiter·
3652 3460 3727 3523 vt
3770 3470 3809 3519 a

517 3560 724 3642 inodo
780 3555 1106 3657 deinceps
1159 3560 1409 3634 dictam
1461 3543 1985 3638 vniuefsitatem
2028 3545 2366 3637 Nobilium
2407 3565 2479 3635 in
2513 3549 2753 3635 eorum
2798 3560 3120 3659 predictis
3173 3556 3470 3656 antiquis
3514 3560 3810 3631 consue-

517 3662 855 3744 tudinibus
926 3674 998 3738 et
1048 3664 1304 3740 iuribus
1374 3669 1831 3756 conseruetis
1901 3665 2297 3741 Vicebanos
2369 3667 2545 3740 tales
2613 3670 2681 3740 iu
2753 3664 2983 3740 medio
3035 3662 3444 3789 eorundem,
3515 3664 3625 3759 qui
3693 3661 3814 3732 siat

517 3765 723 3842 modo
773 3770 1113 3865 premisso
1167 3769 1256 3841 de
1307 3768 1700 3864 pocioribus
1752 3768 2109 3843 Nobilibus
2162 3781 2233 3843 et
2278 3772 2635 3866 antiquiori
2686 3767 2940 3842 familia
2993 3771 3062 3843 in
3098 3771 3250 3865 ipso
3286 3768 3542 3863 Regno
3591 3771 3811 3839 nostro

517 3872 889 3945 Sclauonie
961 3869 1305 3967 eligendo.
1408 3871 1499 3947 Et
1548 3872 1684 3947 boc
1733 3874 2051 3947 volumus
2118 3877 2325 3958 etiam
2396 3893 2521 3971 per
2585 3872 2852 3947 futuros
2920 3871 3152 3947 Banos
3221 3872 3537 3946 eiusdem
3604 3865 3813 3960 Regni

514 3975 733 4049 nostri
785 3997 912 4049 suo
965 3975 1172 4049 modo
1251 3973 1624 4050 obseruari.
1730 3977 1953 4052 Secus
2006 4001 2143 4052 non
2195 3977 2462 4052 facturi.
2567 3973 3007 4051 Presonfibus
3076 3975 3401 4073 perlectis
3477 3968 3813 4049 exhibenti

513 4082 862 4170 restitutis.
966 4078 1211 4152 Datum
1248 4079 1437 4154 Bude
1487 4079 1662 4155 feria
1718 4071 2023 4156 secunda
2073 4086 2383 4180 proxima
2439 4091 2597 4156 ante
2647 4080 2900 4155 festum
2950 4079 3161 4154 Beati
3179 4078 3451 4154 Nicolai
3506 4073 3814 4175 Episcopi

503 4194 585 4258 el
640 4181 1104 4260 Confessoris.
1207 4184 1417 4259 Anno
1468 4185 1741 4259 Domini
1794 4185 2157 4260 Millesimo
2211 4184 2880 4282 quadringentesimo
2931 4188 3385 4278 nonagesimo
3442 4191 3674 4259 sexto.

1622 4418 1936 4499 (Sisy-'Ilum
1983 4417 2243 4500 Reyiun
2287 4422 2717 4500 appr-estun.)

513 4651 660 4726 orig.
699 4655 861 4711 earth.
897 4658 950 4711 in
988 4656 1213 4711 Archivo
1248 4655 1416 4727 Regni
1453 4653 1709 4711 cto-tiae.
1744 4654 1878 4709 Priv.
1913 4654 1974 4708 N.
2013 4655 2097 4710 73.

1855 4993 2477 5015 m
