3950 5917
447 394 605 478 1212

442 590 1437 697 nostrudeniui‘ffrcgorij
1511 597 1741 674 diuina
1806 590 3438 702 pondua-papoundccmmquinto
3463 656 3725 680 ......
3754 659 3782 679 .

452 704 796 805 publicat·
847 722 977 802 per
1023 713 1419 802 presentem
1469 700 1785 779 formam.

1949 948 2008 1013 Δ
2051 958 2273 1032 (erqo.-

758 1111 911 1191 noo
960 1120 1121 1192 sunt
1169 1124 1325 1189 acta
1378 1116 1448 1190 in
1500 1117 1640 1190 mci
1691 1114 2052 1213 presbiteri
2102 1115 2389 1189 Johanis
2443 1115 2533 1191 «le
2586 1110 2893 1192 Sibinico
2947 1116 3238 1192 condam
3295 1116 3578 1215 Georgii
3634 1141 3780 1193 ca·—

438 1218 675 1298 'nonici
708 1219 1033 1295 Ecclesie
1086 1223 1366 1293 maioris
1403 1214 1833 1318 spalatensis
1887 1230 1960 1294 et
2012 1222 2447 1317 quietationis
2502 1231 2574 1294 ct
2622 1216 2907 1295 aliorum
2960 1230 3164 1319 prout
3210 1225 3283 1296 in
3336 1222 3776 1319 presentibus

444 1325 724 1400 anulis
774 1324 1160 1397 luculenter
1238 1333 1522 1420 apparet
1577 1322 1828 1419 scripta
1899 1344 2105 1397 manu
2153 1344 2309 1404 mea
2362 1326 2665 1421 propria,
2721 1340 2818 1399 ex
2870 1328 3359 1401 commissione
3409 1324 3593 1399 facta
3643 1346 3786 1422 per

437 1427 914 1503 venarabilem
949 1422 1332 1524 Capitulum
1384 1426 1567 1501 dicte
1617 1424 1944 1502 Ecclesie
1996 1427 2423 1524 spalatensis
2473 1431 2548 1501 in
2598 1426 2786 1503 foliis
2814 1480 3030 1503 .....
3058 1428 3326 1503 duobus
3380 1428 3508 1506 sub
3541 1429 3780 1505 Anis-

440 1548 577 1631 ῃο
630 1585 1038 1607 .........
1088 1530 1491 1621 indictione,
1543 1530 1895 1608 mensibus
1947 1540 2021 1603 et
2071 1529 2316 1607 diebus
2365 1534 2440 1604 in
2490 1532 2598 1607 eis
2649 1535 2757 1608 sie
2807 1531 3008 1608 dictis
3061 1533 3339 1609 cartulis
3392 1534 3715 1608 anotatis.

440 1732 585 1804 ῆι
619 1736 678 1790 h
710 1751 759 1788 c.
793 1750 838 1789 r.
870 1732 1044 1789 adico
1076 1732 1328 1789 Archino
1360 1732 1622 1789 Vin-ud.
1684 1735 1817 1788 Acta
1852 1734 2196 1802 Cythno-ia.

1965 2347 2245 2431 clv.

1607 2661 1817 2731 Anno
1872 2658 2109 2732 1375.
2198 2659 2323 2734 15.
2375 2659 2591 2736 Jum'i.

634 2919 1121 3000 Dalmatia
1183 2921 1657 3027 generali
1720 2919 2275 3003 Slavoniae
2336 2922 2729 3003 nomine
2794 2917 3547 3026 comprehensa.

738 3186 1073 3263 Nouerint
1122 3186 1445 3264 Uniuersi
1522 3212 1814 3286 presens
1867 3190 2006 3263 hoc
2080 3188 2607 3266 Instrumeutum
2676 3190 3016 3289 publicum
3093 3194 3490 3288 inspecturi,
3572 3192 3770 3290 quod'

418 3312 552 3368 nos
604 3290 823 3366 frater
871 3292 1287 3367 Benedictus
1352 3293 1440 3367 de
1492 3292 1835 3386 Venetiis,
1908 3293 2169 3368 ordinis
2238 3292 2444 3368 beate
2495 3294 2713 3368 Maria
2768 3316 3127 3369 seruorum
3203 3292 3496 3369 Camere
3566 3318 3776 3392 apo--

422 3397 666 3471 stolice
716 3399 789 3470 in
840 3394 1143 3493 partibus
1215 3397 1587 3472 Sclauonie
1634 3402 1705 3470 in
1759 3398 2150 3494 Spalatensi
2213 3406 2285 3471 et
2333 3400 2676 3473 nonnullis
2748 3400 2902 3493 alijs
2972 3401 3329 3495 prouintijs
3402 3400 3766 3494 generalis

417 3498 765 3592 Vicat-ius,
821 3499 1301 3575 Suhcollector
1354 3512 1424 3574 et
1473 3500 1981 3575 Locumteuens
2037 3523 2166 3599 per
2196 3501 2682 3574 Reuerendum
2734 3504 2805 3574 in
2857 3503 3114 3576 christo
3166 3512 3431 3599 patrem
3486 3513 3556 3576 et
3609 3502 3757 3577 do·—

416 3605 671 3677 minum
740 3603 1087 3677 dominum
1164 3604 1670 3701 Raymundum,
1744 3605 1858 3677 dei
1910 3614 1982 3677 et
2033 3606 2414 3700 apostolice
2485 3605 2673 3680 sedis
2727 3609 2946 3700 gratia
2999 3605 3418 3702 Episcopum
3469 3605 3753 3702 padua-

414 3726 605 3798 num,
658 3709 728 3779 in
782 3706 1189 3803 supradictis
1243 3717 1314 3780 et
1364 3708 1706 3781 nonnullis
1778 3709 1932 3799 alijs
2004 3710 2362 3803 prouintijs
2418 3718 2489 3781 et
2537 3707 2844 3805 partibus
2913 3708 3107 3782 Italic
3178 3709 3489 3785 eiusdem
3559 3708 3758 3785 sedis

411 3812 734 3882 nuncium
814 3819 884 3882 et
963 3808 1425 3883 Collectorem
1503 3811 1930 3904 generalem,
2012 3812 2407 3907 specialiter
2484 3812 2866 3908 deputatus.
2971 3813 3390 3910 Recepimus
3467 3817 3760 3887 nomine

415 3910 709 3985 Camere
763 3913 1143 4008 apostolice
1197 3914 1586 4010 supradicte
1639 3938 1681 3986 a
1731 3913 2344 3990 Reuerendissimo
2397 3917 2467 3988 in
2521 3915 2776 3992 christo
2842 3925 3038 4013 patre
3092 3927 3163 3990 et
3215 3916 3523 4009 domino,
3603 3916 3756 3991 do-

408 4016 596 4089 mino
634 4015 987 4111 hugolino,
1031 4018 1338 4114 predicta
1393 4020 1612 4112 gratia
1663 4016 2215 4115 Archiepiscopo
2243 4017 2659 4114 spalatensi,
2723 4029 2793 4093 et
2845 4023 2997 4096 eius
3052 4017 3256 4093 Clero
3311 4018 3620 4094 Ciuitatis
3673 4029 3760 4094 et

411 4117 758 4195 dioecesis
785 4119 1243 4217 spalatensis,
1296 4143 1424 4217 per
1465 4143 1708 4196 manus
1760 4121 2262 4196 venerabilium
2312 4125 2617 4197 uirorum
2671 4122 3097 4197 dominorum
3149 4123 3448 4198 Buzardi
3495 4124 3755 4220 primi-

408 4224 607 4315 cerij,
662 4222 920 4321 duymi,
972 4225 1185 4317 Petri,
1231 4224 1503 4316 Jacobi,
1545 4224 1791 4299 Nicole
1834 4234 1907 4299 et
1940 4225 2188 4300 Nicole
2225 4223 2732 4300 canonicorum
2784 4229 3087 4304 ecclesie
3113 4226 3572 4325 Spalatensis,
3615 4248 3754 4323 pro

405 4330 936 4423 compositione,
989 4350 1116 4424 per
1164 4331 1357 4426 ipsos
1412 4328 1727 4403 dominos
1773 4328 2398 4428 Archiepiscopum
2447 4338 2518 4403 et
2573 4327 2964 4405 Canonicos
3029 4330 3392 4407 nobiscum
3463 4334 3754 4406 nomine

407 4430 688 4502 camere
742 4431 1131 4528 supradicte
1181 4430 1463 4523 factam,
1519 4432 1608 4505 de
1654 4440 1727 4505 et
1760 4454 1971 4528 super
2015 4432 2282 4508 decima
2335 4432 2591 4507 hienali
2642 4433 2900 4508 domini
2950 4439 3171 4509 nostri
3220 4455 3401 4531 pape
3455 4433 3756 4529 Grego-

405 4534 490 4624 rii
546 4533 734 4626 Xl'fl,
786 4558 915 4631 per
965 4536 1262 4608 eundem
1340 4535 1687 4608 dominum
1739 4544 2051 4610 nostrum
2122 4558 2370 4634 papam
2450 4536 2859 4632 Gregorium
2921 4537 3040 4612 XI.
3111 4560 3345 4635 rnuper
3395 4541 3755 4636 imposita,

405 4635 731 4710 uidelicet
779 4661 906 4734 pro
958 4641 1179 4734 primo
1235 4649 1307 4712 et
1359 4637 1668 4713 secundo
1721 4642 2030 4712 terminis
2082 4643 2280 4737 primi
2331 4641 2519 4715 Anni
2569 4645 2784 4738 ipsius
2846 4641 3118 4716 decime
3165 4642 3458 4718 bienalis
3513 4641 3758 4715 duca-

403 4744 517 4812 tos
560 4744 923 4831 sexaginta
974 4741 1141 4816 boni
1191 4744 1339 4814 auri
1390 4750 1460 4813 et
1498 4744 1657 4815 iusti
1706 4741 2077 4837 ponderis3
2131 4742 2220 4817 de
2258 4744 2501 4841 quibus
2555 4745 2828 4843 quidem
2882 4748 3248 4841 sexaginta
3279 4801 3297 4818 .
3328 4801 3346 4821 .
3378 4802 3395 4820 .
3426 4801 3444 4819 .
3475 4745 3760 4822 ducatis

403 4843 554 4914 auri
605 4838 896 4917 facimus
948 4850 1226 4919 nomine
1280 4865 1558 4918 camere
1610 4856 1991 4921 memorate
2068 4847 2334 4922 eisdem
2414 4848 2708 4924 dominis
2761 4849 3314 4947 Archiepiscopo
3369 4858 3442 4923 et
3495 4847 3766 4923 Cano-

401 4944 607 5036 nicis,
658 4946 1144 5043 recipientibus
1195 4970 1323 5046 pro
1378 4970 1459 5023 se
1508 4958 1580 5022 et
1626 4958 1773 5023 toto
1820 4949 2054 5042 Clero,
2098 4961 2425 5050 exempto
2479 4961 2551 5026 et
2599 4974 2739 5026 non
2795 4963 3149 5051 exempto,
3201 4961 3272 5028 et
3313 4974 3441 5051 pro
3475 4974 3754 5027 mona-
3789 4976 3794 4985 ·

402 5046 640 5142 sterijs
709 5049 1103 5124 monialium
1170 5062 1245 5125 et
1313 5053 1596 5126 aliarum
1666 5055 2298 5131 ecclesiasticarum
2366 5076 2820 5153 personarum
2891 5054 3206 5133 Civitatis
3260 5068 3333 5131 et
3383 5056 3749 5133 dioecesis

401 5150 857 5248 Spaletensis,
919 5153 1154 5248 finem,
1225 5156 1695 5253 quitationem,
1750 5156 2250 5233 ahsolutionem
2301 5164 2374 5234 et
2422 5161 2906 5237 remissionem
2975 5161 3380 5257 plenariam,
3452 5182 3539 5234 ac
3597 5182 3764 5257 pa·—

409 5264 588 5350 ctum
640 5256 731 5332 (le
778 5258 1066 5335 ulterius
1135 5281 1278 5334 non
1338 5261 1660 5358 petendo.
1771 5260 1961 5349 Quas
2016 5262 2320 5360 quidem‘
2355 5261 2590 5357 linem,
2659 5266 3132 5361 quitationem,
3198 5262 3760 5360 absolutionem,

388 5358 911 5457 remissionem,
962 5368 1037 5440 et
1073 5373 1358 5461 pactum
1426 5367 1876 5463 permittimus
1926 5368 2208 5441 noniine
2261 5372 2541 5442 camere
2587 5367 2953 5467 sepedicto
3022 5376 3301 5468 semper
3349 5368 3442 5444 de
3493 5376 3756 5445 cetero
3777 5388 3796 5410 ²
