<?xml version="1.0" encoding="UTF-8"?>
<!DOCTYPE html PUBLIC "-//W3C//DTD XHTML 1.0 Transitional//EN"
    "http://www.w3.org/TR/xhtml1/DTD/xhtml1-transitional.dtd">
<html xmlns="http://www.w3.org/1999/xhtml" xml:lang="en" lang="en">
 <head>
  <title>
</title>
<meta http-equiv="Content-Type" content="text/html;charset=utf-8" />
  <meta name='ocr-system' content='tesseract 3.04.00' />
  <meta name='ocr-capabilities' content='ocr_page ocr_carea ocr_par ocr_line ocrx_word'/>
</head>
<body>
  <div class='ocr_page' id='page_1' title='image "./juraregnicroati00etcgoog/juraregnicroati00etcgoog_0383.png"; bbox 0 0 3950 5917; ppageno 0'>
   <div class='ocr_carea' id='block_1_1' title="bbox 3305 467 3451 545">
    <p class='ocr_par' dir='ltr' id='par_1_1' title="bbox 3305 467 3451 545">
     <span class='ocr_line' id='line_1_1' title="bbox 3305 467 3451 545; baseline 0 -1"><span class='ocrx_word' id='word_1_1' title='bbox 3305 467 3451 545; x_wconf 81' lang='lat'><strong>341</strong></span> 
     </span>
    </p>
   </div>
   <div class='ocr_carea' id='block_1_2' title="bbox 1629 1027 1942 1114">
    <p class='ocr_par' dir='ltr' id='par_1_2' title="bbox 1629 1027 1942 1114">
     <span class='ocr_line' id='line_1_2' title="bbox 1629 1027 1942 1114; baseline 0.013 -4"><span class='ocrx_word' id='word_1_2' title='bbox 1629 1027 1942 1114; x_wconf 71' lang='lat' dir='ltr'><strong>CCX.</strong></span> 
     </span>
    </p>
   </div>
   <div class='ocr_carea' id='block_1_3' title="bbox 953 1327 2616 1414">
    <p class='ocr_par' dir='ltr' id='par_1_3' title="bbox 953 1327 2616 1414">
     <span class='ocr_line' id='line_1_3' title="bbox 953 1327 2616 1414; baseline 0.002 -10"><span class='ocrx_word' id='word_1_3' title='bbox 953 1327 1164 1404; x_wconf 74' lang='lat' dir='ltr'><strong>Anno</strong></span> <span class='ocrx_word' id='word_1_4' title='bbox 1230 1328 1463 1404; x_wconf 82' lang='lat'><strong><em>1673.</em></strong></span> <span class='ocrx_word' id='word_1_5' title='bbox 1520 1332 1635 1403; x_wconf 80' lang='lat' dir='ltr'><strong>die</strong></span> <span class='ocrx_word' id='word_1_6' title='bbox 1691 1330 1818 1403; x_wconf 78' lang='lat'><strong>29.</strong></span> <span class='ocrx_word' id='word_1_7' title='bbox 1854 1332 2217 1414; x_wconf 67' lang='lat' dir='ltr'><strong>,lanum-ii.</strong></span> <span class='ocrx_word' id='word_1_8' title='bbox 2289 1331 2616 1407; x_wconf 79' lang='lat' dir='ltr'><strong><em>Viennae.</em></strong></span> 
     </span>
    </p>
   </div>
   <div class='ocr_carea' id='block_1_4' title="bbox 146 1588 3452 1838">
    <p class='ocr_par' dir='ltr' id='par_1_4' title="bbox 146 1588 3452 1838">
     <span class='ocr_line' id='line_1_4' title="bbox 146 1588 3452 1700; baseline 0.003 -34"><span class='ocrx_word' id='word_1_9' title='bbox 146 1588 787 1696; x_wconf 74' lang='lat' dir='ltr'><strong>privilegium</strong></span> <span class='ocrx_word' id='word_1_10' title='bbox 854 1617 896 1669; x_wconf 90' lang='lat' dir='ltr'><strong>a</strong></span> <span class='ocrx_word' id='word_1_11' title='bbox 959 1592 1471 1697; x_wconf 90' lang='lat' dir='ltr'><strong>Leopoldo</strong></span> <span class='ocrx_word' id='word_1_12' title='bbox 1532 1593 1590 1672; x_wconf 90' lang='grc' dir='ltr'><strong>Ι.</strong></span> <span class='ocrx_word' id='word_1_13' title='bbox 1669 1592 1951 1699; x_wconf 84' lang='lat' dir='ltr'><strong>Rege</strong></span> <span class='ocrx_word' id='word_1_14' title='bbox 2015 1594 2377 1700; x_wconf 91' lang='lat' dir='ltr'><strong>oppido</strong></span> <span class='ocrx_word' id='word_1_15' title='bbox 2441 1595 2986 1700; x_wconf 82' lang='lat' dir='ltr'><strong>Cirkveno,</strong></span> <span class='ocrx_word' id='word_1_16' title='bbox 3073 1597 3452 1677; x_wconf 84' lang='lat' dir='ltr'><strong>tardius</strong></span> 
     </span>
     <span class='ocr_line' id='line_1_5' title="bbox 149 1724 3442 1838; baseline 0.002 -34"><span class='ocrx_word' id='word_1_17' title='bbox 149 1731 163 1746; x_wconf 84' lang='lat'><strong><em>‘</em></strong></span> <span class='ocrx_word' id='word_1_18' title='bbox 308 1724 790 1808; x_wconf 82' lang='lat' dir='ltr'><strong>Confinio</strong></span> <span class='ocrx_word' id='word_1_19' title='bbox 853 1729 1270 1808; x_wconf 86' lang='lat' dir='ltr'><strong>militari</strong></span> <span class='ocrx_word' id='word_1_20' title='bbox 1332 1734 1485 1810; x_wconf 84' lang='lat' dir='ltr'><strong>via</strong></span> <span class='ocrx_word' id='word_1_21' title='bbox 1553 1731 1795 1810; x_wconf 84' lang='lat' dir='ltr'><strong>facti</strong></span> <span class='ocrx_word' id='word_1_22' title='bbox 1860 1736 2552 1838; x_wconf 85' lang='lat' dir='ltr'><strong>incorporato,</strong></span> <span class='ocrx_word' id='word_1_23' title='bbox 2640 1758 3260 1815; x_wconf 89' lang='lat' dir='ltr'><strong>concessum.</strong></span> <span class='ocrx_word' id='word_1_24' title='bbox 3435 1731 3442 1740; x_wconf 74' lang='grc'><strong>’</strong></span> 
     </span>
    </p>
   </div>
   <div class='ocr_carea' id='block_1_5' title="bbox 54 1996 3468 5515">
    <p class='ocr_par' dir='ltr' id='par_1_5' title="bbox 143 1996 3452 2613">
     <span class='ocr_line' id='line_1_6' title="bbox 428 1996 3452 2097; baseline 0.001 -27"><span class='ocrx_word' id='word_1_25' title='bbox 428 1996 581 2070; x_wconf 89' lang='lat' dir='ltr'><strong>Nos</strong></span> <span class='ocrx_word' id='word_1_26' title='bbox 633 1996 1025 2094; x_wconf 89' lang='lat' dir='ltr'><strong>Leopoldus</strong></span> <span class='ocrx_word' id='word_1_27' title='bbox 1095 1998 1229 2070; x_wconf 85' lang='lat' dir='ltr'><strong>Dei</strong></span> <span class='ocrx_word' id='word_1_28' title='bbox 1282 1997 1512 2071; x_wconf 78' lang='lat' dir='ltr'>Gratia</span> <span class='ocrx_word' id='word_1_29' title='bbox 1570 1999 1835 2073; x_wconf 89' lang='lat' dir='ltr'><strong>electus</strong></span> <span class='ocrx_word' id='word_1_30' title='bbox 1888 1997 2357 2071; x_wconf 88' lang='lat' dir='ltr'><strong>Romanorum</strong></span> <span class='ocrx_word' id='word_1_31' title='bbox 2421 1999 2801 2095; x_wconf 79' lang='lat' dir='ltr'><strong>Imperator</strong></span> <span class='ocrx_word' id='word_1_32' title='bbox 2867 2022 3143 2096; x_wconf 80' lang='lat' dir='ltr'>semper</span> <span class='ocrx_word' id='word_1_33' title='bbox 3192 2001 3452 2097; x_wconf 86' lang='lat' dir='ltr'><strong>Augu-</strong></span> 
     </span>
     <span class='ocr_line' id='line_1_7' title="bbox 144 2100 3450 2196; baseline 0.001 -23"><span class='ocrx_word' id='word_1_34' title='bbox 144 2109 299 2189; x_wconf 83' lang='lat' dir='ltr'><strong>stus,</strong></span> <span class='ocrx_word' id='word_1_35' title='bbox 349 2122 434 2172; x_wconf 91' lang='lat' dir='ltr'><strong>ac</strong></span> <span class='ocrx_word' id='word_1_36' title='bbox 460 2100 929 2189; x_wconf 68' lang='lat' dir='ltr'><strong>Germaniae,</strong></span> <span class='ocrx_word' id='word_1_37' title='bbox 983 2101 1406 2196; x_wconf 85' lang='lat' dir='ltr'><strong>Hungariae,</strong></span> <span class='ocrx_word' id='word_1_38' title='bbox 1461 2101 1863 2193; x_wconf 89' lang='lat' dir='ltr'><strong>Bohemiae,</strong></span> <span class='ocrx_word' id='word_1_39' title='bbox 1934 2101 2340 2192; x_wconf 80' lang='lat' dir='ltr'><strong>Dalmatiae,</strong></span> <span class='ocrx_word' id='word_1_40' title='bbox 2418 2101 2764 2193; x_wconf 74' lang='lat' dir='ltr'><strong>croatiae,</strong></span> <span class='ocrx_word' id='word_1_41' title='bbox 2837 2101 3240 2196; x_wconf 81' lang='lat' dir='ltr'><strong>Slavoniae,</strong></span> <span class='ocrx_word' id='word_1_42' title='bbox 3293 2104 3450 2177; x_wconf 86' lang='lat' dir='ltr'><strong>Ra-</strong></span> 
     </span>
     <span class='ocr_line' id='line_1_8' title="bbox 146 2202 3450 2301; baseline 0.002 -27"><span class='ocrx_word' id='word_1_43' title='bbox 146 2225 307 2291; x_wconf 83' lang='lat' dir='ltr'><strong>mae,</strong></span> <span class='ocrx_word' id='word_1_44' title='bbox 360 2203 680 2293; x_wconf 85' lang='lat' dir='ltr'><strong>Serviae,</strong></span> <span class='ocrx_word' id='word_1_45' title='bbox 741 2203 1095 2294; x_wconf 87' lang='lat' dir='ltr'><strong>Galliciae,</strong></span> <span class='ocrx_word' id='word_1_46' title='bbox 1147 2204 1628 2295; x_wconf 86' lang='lat' dir='ltr'><strong>Lodomeriae,</strong></span> <span class='ocrx_word' id='word_1_47' title='bbox 1685 2202 2087 2296; x_wconf 89' lang='lat' dir='ltr'><strong>Cumaniae,</strong></span> <span class='ocrx_word' id='word_1_48' title='bbox 2138 2205 2640 2301; x_wconf 84' lang='lat' dir='ltr'><strong>Bulgariaeque</strong></span> <span class='ocrx_word' id='word_1_49' title='bbox 2695 2207 2853 2279; x_wconf 86' lang='lat' dir='ltr'><strong>Rex</strong></span> <span class='ocrx_word' id='word_1_50' title='bbox 2906 2212 3034 2280; x_wconf 63' lang='grc' dir='ltr'><strong>ἀπο.</strong></span> <span class='ocrx_word' id='word_1_51' title='bbox 3092 2207 3450 2281; x_wconf 83' lang='lat' dir='ltr'><strong>Archidux</strong></span> 
     </span>
     <span class='ocr_line' id='line_1_9' title="bbox 143 2305 3450 2405; baseline 0.002 -27"><span class='ocrx_word' id='word_1_52' title='bbox 143 2305 446 2381; x_wconf 84' lang='lat' dir='ltr'><strong>Austriae</strong></span> <span class='ocrx_word' id='word_1_53' title='bbox 502 2313 633 2380; x_wconf 75' lang='lat' dir='ltr'><strong>dcc.</strong></span> <span class='ocrx_word' id='word_1_54' title='bbox 737 2307 1118 2381; x_wconf 80' lang='lat' dir='ltr'><strong>Memoriae</strong></span> <span class='ocrx_word' id='word_1_55' title='bbox 1190 2308 1750 2381; x_wconf 87' lang='lat' dir='ltr'><strong>commendamus</strong></span> <span class='ocrx_word' id='word_1_56' title='bbox 1825 2317 2070 2381; x_wconf 91' lang='lat' dir='ltr'><strong>tenore</strong></span> <span class='ocrx_word' id='word_1_57' title='bbox 2138 2313 2598 2403; x_wconf 88' lang='lat' dir='ltr'><strong>praesentium</strong></span> <span class='ocrx_word' id='word_1_58' title='bbox 2669 2311 3136 2403; x_wconf 86' lang='lat' dir='ltr'><strong>significantes</strong></span> <span class='ocrx_word' id='word_1_59' title='bbox 3208 2309 3450 2405; x_wconf 89' lang='lat' dir='ltr'><strong>quibus</strong></span> 
     </span>
     <span class='ocr_line' id='line_1_10' title="bbox 144 2410 3448 2507; baseline 0.002 -27"><span class='ocrx_word' id='word_1_60' title='bbox 144 2410 401 2505; x_wconf 83' lang='lat' dir='ltr'><strong>expedit</strong></span> <span class='ocrx_word' id='word_1_61' title='bbox 449 2414 822 2486; x_wconf 83' lang='lat' dir='ltr'><strong>universis.</strong></span> <span class='ocrx_word' id='word_1_62' title='bbox 906 2411 1105 2497; x_wconf 86' lang='lat' dir='ltr'><strong>Quod</strong></span> <span class='ocrx_word' id='word_1_63' title='bbox 1151 2433 1303 2484; x_wconf 92' lang='lat' dir='ltr'><strong>cum</strong></span> <span class='ocrx_word' id='word_1_64' title='bbox 1359 2412 1582 2507; x_wconf 85' lang='lat' dir='ltr'><strong>ampla</strong></span> <span class='ocrx_word' id='word_1_65' title='bbox 1635 2411 2018 2507; x_wconf 81' lang='lat' dir='ltr'><strong>Principum</strong></span> <span class='ocrx_word' id='word_1_66' title='bbox 2073 2411 2445 2484; x_wconf 77' lang='lat' dir='ltr'><strong>liberalitas</strong></span> <span class='ocrx_word' id='word_1_67' title='bbox 2481 2418 2549 2485; x_wconf 91' lang='lat' dir='ltr'><strong>in</strong></span> <span class='ocrx_word' id='word_1_68' title='bbox 2587 2413 3043 2486; x_wconf 82' lang='lat' dir='ltr'><strong>munificentia</strong></span> <span class='ocrx_word' id='word_1_69' title='bbox 3097 2417 3165 2485; x_wconf 76' lang='lat' dir='ltr'><strong>dc</strong></span> <span class='ocrx_word' id='word_1_70' title='bbox 3216 2412 3448 2487; x_wconf 89' lang='lat' dir='ltr'><strong>bene-</strong></span> 
     </span>
     <span class='ocr_line' id='line_1_11' title="bbox 143 2513 3450 2613; baseline 0.002 -30"><span class='ocrx_word' id='word_1_71' title='bbox 143 2517 513 2586; x_wconf 87' lang='lat' dir='ltr'><strong>meritorum</strong></span> <span class='ocrx_word' id='word_1_72' title='bbox 571 2536 849 2588; x_wconf 90' lang='lat' dir='ltr'><strong>suorum</strong></span> <span class='ocrx_word' id='word_1_73' title='bbox 902 2513 1322 2588; x_wconf 85' lang='lat' dir='ltr'><strong>subditorum</strong></span> <span class='ocrx_word' id='word_1_74' title='bbox 1375 2518 1927 2588; x_wconf 79' lang='lat' dir='ltr'><strong>remuneratione</strong></span> <span class='ocrx_word' id='word_1_75' title='bbox 2002 2518 2360 2604; x_wconf 89' lang='lat' dir='ltr'><strong>consistat,</strong></span> <span class='ocrx_word' id='word_1_76' title='bbox 2432 2526 2624 2588; x_wconf 90' lang='lat' dir='ltr'><strong>recte</strong></span> <span class='ocrx_word' id='word_1_77' title='bbox 2678 2540 2764 2588; x_wconf 89' lang='lat' dir='ltr'><strong>ac</strong></span> <span class='ocrx_word' id='word_1_78' title='bbox 2812 2520 3160 2613; x_wconf 88' lang='lat' dir='ltr'><strong>sapienter</strong></span> <span class='ocrx_word' id='word_1_79' title='bbox 3212 2538 3251 2587; x_wconf 97' lang='lat' dir='ltr'><strong>a</strong></span> <span class='ocrx_word' id='word_1_80' title='bbox 3304 2538 3450 2590; x_wconf 85' lang='lat' dir='ltr'><strong>ve·-</strong></span> 
     </span>
    </p>

    <p class='ocr_par' dir='ltr' id='par_1_6' title="bbox 54 2616 3468 5515">
     <span class='ocr_line' id='line_1_12' title="bbox 54 2616 3454 2736; baseline 0.001 -48"><span class='ocrx_word' id='word_1_81' title='bbox 54 2619 57 2736; x_wconf 43' lang='lat' dir='ltr'><strong>l</strong></span> <span class='ocrx_word' id='word_1_82' title='bbox 144 2619 509 2692; x_wconf 86' lang='lat' dir='ltr'><strong>tustissimis</strong></span> <span class='ocrx_word' id='word_1_83' title='bbox 564 2616 1094 2714; x_wconf 89' lang='lat' dir='ltr'><strong>Imperatoribus</strong></span> <span class='ocrx_word' id='word_1_84' title='bbox 1147 2623 1215 2691; x_wconf 76' lang='lat' dir='ltr'><strong>dc</strong></span> <span class='ocrx_word' id='word_1_85' title='bbox 1260 2617 1567 2712; x_wconf 82' lang='lat' dir='ltr'><strong>Regibus</strong></span> <span class='ocrx_word' id='word_1_86' title='bbox 1619 2617 1874 2691; x_wconf 88' lang='lat' dir='ltr'><strong>factum</strong></span> <span class='ocrx_word' id='word_1_87' title='bbox 1930 2640 2095 2692; x_wconf 90' lang='lat' dir='ltr'><strong>esse</strong></span> <span class='ocrx_word' id='word_1_88' title='bbox 2141 2619 2555 2712; x_wconf 86' lang='lat' dir='ltr'><strong>judicamus,</strong></span> <span class='ocrx_word' id='word_1_89' title='bbox 2606 2620 2765 2692; x_wconf 91' lang='lat' dir='ltr'><strong>dum</strong></span> <span class='ocrx_word' id='word_1_90' title='bbox 2819 2621 3128 2714; x_wconf 87' lang='lat' dir='ltr'><strong>singulos</strong></span> <span class='ocrx_word' id='word_1_91' title='bbox 3183 2641 3454 2694; x_wconf 89' lang='lat' dir='ltr'><strong>secun-</strong></span> 
     </span>
     <span class='ocr_line' id='line_1_13' title="bbox 147 2717 3447 2818; baseline 0.002 -29"><span class='ocrx_word' id='word_1_92' title='bbox 147 2717 284 2791; x_wconf 88' lang='lat' dir='ltr'><strong>dum</strong></span> <span class='ocrx_word' id='word_1_93' title='bbox 332 2725 579 2795; x_wconf 89' lang='lat' dir='ltr'><strong>merita</strong></span> <span class='ocrx_word' id='word_1_94' title='bbox 633 2722 1068 2817; x_wconf 87' lang='lat' dir='ltr'><strong>amplitudine</strong></span> <span class='ocrx_word' id='word_1_95' title='bbox 1138 2720 1629 2795; x_wconf 84' lang='lat' dir='ltr'><strong>beneficiorum</strong></span> <span class='ocrx_word' id='word_1_96' title='bbox 1700 2726 2052 2818; x_wconf 90' lang='lat' dir='ltr'><strong>prosecuti</strong></span> <span class='ocrx_word' id='word_1_97' title='bbox 2105 2733 2279 2797; x_wconf 90' lang='lat' dir='ltr'><strong>sunt.</strong></span> <span class='ocrx_word' id='word_1_98' title='bbox 2386 2722 2579 2809; x_wconf 85' lang='lat' dir='ltr'><strong>Quos</strong></span> <span class='ocrx_word' id='word_1_99' title='bbox 2634 2727 2810 2797; x_wconf 89' lang='lat' dir='ltr'><strong>sicut</strong></span> <span class='ocrx_word' id='word_1_100' title='bbox 2859 2727 2929 2795; x_wconf 90' lang='lat' dir='ltr'><strong>in</strong></span> <span class='ocrx_word' id='word_1_101' title='bbox 2983 2723 3135 2796; x_wconf 88' lang='lat' dir='ltr'><strong>aliis</strong></span> <span class='ocrx_word' id='word_1_102' title='bbox 3190 2726 3447 2816; x_wconf 87' lang='lat' dir='ltr'><strong>optimo</strong></span> 
     </span>
     <span class='ocr_line' id='line_1_14' title="bbox 144 2819 3451 2923; baseline 0.002 -28"><span class='ocrx_word' id='word_1_103' title='bbox 144 2819 433 2920; x_wconf 79' lang='lat' dir='ltr'><strong>Principe</strong></span> <span class='ocrx_word' id='word_1_104' title='bbox 484 2825 735 2919; x_wconf 85' lang='lat' dir='ltr'><strong>Dignis</strong></span> <span class='ocrx_word' id='word_1_105' title='bbox 786 2823 1174 2915; x_wconf 83' lang='lat' dir='ltr'><strong>virtutibus,</strong></span> <span class='ocrx_word' id='word_1_106' title='bbox 1226 2830 1318 2898; x_wconf 91' lang='lat' dir='ltr'><strong>ita</strong></span> <span class='ocrx_word' id='word_1_107' title='bbox 1368 2825 1502 2898; x_wconf 92' lang='lat' dir='ltr'><strong>hac</strong></span> <span class='ocrx_word' id='word_1_108' title='bbox 1554 2847 1827 2921; x_wconf 85' lang='lat' dir='ltr'><strong>quoqne</strong></span> <span class='ocrx_word' id='word_1_109' title='bbox 1863 2828 1932 2898; x_wconf 92' lang='lat' dir='ltr'><strong>in</strong></span> <span class='ocrx_word' id='word_1_110' title='bbox 1966 2836 2162 2923; x_wconf 87' lang='lat' dir='ltr'><strong>parte</strong></span> <span class='ocrx_word' id='word_1_111' title='bbox 2213 2825 2507 2898; x_wconf 78' lang='lat' dir='ltr'><strong>libenter</strong></span> <span class='ocrx_word' id='word_1_112' title='bbox 2555 2831 2918 2917; x_wconf 89' lang='lat' dir='ltr'><strong>imitamur,</strong></span> <span class='ocrx_word' id='word_1_113' title='bbox 2974 2830 3039 2899; x_wconf 72' lang='lat' dir='ltr'><strong>dc</strong></span> <span class='ocrx_word' id='word_1_114' title='bbox 3080 2836 3451 2923; x_wconf 84' lang='lat' dir='ltr'><strong>propterea</strong></span> 
     </span>
     <span class='ocr_line' id='line_1_15' title="bbox 146 2919 3452 3025; baseline 0.002 -30"><span class='ocrx_word' id='word_1_115' title='bbox 146 2925 221 2997; x_wconf 87' lang='lat' dir='ltr'><strong>ad</strong></span> <span class='ocrx_word' id='word_1_116' title='bbox 265 2932 745 3002; x_wconf 84' lang='lat' dir='ltr'><strong>universorum</strong></span> <span class='ocrx_word' id='word_1_117' title='bbox 798 2950 954 3001; x_wconf 90' lang='lat' dir='ltr'><strong>cum</strong></span> <span class='ocrx_word' id='word_1_118' title='bbox 1006 2931 1494 3025; x_wconf 85' lang='lat' dir='ltr'><strong>praesentium,</strong></span> <span class='ocrx_word' id='word_1_119' title='bbox 1546 2940 1688 3002; x_wconf 89' lang='lat' dir='ltr'><strong>tum</strong></span> <span class='ocrx_word' id='word_1_120' title='bbox 1736 2928 2120 3003; x_wconf 88' lang='lat' dir='ltr'><strong>futurorum</strong></span> <span class='ocrx_word' id='word_1_121' title='bbox 2189 2919 2496 3001; x_wconf 74' lang='lat' dir='ltr'><strong>‘notitiam</strong></span> <span class='ocrx_word' id='word_1_122' title='bbox 2567 2931 2806 3004; x_wconf 90' lang='lat' dir='ltr'><strong>harum</strong></span> <span class='ocrx_word' id='word_1_123' title='bbox 2876 2934 3062 3004; x_wconf 88' lang='lat' dir='ltr'><strong>serie</strong></span> <span class='ocrx_word' id='word_1_124' title='bbox 3129 2930 3452 3004; x_wconf 81' lang='lat' dir='ltr'><strong>volumus</strong></span> 
     </span>
     <span class='ocr_line' id='line_1_16' title="bbox 144 3031 3454 3130; baseline 0.002 -29"><span class='ocrx_word' id='word_1_125' title='bbox 144 3035 531 3123; x_wconf 83' lang='lat' dir='ltr'><strong>pervenire:</strong></span> <span class='ocrx_word' id='word_1_126' title='bbox 640 3032 839 3119; x_wconf 85' lang='lat' dir='ltr'><strong>Quod</strong></span> <span class='ocrx_word' id='word_1_127' title='bbox 896 3031 1138 3106; x_wconf 84' lang='lat' dir='ltr'><strong>fideles</strong></span> <span class='ocrx_word' id='word_1_128' title='bbox 1191 3036 1409 3106; x_wconf 88' lang='lat' dir='ltr'><strong>nostri</strong></span> <span class='ocrx_word' id='word_1_129' title='bbox 1461 3036 1721 3106; x_wconf 88' lang='lat' dir='ltr'><strong>strenui</strong></span> <span class='ocrx_word' id='word_1_130' title='bbox 1771 3033 2045 3105; x_wconf 78' lang='lat' dir='ltr'><strong>incolae</strong></span> <span class='ocrx_word' id='word_1_131' title='bbox 2117 3055 2203 3105; x_wconf 89' lang='lat' dir='ltr'><strong>ac</strong></span> <span class='ocrx_word' id='word_1_132' title='bbox 2253 3031 2742 3108; x_wconf 77' lang='lat' dir='ltr'><strong>inhabitatores</strong></span> <span class='ocrx_word' id='word_1_133' title='bbox 2821 3037 3130 3107; x_wconf 82' lang='lat' dir='ltr'><strong>universi</strong></span> <span class='ocrx_word' id='word_1_134' title='bbox 3183 3032 3454 3130; x_wconf 78' lang='lat' dir='ltr'><strong>Oppidi,</strong></span> 
     </span>
     <span class='ocr_line' id='line_1_17' title="bbox 144 3130 3454 3232; baseline 0.002 -29"><span class='ocrx_word' id='word_1_135' title='bbox 144 3130 545 3232; x_wconf 81' lang='lat' dir='ltr'><strong>Castellique</strong></span> <span class='ocrx_word' id='word_1_136' title='bbox 596 3139 664 3208; x_wconf 74' lang='lat' dir='ltr'><strong>de</strong></span> <span class='ocrx_word' id='word_1_137' title='bbox 711 3135 1068 3209; x_wconf 91' lang='lat' dir='ltr'><strong>Territorii</strong></span> <span class='ocrx_word' id='word_1_138' title='bbox 1121 3133 1508 3231; x_wconf 80' lang='lat' dir='ltr'><strong>Gzirqueno</strong></span> <span class='ocrx_word' id='word_1_139' title='bbox 1563 3139 1839 3209; x_wconf 90' lang='lat' dir='ltr'><strong>omnino</strong></span> <span class='ocrx_word' id='word_1_140' title='bbox 1893 3139 1963 3208; x_wconf 88' lang='lat' dir='ltr'><strong>in</strong></span> <span class='ocrx_word' id='word_1_141' title='bbox 2000 3135 2248 3229; x_wconf 86' lang='lat' dir='ltr'><strong>Regno</strong></span> <span class='ocrx_word' id='word_1_142' title='bbox 2299 3146 2539 3211; x_wconf 90' lang='lat' dir='ltr'><strong>nostro</strong></span> <span class='ocrx_word' id='word_1_143' title='bbox 2594 3135 2970 3210; x_wconf 82' lang='lat' dir='ltr'><strong>Slavoniae</strong></span> <span class='ocrx_word' id='word_1_144' title='bbox 3006 3140 3074 3208; x_wconf 75' lang='lat' dir='ltr'><strong>dc</strong></span> <span class='ocrx_word' id='word_1_145' title='bbox 3111 3133 3454 3210; x_wconf 70' lang='lat' dir='ltr'><strong>comitatu</strong></span> 
     </span>
     <span class='ocr_line' id='line_1_18' title="bbox 145 3232 3455 3335; baseline 0.002 -29"><span class='ocrx_word' id='word_1_146' title='bbox 145 3232 452 3312; x_wconf 83' lang='lat' dir='ltr'><strong>Crisiensi</strong></span> <span class='ocrx_word' id='word_1_147' title='bbox 512 3242 896 3318; x_wconf 82' lang='lat' dir='ltr'><strong>existentes</strong></span> <span class='ocrx_word' id='word_1_148' title='bbox 945 3237 1177 3324; x_wconf 83' lang='lat' dir='ltr'><strong>habiti,</strong></span> <span class='ocrx_word' id='word_1_149' title='bbox 1232 3239 1403 3313; x_wconf 89' lang='lat' dir='ltr'><strong>alias</strong></span> <span class='ocrx_word' id='word_1_150' title='bbox 1440 3238 1713 3335; x_wconf 83' lang='lat' dir='ltr'><strong>quidem</strong></span> <span class='ocrx_word' id='word_1_151' title='bbox 1767 3249 1968 3312; x_wconf 91' lang='lat' dir='ltr'><strong>antea</strong></span> <span class='ocrx_word' id='word_1_152' title='bbox 2024 3239 2110 3310; x_wconf 93' lang='lat' dir='ltr'><strong>ad</strong></span> <span class='ocrx_word' id='word_1_153' title='bbox 2149 3237 2420 3312; x_wconf 86' lang='lat' dir='ltr'><strong>fidelem</strong></span> <span class='ocrx_word' id='word_1_154' title='bbox 2471 3250 2805 3328; x_wconf 88' lang='lat' dir='ltr'><strong>nostrum,</strong></span> <span class='ocrx_word' id='word_1_155' title='bbox 2858 3239 3075 3312; x_wconf 91' lang='lat' dir='ltr'><strong>Nobis</strong></span> <span class='ocrx_word' id='word_1_156' title='bbox 3130 3240 3455 3313; x_wconf 88' lang='lat' dir='ltr'><strong>dilectum</strong></span> 
     </span>
     <span class='ocr_line' id='line_1_19' title="bbox 143 3338 3450 3438; baseline 0.001 -28"><span class='ocrx_word' id='word_1_157' title='bbox 143 3338 586 3434; x_wconf 78' lang='lat' dir='ltr'><strong>spectabilem</strong></span> <span class='ocrx_word' id='word_1_158' title='bbox 641 3347 706 3414; x_wconf 72' lang='lat' dir='ltr'><strong>d:</strong></span> <span class='ocrx_word' id='word_1_159' title='bbox 759 3342 1195 3436; x_wconf 80' lang='lat' dir='ltr'><strong>Magnificum</strong></span> <span class='ocrx_word' id='word_1_160' title='bbox 1241 3344 1583 3416; x_wconf 84' lang='lat' dir='ltr'><strong>Joaunem</strong></span> <span class='ocrx_word' id='word_1_161' title='bbox 1632 3341 2007 3438; x_wconf 86' lang='lat' dir='ltr'><strong>Josephum</strong></span> <span class='ocrx_word' id='word_1_162' title='bbox 2064 3339 2400 3415; x_wconf 84' lang='lat' dir='ltr'><strong>Comitem</strong></span> <span class='ocrx_word' id='word_1_163' title='bbox 2453 3341 2540 3415; x_wconf 90' lang='lat' dir='ltr'><strong>ab</strong></span> <span class='ocrx_word' id='word_1_164' title='bbox 2591 3340 3067 3429; x_wconf 84' lang='lat' dir='ltr'><strong>Herberstein,</strong></span> <span class='ocrx_word' id='word_1_165' title='bbox 3133 3340 3450 3414; x_wconf 89' lang='lat' dir='ltr'><strong>Liberum</strong></span> 
     </span>
     <span class='ocr_line' id='line_1_20' title="bbox 143 3439 3452 3541; baseline 0.001 -28"><span class='ocrx_word' id='word_1_166' title='bbox 143 3439 462 3519; x_wconf 85' lang='lat' dir='ltr'><strong>Baronem</strong></span> <span class='ocrx_word' id='word_1_167' title='bbox 531 3448 602 3519; x_wconf 92' lang='lat' dir='ltr'><strong>in</strong></span> <span class='ocrx_word' id='word_1_168' title='bbox 653 3445 983 3541; x_wconf 90' lang='lat' dir='ltr'><strong>Neuberg</strong></span> <span class='ocrx_word' id='word_1_169' title='bbox 1033 3451 1098 3520; x_wconf 72' lang='lat' dir='ltr'><strong>dc</strong></span> <span class='ocrx_word' id='word_1_170' title='bbox 1151 3445 1609 3541; x_wconf 83' lang='lat' dir='ltr'><strong>Guettenhag,</strong></span> <span class='ocrx_word' id='word_1_171' title='bbox 1663 3445 2027 3518; x_wconf 85' lang='lat' dir='ltr'><strong>Dominum</strong></span> <span class='ocrx_word' id='word_1_172' title='bbox 2077 3447 2144 3516; x_wconf 91' lang='lat' dir='ltr'><strong>in</strong></span> <span class='ocrx_word' id='word_1_173' title='bbox 2197 3443 2595 3518; x_wconf 83' lang='lat' dir='ltr'><strong>Lankovicz</strong></span> <span class='ocrx_word' id='word_1_174' title='bbox 2650 3451 2808 3535; x_wconf 55' lang='lat' dir='ltr'><strong>dcc„</strong></span> <span class='ocrx_word' id='word_1_175' title='bbox 2864 3442 3331 3517; x_wconf 78' lang='lat' dir='ltr'><strong>Camerarium</strong></span> <span class='ocrx_word' id='word_1_176' title='bbox 3384 3449 3452 3516; x_wconf 62' lang='grc' dir='ltr'><strong>ὼ</strong></span> 
     </span>
     <span class='ocr_line' id='line_1_21' title="bbox 144 3543 3452 3645; baseline 0 -27"><span class='ocrx_word' id='word_1_177' title='bbox 144 3543 605 3622; x_wconf 78' lang='lat' dir='ltr'><strong>consiliarium</strong></span> <span class='ocrx_word' id='word_1_178' title='bbox 638 3559 947 3624; x_wconf 88' lang='lat' dir='ltr'><strong>nostrum</strong></span> <span class='ocrx_word' id='word_1_179' title='bbox 1002 3553 1400 3645; x_wconf 89' lang='lat' dir='ltr'><strong>spectantis,</strong></span> <span class='ocrx_word' id='word_1_180' title='bbox 1454 3549 1799 3642; x_wconf 80' lang='lat' dir='ltr'><strong>Majestati</strong></span> <span class='ocrx_word' id='word_1_181' title='bbox 1832 3548 2131 3623; x_wconf 83' lang='lat' dir='ltr'><strong>Nostrae</strong></span> <span class='ocrx_word' id='word_1_182' title='bbox 2182 3548 2553 3621; x_wconf 91' lang='lat' dir='ltr'><strong>humillime</strong></span> <span class='ocrx_word' id='word_1_183' title='bbox 2586 3552 3211 3645; x_wconf 81' lang='lat' dir='ltr'><strong>repraesentariut3</strong></span> <span class='ocrx_word' id='word_1_184' title='bbox 3267 3569 3452 3643; x_wconf 88' lang='lat' dir='ltr'><strong>qua-</strong></span> 
     </span>
     <span class='ocr_line' id='line_1_22' title="bbox 141 3648 3454 3749; baseline 0.001 -29"><span class='ocrx_word' id='word_1_185' title='bbox 141 3648 280 3722; x_wconf 87' lang='lat' dir='ltr'><strong>liter</strong></span> <span class='ocrx_word' id='word_1_186' title='bbox 326 3652 658 3726; x_wconf 84' lang='lat' dir='ltr'><strong>videlicet</strong></span> <span class='ocrx_word' id='word_1_187' title='bbox 724 3652 905 3726; x_wconf 90' lang='lat' dir='ltr'><strong>idem</strong></span> <span class='ocrx_word' id='word_1_188' title='bbox 964 3652 1216 3728; x_wconf 89' lang='lat' dir='ltr'><strong>Comes</strong></span> <span class='ocrx_word' id='word_1_189' title='bbox 1288 3653 1536 3727; x_wconf 86' lang='lat' dir='ltr'><strong>dictum</strong></span> <span class='ocrx_word' id='word_1_190' title='bbox 1607 3652 1965 3749; x_wconf 87' lang='lat' dir='ltr'><strong>Oppidum,</strong></span> <span class='ocrx_word' id='word_1_191' title='bbox 2040 3651 2549 3748; x_wconf 74' lang='lat' dir='ltr'><strong>castellumque</strong></span> <span class='ocrx_word' id='word_1_192' title='bbox 2601 3673 2688 3724; x_wconf 90' lang='lat' dir='ltr'><strong>ac</strong></span> <span class='ocrx_word' id='word_1_193' title='bbox 2737 3651 3183 3723; x_wconf 88' lang='lat' dir='ltr'><strong>Territorium</strong></span> <span class='ocrx_word' id='word_1_194' title='bbox 3252 3652 3454 3724; x_wconf 89' lang='lat' dir='ltr'><strong>simul</strong></span> 
     </span>
     <span class='ocr_line' id='line_1_23' title="bbox 144 3754 3453 3854; baseline 0.001 -30"><span class='ocrx_word' id='word_1_195' title='bbox 144 3774 280 3826; x_wconf 88' lang='lat' dir='ltr'><strong>cum</strong></span> <span class='ocrx_word' id='word_1_196' title='bbox 333 3755 649 3831; x_wconf 86' lang='lat' dir='ltr'><strong>omnibus</strong></span> <span class='ocrx_word' id='word_1_197' title='bbox 717 3761 1170 3854; x_wconf 77' lang='lat' dir='ltr'><strong>pertinentiis,</strong></span> <span class='ocrx_word' id='word_1_198' title='bbox 1244 3754 1551 3846; x_wconf 86' lang='lat' dir='ltr'><strong>Colonis,</strong></span> <span class='ocrx_word' id='word_1_199' title='bbox 1620 3757 1998 3851; x_wconf 75' lang='lat' dir='ltr'><strong>inquilinis,</strong></span> <span class='ocrx_word' id='word_1_200' title='bbox 2065 3760 2270 3830; x_wconf 89' lang='lat' dir='ltr'><strong>terris</strong></span> <span class='ocrx_word' id='word_1_201' title='bbox 2341 3754 2707 3829; x_wconf 86' lang='lat' dir='ltr'><strong>arabilibus</strong></span> <span class='ocrx_word' id='word_1_202' title='bbox 2780 3754 2978 3826; x_wconf 90' lang='lat' dir='ltr'><strong>cultis</strong></span> <span class='ocrx_word' id='word_1_203' title='bbox 3034 3759 3099 3826; x_wconf 71' lang='lat' dir='ltr'><strong>oe</strong></span> <span class='ocrx_word' id='word_1_204' title='bbox 3153 3757 3453 3846; x_wconf 91' lang='lat' dir='ltr'><strong>incultis,</strong></span> 
     </span>
     <span class='ocr_line' id='line_1_24' title="bbox 141 3856 3453 3957; baseline 0.002 -31"><span class='ocrx_word' id='word_1_205' title='bbox 141 3862 337 3949; x_wconf 78' lang='lat' dir='ltr'><strong>agris,</strong></span> <span class='ocrx_word' id='word_1_206' title='bbox 389 3863 632 3956; x_wconf 89' lang='lat' dir='ltr'><strong>pratis,</strong></span> <span class='ocrx_word' id='word_1_207' title='bbox 688 3864 974 3956; x_wconf 87' lang='lat' dir='ltr'><strong>campis,</strong></span> <span class='ocrx_word' id='word_1_208' title='bbox 1043 3864 1347 3957; x_wconf 69' lang='lat' dir='ltr'><strong>pascuis,</strong></span> <span class='ocrx_word' id='word_1_209' title='bbox 1418 3864 1937 3956; x_wconf 88' lang='lat' dir='ltr'><strong>pascuationum</strong></span> <span class='ocrx_word' id='word_1_210' title='bbox 1990 3861 2191 3950; x_wconf 87' lang='lat' dir='ltr'><strong>locis,</strong></span> <span class='ocrx_word' id='word_1_211' title='bbox 2264 3858 2564 3934; x_wconf 84' lang='lat' dir='ltr'><strong>foenetis</strong></span> <span class='ocrx_word' id='word_1_212' title='bbox 2616 3864 2684 3932; x_wconf 76' lang='lat' dir='ltr'><strong>dc</strong></span> <span class='ocrx_word' id='word_1_213' title='bbox 2735 3856 3129 3947; x_wconf 76' lang='lat' dir='ltr'><strong>foenilibuS,</strong></span> <span class='ocrx_word' id='word_1_214' title='bbox 3202 3858 3453 3954; x_wconf 77' lang='lat' dir='ltr'><strong>sylvis,</strong></span> 
     </span>
     <span class='ocr_line' id='line_1_25' title="bbox 139 3961 3455 4060; baseline 0.002 -29"><span class='ocrx_word' id='word_1_215' title='bbox 139 3962 546 4053; x_wconf 86' lang='lat' dir='ltr'><strong>nemoribus,</strong></span> <span class='ocrx_word' id='word_1_216' title='bbox 601 3961 968 4053; x_wconf 90' lang='lat' dir='ltr'><strong>montibus,</strong></span> <span class='ocrx_word' id='word_1_217' title='bbox 1022 3963 1336 4052; x_wconf 85' lang='lat' dir='ltr'><strong>collibus,</strong></span> <span class='ocrx_word' id='word_1_218' title='bbox 1388 3962 1711 4053; x_wconf 83' lang='lat' dir='ltr'><strong>vallibus,</strong></span> <span class='ocrx_word' id='word_1_219' title='bbox 1764 3966 2018 4050; x_wconf 89' lang='lat' dir='ltr'><strong>vineis,</strong></span> <span class='ocrx_word' id='word_1_220' title='bbox 2070 3967 2566 4059; x_wconf 81' lang='lat' dir='ltr'><strong>vinearumque</strong></span> <span class='ocrx_word' id='word_1_221' title='bbox 2618 3966 3129 4060; x_wconf 74' lang='lat' dir='ltr'><strong>promontoriis,</strong></span> <span class='ocrx_word' id='word_1_222' title='bbox 3185 3961 3455 4055; x_wconf 86' lang='lat' dir='ltr'><strong>juribus</strong></span> 
     </span>
     <span class='ocr_line' id='line_1_26' title="bbox 139 4059 3455 4163; baseline 0.001 -27"><span class='ocrx_word' id='word_1_223' title='bbox 139 4059 493 4159; x_wconf 74' lang='lat' dir='ltr'><strong>Montanis,</strong></span> <span class='ocrx_word' id='word_1_224' title='bbox 545 4066 878 4156; x_wconf 89' lang='lat' dir='ltr'><strong>Teloniis,</strong></span> <span class='ocrx_word' id='word_1_225' title='bbox 931 4067 1097 4141; x_wconf 86' lang='lat' dir='ltr'><strong>Jure</strong></span> <span class='ocrx_word' id='word_1_226' title='bbox 1134 4066 1367 4162; x_wconf 83' lang='lat' dir='ltr'><strong>gladii,</strong></span> <span class='ocrx_word' id='word_1_227' title='bbox 1420 4066 1765 4156; x_wconf 89' lang='lat' dir='ltr'><strong>nundinis,</strong></span> <span class='ocrx_word' id='word_1_228' title='bbox 1819 4067 2206 4156; x_wconf 89' lang='lat' dir='ltr'><strong>metalibus,</strong></span> <span class='ocrx_word' id='word_1_229' title='bbox 2260 4067 2605 4162; x_wconf 86' lang='lat' dir='ltr'><strong>pontibus,</strong></span> <span class='ocrx_word' id='word_1_230' title='bbox 2660 4071 2881 4163; x_wconf 86' lang='lat' dir='ltr'><strong>aquis,</strong></span> <span class='ocrx_word' id='word_1_231' title='bbox 2934 4064 3188 4155; x_wconf 81' lang='lat' dir='ltr'><strong>fluviis,</strong></span> <span class='ocrx_word' id='word_1_232' title='bbox 3232 4067 3455 4161; x_wconf 90' lang='lat' dir='ltr'><strong>pisci-</strong></span> 
     </span>
     <span class='ocr_line' id='line_1_27' title="bbox 140 4168 3457 4268; baseline 0.002 -30"><span class='ocrx_word' id='word_1_233' title='bbox 140 4170 261 4258; x_wconf 89' lang='lat' dir='ltr'><strong>nis,</strong></span> <span class='ocrx_word' id='word_1_234' title='bbox 307 4173 696 4265; x_wconf 85' lang='lat' dir='ltr'><strong>piscaturis,</strong></span> <span class='ocrx_word' id='word_1_235' title='bbox 746 4174 1168 4268; x_wconf 84' lang='lat' dir='ltr'><strong>pisciumque</strong></span> <span class='ocrx_word' id='word_1_236' title='bbox 1222 4172 1584 4260; x_wconf 86' lang='lat' dir='ltr'><strong>clausuris,</strong></span> <span class='ocrx_word' id='word_1_237' title='bbox 1638 4192 1966 4267; x_wconf 87' lang='lat' dir='ltr'><strong>aquarum</strong></span> <span class='ocrx_word' id='word_1_238' title='bbox 2021 4170 2451 4262; x_wconf 81' lang='lat' dir='ltr'><strong>decursibus,</strong></span> <span class='ocrx_word' id='word_1_239' title='bbox 2505 4170 2914 4246; x_wconf 89' lang='lat' dir='ltr'><strong>molendinis</strong></span> <span class='ocrx_word' id='word_1_240' title='bbox 2967 4174 3035 4243; x_wconf 74' lang='lat' dir='ltr'><strong>de</strong></span> <span class='ocrx_word' id='word_1_241' title='bbox 3077 4168 3457 4243; x_wconf 88' lang='lat' dir='ltr'><strong>eorundem</strong></span> 
     </span>
     <span class='ocr_line' id='line_1_28' title="bbox 142 4266 3457 4371; baseline 0.001 -28"><span class='ocrx_word' id='word_1_242' title='bbox 142 4266 326 4363; x_wconf 89' lang='lat' dir='ltr'><strong>locis,</strong></span> <span class='ocrx_word' id='word_1_243' title='bbox 379 4275 802 4369; x_wconf 84' lang='lat' dir='ltr'><strong>generaliter</strong></span> <span class='ocrx_word' id='word_1_244' title='bbox 851 4297 1026 4348; x_wconf 82' lang='lat' dir='ltr'><strong>vero</strong></span> <span class='ocrx_word' id='word_1_245' title='bbox 1082 4274 1530 4371; x_wconf 87' lang='lat' dir='ltr'><strong>quarumlibet</strong></span> <span class='ocrx_word' id='word_1_246' title='bbox 1580 4275 1933 4348; x_wconf 87' lang='lat' dir='ltr'><strong>utilitatum</strong></span> <span class='ocrx_word' id='word_1_247' title='bbox 1988 4295 2075 4347; x_wconf 89' lang='lat' dir='ltr'><strong>ac</strong></span> <span class='ocrx_word' id='word_1_248' title='bbox 2124 4277 2675 4370; x_wconf 89' lang='lat' dir='ltr'><strong>pertinentiarum</strong></span> <span class='ocrx_word' id='word_1_249' title='bbox 2730 4296 3033 4362; x_wconf 87' lang='lat' dir='ltr'><strong>suarum,</strong></span> <span class='ocrx_word' id='word_1_250' title='bbox 3082 4276 3457 4367; x_wconf 83' lang='lat' dir='ltr'><strong>integrita-</strong></span> 
     </span>
     <span class='ocr_line' id='line_1_29' title="bbox 141 4373 3458 4475; baseline 0.002 -31"><span class='ocrx_word' id='word_1_251' title='bbox 141 4373 331 4468; x_wconf 83' lang='lat' dir='ltr'><strong>tibus,</strong></span> <span class='ocrx_word' id='word_1_252' title='bbox 382 4381 636 4475; x_wconf 80' lang='lat' dir='ltr'><strong>quovis</strong></span> <span class='ocrx_word' id='word_1_253' title='bbox 686 4381 983 4452; x_wconf 89' lang='lat' dir='ltr'><strong>nominis</strong></span> <span class='ocrx_word' id='word_1_254' title='bbox 1034 4377 1380 4453; x_wconf 85' lang='lat' dir='ltr'><strong>vocabulo</strong></span> <span class='ocrx_word' id='word_1_255' title='bbox 1433 4382 1782 4468; x_wconf 83' lang='lat' dir='ltr'><strong>vocitatis,</strong></span> <span class='ocrx_word' id='word_1_256' title='bbox 1854 4378 1940 4451; x_wconf 86' lang='lat' dir='ltr'><strong>ad</strong></span> <span class='ocrx_word' id='word_1_257' title='bbox 1994 4387 2462 4474; x_wconf 89' lang='lat' dir='ltr'><strong>praenotatum</strong></span> <span class='ocrx_word' id='word_1_258' title='bbox 2518 4377 2877 4475; x_wconf 79' lang='lat' dir='ltr'><strong>Oppidum,</strong></span> <span class='ocrx_word' id='word_1_259' title='bbox 2948 4373 3458 4474; x_wconf 71' lang='lat' dir='ltr'><strong>castellumque</strong></span> 
     </span>
     <span class='ocr_line' id='line_1_30' title="bbox 144 4479 3456 4579; baseline 0.002 -31"><span class='ocrx_word' id='word_1_260' title='bbox 144 4497 220 4551; x_wconf 83' lang='lat' dir='ltr'><strong>ac</strong></span> <span class='ocrx_word' id='word_1_261' title='bbox 265 4481 711 4556; x_wconf 76' lang='lat' dir='ltr'><strong>Territorium</strong></span> <span class='ocrx_word' id='word_1_262' title='bbox 765 4479 1152 4557; x_wconf 82' lang='lat' dir='ltr'><strong>Gzirkueno</strong></span> <span class='ocrx_word' id='word_1_263' title='bbox 1207 4482 1296 4557; x_wconf 90' lang='lat' dir='ltr'><strong>de</strong></span> <span class='ocrx_word' id='word_1_264' title='bbox 1342 4487 1501 4577; x_wconf 86' lang='lat' dir='ltr'><strong>jure</strong></span> <span class='ocrx_word' id='word_1_265' title='bbox 1549 4487 1617 4556; x_wconf 74' lang='lat' dir='ltr'><strong>de</strong></span> <span class='ocrx_word' id='word_1_266' title='bbox 1666 4482 1754 4556; x_wconf 90' lang='lat' dir='ltr'><strong>ab</strong></span> <span class='ocrx_word' id='word_1_267' title='bbox 1807 4486 2084 4577; x_wconf 91' lang='lat' dir='ltr'><strong>antiquo</strong></span> <span class='ocrx_word' id='word_1_268' title='bbox 2138 4482 2602 4579; x_wconf 88' lang='lat' dir='ltr'><strong>spectantibus</strong></span> <span class='ocrx_word' id='word_1_269' title='bbox 2655 4485 2723 4554; x_wconf 74' lang='lat' dir='ltr'><strong>de</strong></span> <span class='ocrx_word' id='word_1_270' title='bbox 2776 4485 3122 4577; x_wconf 86' lang='lat' dir='ltr'><strong>pertinere</strong></span> <span class='ocrx_word' id='word_1_271' title='bbox 3177 4479 3456 4555; x_wconf 86' lang='lat' dir='ltr'><strong>deben-</strong></span> 
     </span>
     <span class='ocr_line' id='line_1_31' title="bbox 141 4579 3456 4684; baseline 0.002 -32"><span class='ocrx_word' id='word_1_272' title='bbox 141 4579 334 4675; x_wconf 89' lang='lat' dir='ltr'><strong>tibus,</strong></span> <span class='ocrx_word' id='word_1_273' title='bbox 382 4585 632 4660; x_wconf 88' lang='lat' dir='ltr'><strong>iisdem</strong></span> <span class='ocrx_word' id='word_1_274' title='bbox 684 4584 1054 4682; x_wconf 78' lang='lat' dir='ltr'><strong>oppidanis</strong></span> <span class='ocrx_word' id='word_1_275' title='bbox 1106 4590 1173 4658; x_wconf 58' lang='grc' dir='ltr'><strong><em>ἡ</em></strong></span> <span class='ocrx_word' id='word_1_276' title='bbox 1224 4587 1508 4677; x_wconf 80' lang='lat' dir='ltr'><strong>Incolis,</strong></span> <span class='ocrx_word' id='word_1_277' title='bbox 1560 4590 2001 4684; x_wconf 85' lang='lat' dir='ltr'><strong>ipsorumque</strong></span> <span class='ocrx_word' id='word_1_278' title='bbox 2053 4586 2465 4661; x_wconf 89' lang='lat' dir='ltr'><strong>haeredibus</strong></span> <span class='ocrx_word' id='word_1_279' title='bbox 2521 4591 2585 4660; x_wconf 77' lang='lat' dir='ltr'><strong>dc</strong></span> <span class='ocrx_word' id='word_1_280' title='bbox 2629 4583 3137 4682; x_wconf 88' lang='lat' dir='ltr'><strong>posteritatibus</strong></span> <span class='ocrx_word' id='word_1_281' title='bbox 3190 4587 3456 4658; x_wconf 86' lang='lat' dir='ltr'><strong>utrius-</strong></span> 
     </span>
     <span class='ocr_line' id='line_1_32' title="bbox 145 4688 3455 4786; baseline 0.001 -27"><span class='ocrx_word' id='word_1_282' title='bbox 145 4706 268 4778; x_wconf 83' lang='lat' dir='ltr'><strong>que</strong></span> <span class='ocrx_word' id='word_1_283' title='bbox 319 4709 533 4762; x_wconf 84' lang='lat' dir='ltr'><strong>sexus</strong></span> <span class='ocrx_word' id='word_1_284' title='bbox 587 4693 933 4766; x_wconf 87' lang='lat' dir='ltr'><strong>universis</strong></span> <span class='ocrx_word' id='word_1_285' title='bbox 985 4694 1054 4763; x_wconf 93' lang='lat' dir='ltr'><strong>in</strong></span> <span class='ocrx_word' id='word_1_286' title='bbox 1109 4694 1173 4763; x_wconf 77' lang='lat' dir='ltr'><strong>dc</strong></span> <span class='ocrx_word' id='word_1_287' title='bbox 1225 4712 1351 4786; x_wconf 91' lang='lat' dir='ltr'><strong>pro</strong></span> <span class='ocrx_word' id='word_1_288' title='bbox 1404 4689 1687 4765; x_wconf 87' lang='lat' dir='ltr'><strong>florenis</strong></span> <span class='ocrx_word' id='word_1_289' title='bbox 1738 4688 2221 4765; x_wconf 86' lang='lat' dir='ltr'><strong>Rhenensibus</strong></span> <span class='ocrx_word' id='word_1_290' title='bbox 2276 4700 2539 4786; x_wconf 87' lang='lat' dir='ltr'><strong>septem</strong></span> <span class='ocrx_word' id='word_1_291' title='bbox 2596 4689 2910 4775; x_wconf 90' lang='lat' dir='ltr'><strong>millibus,</strong></span> <span class='ocrx_word' id='word_1_292' title='bbox 2963 4692 3199 4779; x_wconf 87' lang='lat' dir='ltr'><strong>certis,</strong></span> <span class='ocrx_word' id='word_1_293' title='bbox 3253 4698 3326 4761; x_wconf 91' lang='lat' dir='ltr'><strong>et</strong></span> <span class='ocrx_word' id='word_1_294' title='bbox 3366 4689 3455 4763; x_wconf 85' lang='lat' dir='ltr'><strong>iis</strong></span> 
     </span>
     <span class='ocr_line' id='line_1_33' title="bbox 143 4790 3456 4891; baseline 0.002 -32"><span class='ocrx_word' id='word_1_295' title='bbox 143 4790 640 4870; x_wconf 84' lang='lat' dir='ltr'><strong>rationabilibus</strong></span> <span class='ocrx_word' id='word_1_296' title='bbox 695 4792 784 4865; x_wconf 91' lang='lat' dir='ltr'><strong>de</strong></span> <span class='ocrx_word' id='word_1_297' title='bbox 837 4797 1095 4884; x_wconf 90' lang='lat' dir='ltr'><strong>causis,</strong></span> <span class='ocrx_word' id='word_1_298' title='bbox 1157 4794 1519 4891; x_wconf 89' lang='lat' dir='ltr'><strong>modisque</strong></span> <span class='ocrx_word' id='word_1_299' title='bbox 1571 4818 1659 4868; x_wconf 90' lang='lat' dir='ltr'><strong>ac</strong></span> <span class='ocrx_word' id='word_1_300' title='bbox 1712 4797 1989 4868; x_wconf 87' lang='lat' dir='ltr'><strong>motivis</strong></span> <span class='ocrx_word' id='word_1_301' title='bbox 2040 4797 2262 4890; x_wconf 89' lang='lat' dir='ltr'><strong>ipsum</strong></span> <span class='ocrx_word' id='word_1_302' title='bbox 2315 4794 2402 4866; x_wconf 89' lang='lat' dir='ltr'><strong>ad</strong></span> <span class='ocrx_word' id='word_1_303' title='bbox 2458 4792 2526 4866; x_wconf 91' lang='lat' dir='ltr'><strong>id</strong></span> <span class='ocrx_word' id='word_1_304' title='bbox 2577 4790 3078 4881; x_wconf 83' lang='lat' dir='ltr'><strong>inducentibus,</strong></span> <span class='ocrx_word' id='word_1_305' title='bbox 3132 4790 3456 4864; x_wconf 89' lang='lat' dir='ltr'><strong>median-</strong></span> 
     </span>
     <span class='ocr_line' id='line_1_34' title="bbox 145 4889 3458 4993; baseline 0.002 -30"><span class='ocrx_word' id='word_1_306' title='bbox 145 4889 310 4966; x_wconf 87' lang='lat' dir='ltr'><strong>tibus</strong></span> <span class='ocrx_word' id='word_1_307' title='bbox 360 4900 570 4972; x_wconf 89' lang='lat' dir='ltr'><strong>certis</strong></span> <span class='ocrx_word' id='word_1_308' title='bbox 621 4897 867 4972; x_wconf 87' lang='lat' dir='ltr'><strong>litteris</strong></span> <span class='ocrx_word' id='word_1_309' title='bbox 918 4895 1215 4970; x_wconf 87' lang='lat' dir='ltr'><strong>fidelium</strong></span> <span class='ocrx_word' id='word_1_310' title='bbox 1267 4908 1660 4972; x_wconf 90' lang='lat' dir='ltr'><strong>nostrorum</strong></span> <span class='ocrx_word' id='word_1_311' title='bbox 1710 4895 2225 4971; x_wconf 82' lang='lat' dir='ltr'><strong>Honorabilium</strong></span> <span class='ocrx_word' id='word_1_312' title='bbox 2280 4895 2569 4993; x_wconf 88' lang='lat' dir='ltr'><strong>Capituli</strong></span> <span class='ocrx_word' id='word_1_313' title='bbox 2617 4896 2983 4970; x_wconf 89' lang='lat' dir='ltr'><strong>Ecclesiae</strong></span> <span class='ocrx_word' id='word_1_314' title='bbox 3017 4894 3458 4990; x_wconf 82' lang='lat' dir='ltr'><strong>Zagrabien-</strong></span> 
     </span>
     <span class='ocr_line' id='line_1_35' title="bbox 147 4997 3459 5095; baseline 0.002 -28"><span class='ocrx_word' id='word_1_315' title='bbox 147 4997 238 5067; x_wconf 84' lang='lat' dir='ltr'><strong>sis</strong></span> <span class='ocrx_word' id='word_1_316' title='bbox 284 4997 800 5075; x_wconf 86' lang='lat' dir='ltr'><strong>Fassionalibus</strong></span> <span class='ocrx_word' id='word_1_317' title='bbox 869 5011 1158 5075; x_wconf 87' lang='lat' dir='ltr'><strong>eatenus</strong></span> <span class='ocrx_word' id='word_1_318' title='bbox 1228 5000 1357 5077; x_wconf 91' lang='lat' dir='ltr'><strong>sub</strong></span> <span class='ocrx_word' id='word_1_319' title='bbox 1426 5001 1815 5075; x_wconf 85' lang='lat' dir='ltr'><strong>authentico</strong></span> <span class='ocrx_word' id='word_1_320' title='bbox 1886 5000 2197 5092; x_wconf 69' lang='lat' dir='ltr'><strong>eiusdem</strong></span> <span class='ocrx_word' id='word_1_321' title='bbox 2271 5001 2498 5095; x_wconf 89' lang='lat' dir='ltr'><strong>sigillo</strong></span> <span class='ocrx_word' id='word_1_322' title='bbox 2568 4999 2907 5075; x_wconf 79' lang='lat' dir='ltr'><strong>confectis</strong></span> <span class='ocrx_word' id='word_1_323' title='bbox 2974 5002 3042 5071; x_wconf 74' lang='lat' dir='ltr'><strong>de</strong></span> <span class='ocrx_word' id='word_1_324' title='bbox 3094 5001 3459 5091; x_wconf 87' lang='lat' dir='ltr'><strong>emanatis,</strong></span> 
     </span>
     <span class='ocr_line' id='line_1_36' title="bbox 150 5102 3460 5201; baseline 0.001 -29"><span class='ocrx_word' id='word_1_325' title='bbox 150 5119 508 5197; x_wconf 84' lang='lat' dir='ltr'><strong>coramque</strong></span> <span class='ocrx_word' id='word_1_326' title='bbox 545 5102 971 5178; x_wconf 77' lang='lat' dir='ltr'><strong>cancellaria</strong></span> <span class='ocrx_word' id='word_1_327' title='bbox 1008 5104 1260 5179; x_wconf 85' lang='lat' dir='ltr'><strong>Nostra</strong></span> <span class='ocrx_word' id='word_1_328' title='bbox 1297 5104 1689 5198; x_wconf 87' lang='lat' dir='ltr'><strong>Hungarica</strong></span> <span class='ocrx_word' id='word_1_329' title='bbox 1726 5105 1973 5178; x_wconf 88' lang='lat' dir='ltr'><strong>Aulica</strong></span> <span class='ocrx_word' id='word_1_330' title='bbox 2027 5107 2099 5178; x_wconf 90' lang='lat' dir='ltr'><strong>in</strong></span> <span class='ocrx_word' id='word_1_331' title='bbox 2143 5103 2397 5201; x_wconf 89' lang='lat' dir='ltr'><strong>Specie</strong></span> <span class='ocrx_word' id='word_1_332' title='bbox 2449 5104 2827 5200; x_wconf 89' lang='lat' dir='ltr'><strong>productis,</strong></span> <span class='ocrx_word' id='word_1_333' title='bbox 2880 5102 3214 5194; x_wconf 85' lang='lat' dir='ltr'><strong>dedisset,</strong></span> <span class='ocrx_word' id='word_1_334' title='bbox 3266 5124 3460 5176; x_wconf 84' lang='lat' dir='ltr'><strong>ven-</strong></span> 
     </span>
     <span class='ocr_line' id='line_1_37' title="bbox 144 5198 3460 5306; baseline 0.002 -31"><span class='ocrx_word' id='word_1_335' title='bbox 144 5198 422 5281; x_wconf 83' lang='lat' dir='ltr'><strong>didisset</strong></span> <span class='ocrx_word' id='word_1_336' title='bbox 470 5229 556 5281; x_wconf 89' lang='lat' dir='ltr'><strong>ac</strong></span> <span class='ocrx_word' id='word_1_337' title='bbox 586 5211 1160 5306; x_wconf 87' lang='lat' dir='ltr'><strong>inperpetuasset,</strong></span> <span class='ocrx_word' id='word_1_338' title='bbox 1200 5209 1727 5305; x_wconf 87' lang='lat' dir='ltr'><strong>Dominiumque</strong></span> <span class='ocrx_word' id='word_1_339' title='bbox 1777 5209 2049 5282; x_wconf 88' lang='lat' dir='ltr'><strong>illorum</strong></span> <span class='ocrx_word' id='word_1_340' title='bbox 2101 5207 2189 5281; x_wconf 92' lang='lat' dir='ltr'><strong>de</strong></span> <span class='ocrx_word' id='word_1_341' title='bbox 2225 5207 2540 5281; x_wconf 87' lang='lat' dir='ltr'><strong>manibus</strong></span> <span class='ocrx_word' id='word_1_342' title='bbox 2574 5210 2747 5300; x_wconf 88' lang='lat' dir='ltr'><strong>suis,</strong></span> <span class='ocrx_word' id='word_1_343' title='bbox 2799 5228 2928 5304; x_wconf 91' lang='lat' dir='ltr'><strong>per</strong></span> <span class='ocrx_word' id='word_1_344' title='bbox 2959 5227 3203 5280; x_wconf 89' lang='lat' dir='ltr'><strong>manus</strong></span> <span class='ocrx_word' id='word_1_345' title='bbox 3254 5203 3460 5304; x_wconf 81' lang='lat' dir='ltr'><strong>ipso-</strong></span> 
     </span>
     <span class='ocr_line' id='line_1_38' title="bbox 147 5309 3461 5411; baseline 0.001 -31"><span class='ocrx_word' id='word_1_346' title='bbox 147 5323 284 5380; x_wconf 80' lang='lat' dir='ltr'><strong>rum</strong></span> <span class='ocrx_word' id='word_1_347' title='bbox 335 5309 839 5409; x_wconf 78' lang='lat' dir='ltr'><strong>oppidanorum</strong></span> <span class='ocrx_word' id='word_1_348' title='bbox 894 5316 962 5386; x_wconf 56' lang='grc' dir='ltr'>ὦ</span> <span class='ocrx_word' id='word_1_349' title='bbox 1008 5312 1393 5387; x_wconf 86' lang='lat' dir='ltr'><strong>Incolarum</strong></span> <span class='ocrx_word' id='word_1_350' title='bbox 1448 5333 1614 5385; x_wconf 87' lang='lat' dir='ltr'><strong>mox</strong></span> <span class='ocrx_word' id='word_1_351' title='bbox 1666 5315 1734 5385; x_wconf 56' lang='grc' dir='ltr'>ὦ</span> <span class='ocrx_word' id='word_1_352' title='bbox 1775 5315 1932 5407; x_wconf 92' lang='lat' dir='ltr'><strong>ipso</strong></span> <span class='ocrx_word' id='word_1_353' title='bbox 1985 5311 2171 5385; x_wconf 88' lang='lat' dir='ltr'><strong>facto</strong></span> <span class='ocrx_word' id='word_1_354' title='bbox 2225 5311 2744 5411; x_wconf 86' lang='lat' dir='ltr'><strong>apprehendere</strong></span> <span class='ocrx_word' id='word_1_355' title='bbox 2795 5313 3253 5408; x_wconf 84' lang='lat' dir='ltr'><strong>permisisset,</strong></span> <span class='ocrx_word' id='word_1_356' title='bbox 3296 5312 3461 5403; x_wconf 74' lang='lat' dir='ltr'><strong>im</strong></span> 
     </span>
     <span class='ocr_line' id='line_1_39' title="bbox 146 5412 3468 5515; baseline 0 -26"><span class='ocrx_word' id='word_1_357' title='bbox 146 5423 464 5510; x_wconf 69' lang='lat' dir='ltr'><strong>perpetuo</strong></span> <span class='ocrx_word' id='word_1_358' title='bbox 533 5420 600 5489; x_wconf 68' lang='lat' dir='ltr'><strong>dc</strong></span> <span class='ocrx_word' id='word_1_359' title='bbox 648 5415 1197 5491; x_wconf 81' lang='lat' dir='ltr'><strong>irrevocabiliter</strong></span> <span class='ocrx_word' id='word_1_360' title='bbox 1270 5419 1645 5492; x_wconf 86' lang='lat' dir='ltr'><strong>tenentium</strong></span> <span class='ocrx_word' id='word_1_361' title='bbox 1666 5469 1689 5510; x_wconf 94' lang='lat'><strong>,</strong></span> <span class='ocrx_word' id='word_1_362' title='bbox 1768 5414 2264 5514; x_wconf 88' lang='lat' dir='ltr'><strong>possidentium</strong></span> <span class='ocrx_word' id='word_1_363' title='bbox 2342 5418 2600 5515; x_wconf 87' lang='lat' dir='ltr'><strong>pariter</strong></span> <span class='ocrx_word' id='word_1_364' title='bbox 2666 5419 2734 5489; x_wconf 61' lang='grc' dir='ltr'><strong>ὡ</strong></span> <span class='ocrx_word' id='word_1_365' title='bbox 2799 5415 3217 5504; x_wconf 83' lang='lat' dir='ltr'><strong>habentium,</strong></span> <span class='ocrx_word' id='word_1_366' title='bbox 3295 5412 3468 5489; x_wconf 74' lang='lat' dir='ltr'><strong>nim</strong></span> 
     </span>
    </p>
   </div>
  </div>
 </body>
</html>
