3950 5917
543 357 702 431 41⁰

552 575 627 638 et
676 565 1092 662 reliquorum
1145 565 1647 640 Beneficiorum
1705 566 2186 662 relinquentur.
2284 565 2373 640 Et
2422 566 2600 640 haec
2651 566 2881 661 quoad
2935 567 3262 663 Oppidum
3325 565 3670 642 Szabatha
3723 593 3830 644 seu

551 669 1032 743 stent-Maria
1102 671 1438 744 deductae
1490 671 1952 745 resolutiones
2007 680 2286 746 nostrae
2367 674 2710 745 universis
2782 671 3093 764 eJusdem
3165 671 3405 768 Oppidi
3471 672 3714 746 Incolis
3773 686 3832 747 et

549 771 1116 850 Inhabitatoribus
1169 798 1294 871 pro
1349 779 1649 871 ipsorum
1707 777 1941 849 notitia
1997 784 2068 848 et
2119 775 2538 864 Directione‚
2595 774 2680 847 ad
2737 775 3084 848 Summum
3137 780 3311 848 intra
3348 786 3489 850 tres
3528 778 3644 850 vel
3675 800 3828 873 qua-

539 886 700 951 tuor
748 882 1163 974 septimanas
1215 877 1639 975 publicentur
1690 889 1760 952 et
1787 882 2208 971 jntimentur,
2262 888 2499 952 ettam
2537 878 2739 969 haec,
2794 901 2993 973 quam
3048 889 3126 951 et‘
3162 881 3294 952 alia
3348 903 3618 976 quoque
3671 904 3830 974 quo-

542 980 630 1053 ad
685 981 1088 1055 comitatum
1140 983 1596 1056 Bachiensem
1650 993 1719 1056 et
1772 983 2359 1077 Bodroghiensem
2430 987 2909 1078 praeapposita
2984 993 3229 1079 puncta
3281 1006 3407 1080 per
3460 985 3836 1081 saepefatos

546 1084 1073 1160 Commissarios
1127 1098 1405 1161 nostros
1456 1087 1720 1182 Regios
1772 1086 2001 1160 debite
2054 1109 2274 1183 aeque
2329 1085 2796 1161 effectuentur.
2899 1085 3201 1161 Ulterius

850 1190 1223 1264 Decimo
1276 1194 1637 1288 quinto:
1743 1192 1967 1265 Etiam
2037 1191 2106 1264 id
2159 1192 2531 1264 clementer
2603 1190 2949 1283 jubemus,
3002 1201 3077 1263 ut
3125 1191 3328 1286 Regij
3386 1192 3840 1285 commissarii

536 1296 755 1367 nostri
826 1295 1390 1389 quemadmodum
1480 1298 1548 1367 in
1628 1294 1937 1369 omnibus
2032 1299 2197 1392 ipsis
2269 1298 2554 1391 praevio
2626 1294 2832 1367 modo
2903 1294 3233 1370 Comissis
3323 1306 3393 1367 et
3444 1296 3838 1369 concreditis

539 1398 1048 1492 operationibus
1121 1403 1264 1473 suis
1333 1403 1510 1472 inter
1570 1422 1675 1488 se.
1748 1410 1819 1472 et
1871 1399 2095 1494 quoad
2152 1399 2491 1493 Syrmium
2548 1407 2617 1471 et
2677 1399 3072 1471 inferiorem
3141 1400 3579 1472 sclavoniam
3658 1403 3840 1472 etiam

536 1524 694 1573 cum
748 1502 1144 1595 Regnorum
1195 1504 1601 1591 Dalmatiae„
1676 1502 1997 1576 Croatiae
2061 1514 2130 1575 et
2178 1503 2595 1575 sclavoniae
2648 1503 2843 1590 Beni,
2918 1503 3357 1599 statuumque
3412 1514 3479 1575 et
3532 1503 3840 1577 Ordinum

540 1604 896 1701 Deputatis
971 1605 1477 1699 CommissarijS
1560 1611 1941 1680 comuniter
2020 1605 2335 1679 laborare
2390 1617 2459 1678 et
2534 1605 2951 1703 perficienda
3022 1606 3357 1702 perficere
3411 1606 3686 1695 debent,
3759 1613 3840 1680 ita

540 1713 749 1782 etiam
805 1720 874 1783 et
927 1734 1013 1782 eo
1067 1711 1272 1784 modo
1342 1721 1474 1783 tam
1533 1710 1798 1783 finalem
1870 1734 2070 1807 quam
2143 1711 2580 1784 intermedias
2635 1715 2836 1782 etiam
2891 1712 3262 1785 relationes
3315 1721 3385 1783 et
3436 1734 3842 1808 repraesen-

538 1816 835 1886 tationes
923 1838 1084 1889 suas
1160 1819 1605 1887 communiter
1676 1814 2206 1889 subscribendas
2306 1825 2375 1888 et
2444 1814 2531 1887 ad
2610 1815 2861 1887 nullum
2940 1814 3240 1908 hujatum
3320 1816 3848 1889 Dicasteriorum

544 1918 1064 2013 particulariter,
1131 1919 1255 1992 sed
1310 1920 1569 1992 directe
1623 1929 1692 1991 et
1742 1920 2130 1993 immediate
2185 1918 2269 1991 ad
2322 1917 2751 1993 Maiestatem
2803 1927 3105 1992 nostram
3159 1917 3510 1993 faciendas
3565 1931 3638 1992 et
3687 1919 3846 1992 diri-

542 2020 811 2114 gendas
885 2022 1243 2096 habebunt.
1352 2022 1594 2111 Quoad
1675 2021 2016 2120 Syrmium
2089 2045 2264 2096 vero
2320 2032 2390 2095 et
2442 2021 2878 2096 Sclaveniam
2935 2026 3070 2114 (uti
3115 2025 3258 2115 jam
3309 2028 3622 2119 superius
3659 2027 3848 2096 etiarn

545 2123 873 2219 habetur)
948 2131 1231 2224 primum
1315 2138 1383 2200 et
1432 2128 1803 2223 principale
1876 2124 2216 2219 objectum
2299 2130 2597 2221 ipsorum
2679 2128 2790 2214 sit,
2872 2137 2943 2198 ut
2996 2125 3518 2202 Contribuentes
3597 2128 3852 2199 illarum

545 2233 835 2325 partium
890 2235 1067 2303 inter
1121 2255 1201 2306 se
1255 2242 1573 2327 respectu
1609 2232 1906 2303 Onerum
1960 2229 2389 2303 Publicorum
2445 2231 2531 2302 ad
2574 2232 2830 2322 justam
2883 2239 2953 2303 et
3004 2254 3290 2325 aequam
3344 2231 3853 2327 Propon-ionem

540 2356 761 2427 usque
817 2333 1108 2407 futuram
1173 2339 1455 2430 primam
1529 2333 1942 2407 Novembris
1997 2334 2257 2424 reduci,
2330 2343 2834 2429 consequenter
2903 2334 3148 2407 abinde
3201 2357 3324 2430 pro
3379 2334 3606 2408 futuro
3677 2357 3856 2407 nova

544 2436 1078 2513 Contributionis
1134 2439 1293 2511 ldea
1346 2462 1471 2535 pro
1526 2437 2004 2512 sublevatione
2073 2439 2338 2512 illorum
2408 2439 2637 2511 induci
2687 2440 2940 2512 valeat.
3045 2439 3238 2510 Haec
3288 2438 3575 2533 proinde
3632 2441 3852 2512 omnia

544 2544 616 2613 in
669 2541 883 2614 hacce
962 2544 1418 2616 Instructione
1500 2552 1816 2615 contenta
1900 2546 2106 2616 toties
2159 2542 2318 2616 fatis
2374 2542 2881 2633 Commissarijs
2958 2545 3213 2616 nostris
3290 2540 3535 2636 Regijs
3592 2546 3720 2615 rite
3771 2564 3852 2613 ac

490 2653 497 2658 ’
545 2644 774 2719 debite
813 2646 1249 2720 observanda
1306 2658 1375 2719 et
1425 2650 1495 2721 in
1551 2646 1867 2719 effectum
1920 2646 2348 2738 deducenda.
2402 2647 2671 2718 demum
2725 2669 2897 2718 vero
2954 2669 3161 2742 super
3213 2643 3523 2720 omnibus
3582 2656 3654 2722 et
3705 2650 3846 2718 siu-

542 2750 722 2843 gulis
778 2752 1066 2845 qualiter
1118 2754 1431 2822 executis
1486 2753 1851 2843 genuinam
1906 2774 1991 2822 ac
2046 2749 2313 2823 fidelem
2387 2751 2790 2823 relationem
2860 2747 3075 2825 Nobis
3147 2749 3670 2823 submittendum
3721 2749 3848 2821 bc-

539 2856 749 2944 nigne
829 2857 1325 2927 committimus.
1432 2853 1509 2926 In
1576 2855 1841 2949 reliquo
1921 2865 2146 2927 autem
2217 2859 2285 2927 in
2341 2851 2689 2944 fidelitate,
2762 2855 2915 2926 zelo
2972 2862 3042 2926 et
3094 2854 3394 2926 candore
3476 2852 3852 2929 eorundem

542 2954 916 3049 Regiorum
972 2958 1609 3031 commissariorum
1688 2969 2079 3032 nostrorum
2158 2958 2457 3053 benigne
2537 2957 2960 3048 confidimus,
3044 2957 3225 3051 quod
3278 2967 3520 3031 cuncta
3598 2956 3850 3054 absque

536 3059 676 3131 ullo
752 3066 905 3134 sive
953 3065 1058 3136 sui
1112 3066 1265 3136 sive
1319 3063 1603 3135 aliorum
1683 3074 2002 3158 respectu
2050 3066 2150 3155 jta
2206 3062 2517 3151 dextere,
2600 3062 2837 3134 zelose
2893 3070 2963 3134 et
3014 3060 3304 3134 fideliter
3381 3060 3856 3134 communibus

533 3163 797 3239 viribus
851 3176 1184 3263 peragent
1220 3177 1289 3238 et
1323 3165 1537 3239 Nobis
1592 3166 1892 3240 demisse
1946 3167 2277 3255 referent,
2330 3169 2550 3262 prouti
2585 3175 2742 3262 post
2777 3169 3027 3239 seriam
3067 3174 3136 3238 et
3171 3175 3498 3238 maturam
3557 3170 3854 3240 omnium

533 3266 1096 3342 deliberationem
1149 3292 1276 3366 pro
1315 3271 1549 3343 Salute
1584 3270 1822 3366 Populi
1876 3274 2193 3366 optimum
2249 3270 2403 3344 fore
2447 3270 2927 3362 judicaverint.
3043 3268 3304 3356 Quodsi
3354 3292 3528 3343 vero
3584 3280 3852 3367 praeter

534 3376 915 3467 praemissa
971 3374 1191 3447 adhuc
1243 3375 1374 3447 alia
1428 3396 1699 3470 quoque
1780 3379 2065 3447 servitio
2145 3385 2382 3448 nostro
2437 3383 2510 3446 et
2555 3374 2754 3447 Bono
2833 3371 3104 3470 publico
3184 3375 3369 3446 utilia
3424 3385 3495 3446 et
3550 3373 3854 3471 proficua

529 3476 653 3548 vel
704 3478 860 3549 talia
917 3502 1080 3551 esse
1134 3478 1630 3566 adinvenerint,
1686 3501 1863 3574 quae
1915 3479 2077 3551 licet
2129 3489 2364 3552 contra
2417 3488 2728 3551 tenorem
2781 3480 3165 3573 praesentis
3201 3478 3684 3553 Instructionis
3737 3477 3854 3550 fo—

534 3592 714 3667 rent,
766 3584 1193 3677 praetitulato
1273 3593 1501 3656 tamen
1557 3586 1839 3655 servitio
1894 3593 2132 3655 nostro
2189 3593 2256 3655 et
2308 3582 2503 3655 Bono
2556 3581 2835 3654 Publice
2892 3584 3369 3669 convenirent,
3438 3605 3523 3654 ea
3585 3604 3853 3678 quoque

536 3687 606 3757 in
663 3707 1092 3759 communem
1148 3686 1703 3760 deliberationem
1761 3696 2122 3776 summant,
2186 3698 2255 3759 et
2308 3710 2483 3783 quae
2539 3689 2786 3781 optima
2842 3685 2993 3758 fore
3050 3685 3531 3778 judicaverint,
3609 3689 3856 3782 provi-

534 3792 727 3869 eoi-ie
778 3813 997 3886 aeque
1050 3794 1118 3863 in
1169 3792 1482 3864 effectum
1539 3790 1875 3863 deducant
1928 3800 1999 3863 et
2050 3788 2388 3883 Majestati
2442 3790 2738 3863 Nostrae
2793 3790 3453 3864 circumstantialiter
3523 3791 3860 3864 refferent

532 3895 739 3966 toties
815 3893 938 3966 fati
1018 3893 1483 3986 Commissarij
1564 3898 1782 3968 nostri
1859 3893 2087 3987 Regij.
2194 3893 2451 3982 Quibus
2520 3896 2591 3968 in
2660 3895 2924 3991 reliquo
2980 3899 3106 3967 dcc.
3212 3894 3459 3967 Datum
3530 3893 3852 3969 Viennae

531 3995 859 4072 Auen-iae
914 3998 1030 4091 dje
1083 3998 1152 4071 1.
1206 3998 1469 4073 Mensis
1522 3997 1780 4095 Aprilis
1835 3996 2061 4070 1745.

841 4204 1090 4279 Maria
1146 4204 1537 4280 Tberesia
1592 4227 1682 4278 m.
1718 4228 1782 4302 p.

1355 4414 1603 4488 Joann.
1656 4413 1858 4488 Fran.
1912 4411 2168 4490 Comes
2212 4440 2254 4487 a
2289 4412 2772 4490 Dietrichstein
2824 4435 2912 4485 m.
2947 4436 3012 4510 p.

2218 4616 2562 4715 Josephus
2618 4616 2871 4694 Comes
2927 4618 3012 4694 ab
3064 4619 3372 4694 Harrach
3425 4643 3515 4692 m.
3573 4644 3649 4717 p.

2127 4800 2378 4876 Comes
2447 4800 2838 4878 Ludovicus
2910 4801 2996 4875 de
3067 4801 3403 4900 Batthyan
3478 4826 3569 4874 m.
3631 4827 3703 4902 p.

519 5048 690 5123 (ξομε
720 5053 778 5106 ln
810 5051 1041 5108 Archivo
1074 5052 1245 5123 Regni
1278 5050 1535 5107 Greuthu-
1584 5051 1716 5107 Actu
1748 5052 1919 5123 Regni
1954 5048 2147 5123 Congr-
2189 5051 2342 5106 1745.
2386 5050 2474 5104 Ur.
2508 5051 2596 5104 ⁵4.
