3950 5917
493 431 686 508 1196

510 643 883 715 cutum
938 636 1405 733 fdispomione
1476 631 1839 708 civitatum
1861 631 1907 723 ,‘
1964 639 2060 704 et·
2103 630 2486 706 insularum
2557 632 2979 728 proponens,
3059 619 3132 705 et
3175 629 3532 730 diversum
3583 635 3834 707 exitum

508 739 957 837 Reipublicae
1010 738 1221 814 debet
1271 737 1641 833 disponere
1694 746 1789 826 et,
1845 737 2052 807 etiam
2104 735 2502 834 providere,
2578 729 2828 808 honae'
2858 739 2964 808 rei
3016 734 3184 807 dare
3241 735 3654 827 consultum,
3705 759 3837 833 pu-

440 901 451 912 .
510 843 874 942 blicaeque
943 846 1047 915 rei
1119 841 1287 915 dare
1360 839 1775 928 subsidium
1844 857 2143 933 magnae
2213 841 2481 912 virtutis
2555 859 2808 912 nomen
2880 841 2949 910 in
3022 848 3374 912 aeternum
3428 848 3539 913 est
3590 843 3834 912 sortiri.

514 947 773 1022 Verum
829 950 889 1024 si
942 945 1282 1020 laudabile
1337 948 1425 1018 sit
1475 947 1789 1039 antiquas
1841 941 2064 1018 bonas
2119 941 2699 1029 consvetudines,
2776 950 2878 1014 et·
2906 944 3351 1038 municipales
3402 943 3602 1036 leges
3659 964 3836 1015 con-

513 1068 803 1126 seruare
854 1071 1077 1144 aequa
1128 1048 1332 1121 laude
1386 1102 1405 1120 .
1436 1102 1453 1119 .
1487 1103 1503 1119 .
1567 1049 1796 1143 priora
1849 1049 2095 1120 usitata
2150 1065 2333 1119 nova
2383 1040 2858 1137 jurisdictione
2910 1043 3286 1134 roborare,
3342 1055 3413 1117 ut
3461 1044 3836 1118 fruentibus

512 1153 717 1228 honis
750 1152 1049 1252 legibus,
1093 1149 1836 1244 consvetudinibusque
1873 1147 2218 1243 aprobatis
2253 1146 2614 1238 civitates,
2659 1147 3068 1242 Insulaeque
3101 1147 3526 1242 Regnorum,
3562 1149 3838 1222 valeant

364 1303 374 1314 -
509 1256 809 1331 feliciter
843 1253 1126 1350 augere.
1180 1254 1293 1327 Ad
1331 1256 1810 1327 universorum
1865 1255 2171 1325 notitiam
2223 1252 2510 1348 proinde
2545 1251 2783 1323 harum
2823 1255 3008 1326 serie
3058 1251 3379 1326 volumus
3431 1254 3836 1347 pervenire:

371 1419 394 1442 .
436 1411 447 1422 ·
513 1359 715 1447 Quod
770 1360 855 1432 ad
909 1369 1213 1431 nostram
1270 1357 1687 1430 accedentes
1741 1357 2198 1452 praesentiam
2252 1358 2385 1428 viri
2440 1353 2707 1427 nobiles
2765 1352 3108 1446 Georgius
3162 1353 3442 1450 Doymi,
3486 1352 3668 1426 Nix‘a
3694 1353 3839 1426 Pe-

510 1464 718 1552 trulli,
773 1473 845 1535 et
877 1461 1169 1535 Michael
1207 1461 1429 1556 Baloy
1473 1458 2042 1547 Ambascatores,
2098 1469 2169 1532 et
2222 1457 2480 1531 Sindici
2534 1458 2623 1530 de
2675 1456 2904 1531 Insula
2958 1456 3420 1530 Brachiae
3474 1460 3667 1531 missi
3720 1479 3842 1553 per

510 1567 931 1663 praedictam
978 1563 1540 1637 Communitatem
1595 1562 1931 1634 Brachiae
1990 1584 2142 1634 cum
2199 1561 2441 1634 litteris
2493 1560 2840 1654 magnifici
2879 1559 3026 1632 Viri
3081 1559 3162 1633 D.
3218 1560 3434 1633 Jonas
3472 1560 3840 1653 (Ioannis)

509 1669 684 1742 Bani
718 1668 1033 1757 Macuae,
1085 1666 1486 1761 Regnorum
1541 1673 1929 1739 nostrorum
1985 1665 2249 1737 Vicarii
2303 1663 2692 1752 Generalis,
2741 1685 2912 1759 quas
2948 1667 3051 1736 eis
3089 1667 3156 1735 in
3202 1685 3501 1757 persona
3540 1662 3837 1736 Nostrae

510 1770 924 1865 Maiestatis,
978 1780 1215 1845 nostra
1271 1773 1674 1843 auctoritate
1727 1773 1795 1840 in
1850 1768 2118 1840 cautela
2173 1766 2600 1863 infrascripta
2657 1770 3031 1855 concessit,
3088 1789 3169 1840 se
3221 1769 3438 1861 ipsos,
3494 1776 3843 1861 totamque

513 1874 867 1966 Insulam„
899 1895 1051 1946 cum
1108 1878 1294 1946 omni
1342 1874 1623 1969 populo,
1676 1883 1749 1944 et
1796 1872 2098 1944 districtu
2153 1874 2366 1967 ipsius
2421 1870 2693 1944 Insulae
2746 1869 3105 1942 Brachien.
3169 1873 3371 1961 vice,
3445 1878 3515 1940 et
3563 1873 3842 1942 nomine

408 2003 417 2012 ²
512 1978 868 2075 praefatae
922 1977 1222 2066 Insulae,
1277 1975 1521 2062 nobis,
1597 1985 1668 2048 et
1728 1979 1987 2049 nostris
2041 1973 2469 2047 Haeredibus
2526 1973 2611 2045 de
2668 1982 2907 2046 nostro
2962 1983 3255 2068 corpore
3308 1973 3614 2065 legitime
3667 1994 3844 2068 pro-

516 2084 795 2171 creatis,
851 2103 1002 2153 cum
1057 2079 1381 2152 fidelitate
1437 2078 1840 2165 offerentes,
1891 2087 1963 2148 ut
2017 2080 2084 2149 in
2140 2099 2378 2150 eorum
2435 2075 2783 2148 Sindicatu
2818 2085 3108 2148 constat
3175 2097 3302 2171 per
3353 2097 3622 2147 manum
3677 2074 3842 2145 Ma-

514 2182 749 2278 gnifici
798 2182 1046 2261 Radini
1093 2184 1404 2276 Dragete
1460 2180 1648 2256 civis
1704 2179 2200 2269 Sibenicensis,
2265 2179 2604 2275 Imperiali
2671 2182 3086 2250 auctoritate
3163 2178 3319 2251 Not.
3391 2175 3693 2273 publici,
3773 2188 3844 2249 et

510 2308 690 2361 vere
752 2291 961 2379 jurati
1034 2285 1417 2359 cancelarii
1471 2287 1903 2358 comunitatis
1958 2282 2329 2370 Brachiae,
2393 2284 2802 2373 juraverunt
2854 2282 3304 2376 corporaliter
3368 2281 3840 2356 deosculando

513 2388 799 2484 Lignum
856 2389 1260 2463 Dominicae
1316 2388 1600 2477 crucis,
1658 2387 1857 2460 nobis
1882 2441 1905 2478 ,
1961 2396 2032 2458 et
2083 2389 2336 2459 nostris
2391 2384 2852 2468 haeredibus,
2921 2393 2990 2456 et
3043 2385 3526 2480 perpetualiter
3578 2383 3842 2457 obser-

514 2515 716 2584 vare,
770 2503 1364 2588 recognoscentes
1420 2514 1551 2566 nos
1595 2513 1719 2587 pro
1760 2512 1998 2562 eorum
2051 2488 2346 2562 Domino
2401 2489 2716 2576 naturali,
2774 2488 3160 2584 nullumque
3216 2488 3575 2560 Dominum
3633 2488 3840 2561 alium

516 2600 899 2693 recepisse,
955 2619 1087 2669 nec
1139 2595 1396 2668 hahere
1449 2596 1794 2691 perpetuis
1848 2591 2264 2689 temporibus
2318 2602 2594 2687 praeter
2644 2612 2802 2681 nos,
2860 2601 2928 2663 et
2978 2600 3256 2665 nostros
3308 2590 3696 2679 haeredes,
3774 2601 3844 2663 et

511 2704 1018 2773 committentes
1073 2723 1181 2788 se,
1235 2704 1674 2795 ipsorumque
1731 2696 1932 2784 tilios,
1990 2717 2493 2785 successores,
2549 2705 2619 2768 et
2669 2704 3034 2790 posteros,
3090 2703 3435 2790 totamque
3486 2693 3842 2768 Insulam-

511 2825 670 2875 cum
726 2806 908 2876 omni
963 2801 1223 2898 Populo
1276 2805 1490 2897 ipsius
1546 2810 1615 2872 et
1666 2809 1810 2871 toto
1867 2801 2020 2891 ejus
2077 2798 2383 2871 districtu
2439 2798 2564 2872 sub
2619 2801 2927 2887 tuitione,
2959 2807 3029 2869 et
3072 2802 3501 2893 protectione
3551 2808 3844 2870 nostrae

511 2902 920 2997 Majestatis,
988 2907 1334 3001 perpetuis
1390 2901 1834 2999 temporibus,
1890 2912 1962 2974 ut
2016 2913 2284 2975 constat
2336 2924 2459 2998 per
2509 2907 2810 2999 ipsorum
2865 2900 3261 2995 Privilegia,
3314 2904 3515 2976 unius
3574 2903 3845 2974 tenoris

513 3005 879 3097 confecta,
954 3008 1242 3080 alterum
1304 3006 1635 3080 Idiomate
1705 2997 2023 3095 litterali,
2106 3006 2494 3079 alterum
2576 3027 2803 3079 vero
2883 3004 3340 3077 idiomate
3419 3003 3843 3096 Slavico,

512 3131 666 3183 cum
725 3109 1115 3183 authentico
1168 3114 1472 3206 ipsorum
1529 3109 1755 3203 sigillo
1808 3109 2153 3206 pendente
2209 3107 2722 3182 communitatis
2777 3111 2991 3205 ipsius
3045 3118 3400 3182 consueto.

388 3347 397 3350 ,
829 3265 961 3353 Qui
1015 3266 1283 3361 quidem
1339 3255 1949 3352 Ambasciatores,
2032 3274 2124 3336 et.
2171 3265 2428 3337 Sindici
2482 3263 2837 3360 praefatae
2889 3264 3342 3338 Insulae-nos
3397 3273 3654 3335 attente
3711 3287 3848 3337 ro-

512 3379 883 3460 gaverunt,
935 3380 1011 3442 ut
1063 3374 1289 3442 omnia
1345 3369 1743 3469 Privilegia,
1822 3368 2203 3458 libertates,
2274 3378 2344 3440 et
2395 3372 2654 3462 gratias
2706 3369 2866 3440 olim
2921 3366 3006 3439 ab
3058 3367 3306 3439 Illustr.
3358 3362 3669 3460 Regibus
3726 3371 3848 3462 ip-

512 3473 612 3545 sis
668 3472 963 3562 colatas,
1011 3475 1415 3567 praesertim
1473 3495 1511 3545 a
1566 3471 1792 3545 felicis
1846 3471 2345 3545 recordationis
2398 3472 2483 3543 D.
2518 3470 2872 3545 Ludovico
2909 3469 2991 3543 R.
3029 3469 3112 3542 R.
3148 3470 3569 3564 Hungariae,
3623 3469 3850 3543 fratre

510 3584 752 3647 nostro
810 3575 1088 3662 dilecto,
1146 3575 1326 3670 quod
1384 3579 1515 3666 eis,
1570 3598 1945 3670 eorumque
1999 3574 2410 3647 haeredibus
2458 3585 2698 3648 nostro
2752 3575 3116 3669 privilegio
3164 3574 3602 3667 dignaremur
3655 3597 3849 3646 con-

508 3674 810 3768 firmare,
863 3701 1125 3775 eosque
1162 3683 1579 3775 permittere,
1617 3688 1688 3751 ut
1723 3682 1988 3771 gratiis,
2041 3677 2490 3766 libertatibus,
2520 3679 2830 3766 Statutis,
2883 3675 3510 3764 reformationibus,
3556 3687 3625 3748 et
3654 3700 3851 3749 con-

510 3780 984 3856 svetudinibus
1040 3787 1341 3878 ipsorum
1398 3785 1595 3855 sicuti
1648 3791 1957 3877 tempore
2011 3780 2305 3877 praefati
2356 3781 2573 3875 Regis
2625 3782 2709 3853 D.
2763 3779 3095 3854 Ludovici
3147 3784 3257 3854 usi
3309 3780 3602 3853 fuerunt.

817 3935 1102 4033 Nosque
1157 3936 1588 4009 attendentes
1644 3934 1873 4026 fidem,
1932 3945 2002 4009 et
2049 3935 2468 4029 legalitatem
2525 3934 2878 4032 praefatae
2935 3934 3494 4026 communitatis,
3556 3933 3852 4009 habito-

509 4060 645 4133 que
704 4037 1057 4132 c0nsilio,
1111 4040 1456 4113 Beronum
1508 4049 1898 4112 nostrorum
1953 4049 2214 4112 matura
2271 4041 2794 4129 deliberatione,
2867 4039 3389 4113 considerantes
3457 4038 3852 4131 utilitatem,

501 4139 891 4237 profictum,
947 4153 1016 4215 et
1069 4153 1317 4218 statum
1367 4142 1620 4216 bonum
1674 4147 1881 4224 totius
1935 4143 2163 4237 Regni
2216 4148 2460 4233 nostri,
2517 4166 2610 4214 ex
2644 4142 2830 4215 bono
2879 4145 3241 4236 regimine,
3307 4164 3433 4240 pro
3489 4165 3624 4238 quo
3683 4143 3846 4215 Deo

509 4245 882 4319 auxiliante
938 4251 1257 4320 continue
1304 4246 1724 4338 laboramus,
1781 4252 2136 4343 prosequi,
2192 4258 2260 4320 et
2296 4250 2629 4336 nancisci,
2685 4245 3114 4320 fidelitatibus
3168 4246 3565 4343 praedictae
3616 4244 3852 4320 Com-

504 4352 851 4422 muuitatis
924 4350 1290 4445 Brachieu,
1362 4362 1435 4422 ut
1511 4355 1644 4449 ipsi
1724 4350 1811 4422 de
1882 4353 2135 4426 virtute
2207 4349 2369 4433 boni
2438 4351 2938 4448 praesidentis,
3011 4353 3077 4421 in
3131 4354 3324 4446 pacis
3378 4351 3852 4445 tranquilitate

384 4505 400 4524 .
506 4455 892 4547 quiescant,
948 4466 1017 4527 et
1067 4458 1135 4527 in
1188 4454 1627 4528 facultatibus
1689 4452 2058 4542 abundent,
2115 4464 2184 4526 et
2236 4456 2695 4548 gratulentur:
2778 4453 3099 4529 volentes
3170 4465 3244 4526 ut
3293 4458 3440 4550 ipsa
3500 4453 3851 4526 cummu-

501 4559 683 4630 nitas
736 4568 970 4631 nostra
1043 4558 1380 4633 Brachiae
1451 4556 1827 4654 Regalibus
1890 4557 2382 4631 intentionibus
2456 4558 2755 4630 exaltata
2836 4560 2906 4630 in
2987 4557 3183 4630 dictis
3237 4556 3633 4650 Privilegiis
3667 4611 3692 4646 ,
3781 4569 3852 4630 et

382 4757 388 4762 η
506 4657 759 4760 Gratiis
816 4660 1278 4753 confirmetur,
1332 4667 1755 4760 propositum
1809 4662 2246 4759 petitionibus
2301 4667 2603 4758 ipsorum
2661 4661 3138 4751 Sindicorum,
3210 4671 3283 4733 et
3333 4659 3849 4734 Ambasciato-

503 4787 655 4836 rum
709 4766 1214 4861 praedictorum
1271 4790 1363 4839 ex
1415 4777 1607 4862 parte
1661 4769 1866 4840 totius
1923 4765 2438 4839 communitatis
2485 4769 2631 4857 jam
2688 4765 2911 4838 dic-tae
2950 4764 3226 4839 Insulae
3253 4765 3620 4855 Brachiae,
3681 4768 3847 4862 ple-

502 4890 666 4942 num
723 4869 1111 4942 mandatum
1166 4869 1551 4943 habentium
1607 4868 2083 4942 favorabiliter
2136 4869 2482 4959 exauditi,
2541 4873 2764 4941 omnia
2822 4878 2892 4942 et
2946 4870 3213 4963 singula
3270 4867 3702 4962 privilegia,
3757 4872 3852 4942 li-

504 4969 840 5063 hertateS,
896 4983 966 5045 et
1019 4978 1303 5067 gratias,
1359 4983 1813 5068 caeterasque
1865 4974 2129 5048 litteras
2185 4983 2540 5046 emanatas
2590 4976 2659 5046 in
2695 4972 3012 5048 favorem
3053 4972 3274 5045 dictae
3311 4971 3618 5068 Insulae,
3671 4973 3847 5045 Sta-

503 5086 692 5164 tnta,
772 5076 1377 5169 Reformationes,
1450 5088 1518 5151 et
1589 5077 2125 5153 consuetudines
2198 5081 2410 5174 ipsius
2488 5076 3002 5150 Communitatis
3071 5075 3408 5148 Brachiae
3463 5098 3593 5173 per
3645 5081 3848 5173 ipsos

501 5169 746 5281 Rfege's
801 5181 959 5253 olim
1014 5181 1417 5276 Hungariae'
1464 5181 1704 5271 datas,
1787 5186 2190 5276 praesertim
2243 5201 2370 5277 per
2421 5180 2732 5254 Inclitum
2799 5179 2885 5252 D.
2939 5179 3407 5271 Ludovicum,
3491 5179 3849 5254 mediante

494 5284 893 5368 juramento
946 5289 1351 5358 manutactis
1406 5284 1889 5359 sacrosanctis
1942 5285 2376 5378 Evangeliis,
2431 5295 2898 5380 acceptamuS,
2952 5283 3396 5375 ratificamus,
3454 5295 3526 5357 et
3571 5306 3844 5381 appro-

502 5377 750 5456 bamus
805 5381 1027 5477 Regia
1080 5397 1315 5461 nostra
1399 5392 1801 5462 auctoritate
1870 5407 2024 5484 pro·
2070 5389 2333 5464 eisdem
2405 5387 2716 5465 fidelibus
2767 5392 3023 5465 nostris
3078 5387 3601 5478 communitatis
3653 5387 3846 5462 Bra-
