3950 5917
3263 418 3426 496 19¹?

139 636 238 701 nt
283 630 699 718 successim,
751 631 881 725 ipsi
933 628 1049 703 uel
1100 651 1339 702 eorum
1384 629 1710 719 heredes,
1762 633 2103 726 potuerint
2155 632 2268 704 uel
2310 632 2672 722 noluerint,
2725 631 3025 725 legitima
3079 629 3415 727 redemp-

139 738 318 805 cione
367 732 728 822 mediante,
801 731 886 806 ab
938 736 1090 829 ipso
1147 730 1410 807 Gemite
1462 734 1699 807 Vtrico
1771 735 1886 808 uel
1948 739 2097 809 eius
2152 735 2672 810 successoribus
2743 738 3053 807 eximere
3107 744 3178 807 et
3226 734 3417 807 libe-

137 857 297 924 rare,
365 837 483 910 tali
552 836 979 932 ohligaminis
1051 838 1322 909 uinculo
1387 841 1791 912 interserto:
1864 839 2046 935 quod
2099 843 2166 912 in
2223 862 2415 929 casu,
2470 862 2604 936 quo
2659 841 2787 935 ipsi
2838 839 3007 911 Bani
3057 837 3415 912 Johannes

135 949 198 1012 et
241 939 614 1035 Stephanus
668 951 738 1013 et
788 944 1002 1013 ceteri
1054 938 1356 1015 Comites
1409 940 1668 1037 Segnia
1719 942 1969 1016 fratres
2026 966 2262 1015 eorum
2318 948 2549 1039 sepius
2602 946 2950 1031 nominati,
3032 964 3156 1016 seu
3210 945 3413 1037 ipso-

139 1065 262 1115 rum
311 1043 511 1138 aliqui
563 1045 679 1118 uel
730 1045 996 1141 aliquis,
1047 1066 1174 1140 per
1225 1067 1304 1118 se
1356 1047 1473 1119 uel
1522 1067 1648 1142 per
1699 1047 1871 1120 alios
1927 1046 2431 1136 subordinatos,
2485 1050 2885 1143 premissam
2940 1049 3413 1142 composicio-

142 1169 294 1236 nem,
345 1151 412 1220 in
464 1157 611 1221 toto
662 1149 777 1221 uel
828 1152 898 1221 in
950 1158 1140 1244 parte
1192 1149 1516 1222 irritando
1572 1159 1686 1223 aut
1721 1150 2184 1244 infringendo,
2240 1161 2685 1225 memoratum
2743 1149 3074 1224 Comitem
3107 1148 3415 1223 Vlricum

139 1256 196 1323 iu
239 1253 500 1345 plenum
555 1262 626 1326 et
675 1250 1028 1348 pacificum
1084 1253 1475 1345 dominium,
1558 1257 1740 1328 omni
1793 1258 2253 1351 inpremissa
2308 1258 2819 1352 composicione
2876 1257 3413 1349 conscriptorum

139 1353 366 1451 absque
444 1356 999 1431 contradiccione
1076 1379 1215 1431 non
1291 1361 1835 1449 intromitterent,
1914 1359 2028 1432 uel
2097 1362 2309 1454 ipsius
2382 1370 2452 1433 et
2504 1362 2652 1432 eius
2705 1357 3000 1432 heredes
3080 1380 3415 1432 successu

141 1462 433 1555 temporis
487 1463 558 1533 in
607 1461 869 1534 eisdem
924 1471 993 1534 et
1045 1483 1282 1534 eorum
1335 1462 1621 1536 vtilitate
1676 1473 1745 1535 et
1796 1462 2239 1559 prouentibus
2292 1486 2428 1537 non
2486 1472 3002 1553 conseruarent,
3075 1485 3201 1535 seu
3254 1472 3413 1534 ante

143 1573 372 1659 tempus
426 1568 899 1661 prenominato
947 1566 1251 1658 legitime
1305 1567 1806 1662 redempcionis
1859 1570 2336 1661 inquietarent,
2407 1566 2879 1664 perturbarent
2931 1575 3045 1638 aut
3095 1565 3415 1661 dampni-

147 1666 418 1758 ficarent,
499 1678 756 1741 extunc
808 1672 937 1764 ipsi
989 1673 1057 1742 in
1111 1668 1296 1742 facto
1349 1674 1665 1766 potencie
1721 1691 1808 1743 eo
1862 1670 2046 1768 facto
2112 1674 2624 1761 conuincantur,
2699 1675 2831 1768 ipsi
2883 1679 3107 1742 autem
3171 1668 3419 1743 Comiti

147 1769 371 1860 Vlrico,
426 1794 553 1845 seu
611 1776 759 1846 eius
811 1772 1202 1867 heredibus,
1259 1796 1462 1847 omne
1515 1778 1647 1864 ius,
1700 1777 2041 1848 interesse
2094 1785 2164 1847 et
2218 1778 2394 1848 actio
2448 1776 2906 1873 predictorum
2958 1774 3199 1846 decem
3247 1773 3416 1846 Mil-

147 1874 276 1949 tium
322 1874 741 1949 florenorum
794 1887 866 1950 et
916 1881 1211 1951 omnium
1268 1879 1549 1952 aliorum
1603 1879 1690 1952 de
1745 1879 1941 1952 dictis
1998 1881 2139 1953 suis
2184 1878 2440 1951 iuribus
2493 1882 2816 1976 maternis
2897 1882 3297 1974 occupatiue
3347 1887 3418 1949 et

149 1982 329 2054 minus
378 1980 566 2053 licite
619 1991 1093 2077 perceptorum
1149 1992 1219 2056 et
1251 1982 1870 2079 percipiendorum,
1923 2003 2285 2055 remanere
2338 1981 2586 2056 debeat
2638 2004 2914 2079 semper
2966 1983 3249 2055 saluum.
3304 1980 3421 2054 Ad

145 2105 254 2179 que
293 2087 515 2157 omnia
575 2093 648 2156 et
681 2085 945 2180 singula
1000 2089 1331 2181 premissa
1387 2085 1670 2160 firmiter
1722 2097 1792 2159 et
1824 2085 2304 2159 inmutabiliter
2355 2086 2779 2184 adimplenda
2837 2096 3063 2181 partes
3111 2084 3421 2182 predicte

145 2209 214 2258 se
255 2191 709 2262 astrinxerunt
760 2199 832 2261 et
882 2186 1354 2283 obligauerunt
1402 2191 1880 2286 personaliter,
1952 2213 2038 2262 ac
2090 2200 2327 2264 nostro
2379 2195 2449 2264 in
2503 2200 2916 2287 conspectu3
2971 2211 3209 2282 uerum
3260 2193 3415 2286 quia

147 2290 218 2363 ad
257 2295 763 2366 restitucionem
834 2296 1130 2366 omnium
1203 2305 1273 2367 et
1334 2294 1757 2390 singulorum
1825 2297 2315 2391 premissorum
2386 2304 2628 2368 noster
2681 2305 2751 2367 et
2800 2303 3037 2367 uester
3105 2293 3418 2366 homines

149 2400 508 2470 necessario
567 2406 728 2471 sunt
756 2398 1274 2488 transmittendi,
1326 2397 1485 2471 ideo
1532 2397 1835 2472 fidelitati
1886 2408 2121 2471 uestre
2173 2396 2455 2472 firmiter
2500 2398 2937 2495 precipiendo
2993 2397 3419 2487 mandamus,

61 2555 64 2564 ,
151 2508 439 2592 quatenus
518 2510 824 2574 uestrum
904 2505 1179 2576 mittatis
1255 2501 1600 2588 hominem
1669 2524 1794 2600 pro
1865 2506 2253 2575 testimonio
2328 2502 2460 2577 fide
2525 2504 2826 2597 dignum,
2908 2524 3041 2598 quo
3094 2511 3420 2598 presente

61 2599 62 2602 ’
155 2599 465 2679 Ladislaus
540 2604 633 2677 de
705 2604 984 2678 Zenche
1052 2607 1166 2680 uel
1239 2605 1579 2701 Georgius
1652 2605 1739 2680 de
1789 2605 2100 2703 Bykzad,
2181 2617 2296 2680 aut
2364 2608 2537 2680 alter
2606 2606 2946 2702 Georgius
3002 2606 3090 2678 de
3141 2604 3418 2678 Grehen

153 2709 274 2779 siue
318 2708 705 2806 Stephanus
756 2708 1164 2806 Rwhyngus
1219 2710 1304 2783 de
1357 2710 1693 2807 Bathyna,
1763 2714 1912 2784 siue
1968 2709 2354 2806 Stephanus
2410 2710 2585 2786 filius
2637 2709 2920 2783 Andree
2974 2707 3090 2782 filii
3139 2710 3423 2782 Henrici

61 2859 62 2888 ;
155 2808 223 2881 de
263 2809 620 2900 Rohonch,
698 2813 852 2903 alijs
905 2812 1326 2904 absentibus,
1395 2813 1601 2888 homo
1656 2824 1893 2888 noster
1957 2836 2086 2910 per
2135 2836 2265 2888 nos
2318 2815 2409 2889 ad
2458 2814 2524 2887 id
2580 2815 2969 2912 specialiter
3035 2813 3421 2910 deputatuS,

153 2922 360 2990 octauo
409 2917 523 2989 die
583 2914 745 2991 festi
790 2915 973 2989 beati
1038 2914 1318 3013 Georgij
1402 2923 1717 3015 martyris
1796 2922 2109 3015 proxime
2188 2922 2480 3008 uenturi,
2555 2930 2623 2991 et
2675 2920 2828 3011 aliJs
2882 2916 3155 3009 diebus,
3218 2916 3305 2990 ad
3351 2916 3423 2989 id

151 3021 296 3111 aptis
341 3031 406 3093 et
447 3019 971 3112 sufficientibus,
1024 3022 1111 3094 ad
1164 3022 1382 3096 facies
1433 3026 1812 3119 prescripto
1864 3022 2246 3096 medietatis
2300 3025 2521 3097 insule
2555 3023 2839 3117 Wegle,
2893 3046 3027 3095 nec
3059 3045 3199 3095 non
3249 3043 3425 3117 pre-

157 3125 614 3199 nominatorum
666 3122 1085 3217 Castrorum,
1140 3127 1300 3199 uille
1354 3136 1425 3199 et
1474 3130 1678 3200 uinee
1728 3150 1812 3199 ac
1863 3130 2340 3200 vniuersarum
2408 3130 2974 3224 pertinenciarum
3039 3137 3110 3199 et
3159 3126 3425 3198 vtilita-

153 3231 276 3297 tun
325 3230 716 3316 earundem,
795 3229 1221 3320 accedendo,
1298 3231 1683 3304 introducat
1734 3230 2068 3326 prefatum
2143 3229 2475 3303 Comitem
2527 3231 2861 3303 ericum
2931 3234 2999 3302 in
3054 3229 3424 3302 dominium

159 3332 506 3421 earundem,
568 3334 792 3406 eidem
838 3343 908 3407 et
951 3337 1093 3408 suis
1136 3333 1503 3409 heredibus
1556 3338 1895 3432 premisso
1949 3334 2141 3407 titulo
2192 3337 2499 3431 pignoris
2551 3332 3010 3430 possidendat.
3064 3333 3424 3429 predicto-

155 3453 276 3506 rutn
317 3436 649 3511 Johannis
701 3447 774 3511 et
823 3436 1151 3533 Stephani
1201 3438 1545 3513 Banorum
1597 3462 1681 3511 ac
1735 3439 2021 3511 aliorum
2072 3437 2354 3510 fratrum
2404 3442 2707 3535 ipsorum
2774 3437 3107 3512 Comitum
3164 3435 3423 3530 Segnie

153 3547 822 3632 supranominatorum
875 3542 1430 3616 contradiccione
1482 3565 1621 3617 non
1676 3542 2009 3616 obstante.
2096 3541 2185 3614 Et
2234 3551 2391 3638 post
2441 3541 2573 3614 bec
2624 3540 3005 3615 huiusmodi
3058 3539 3423 3613 introduc-

151 3641 335 3717 eionis
383 3656 453 3719 et
494 3650 899 3721 statucionis
953 3649 1231 3736 seriem,
1283 3656 1361 3721 vt
1393 3646 1599 3720 fuerit
1650 3646 2056 3742 expediens,
2110 3644 2308 3719 nohis
2362 3645 2653 3719 fideliter
2702 3644 3119 3720 rescribatis.
3173 3644 3422 3716 Datum

155 3741 395 3821 Posouii
441 3753 513 3822 in
570 3748 754 3824 festo
829 3749 1015 3823 beati
1058 3748 1405 3844 Ambrosij
1478 3750 1805 3848 Episcopi
1856 3760 1929 3824 et
1979 3750 2406 3825 confessoris
2474 3749 2681 3823 Anno
2752 3750 3007 3822 domini
3059 3747 3424 3822 Millesimo

65 3909 66 3912 ,
159 3850 791 3948 quadringentesimo
868 3856 1220 3928 uicesimo
1299 3857 1551 3949 quinto.
1631 3854 2029 3950 Regnorum
2108 3864 2497 3928 nostrorum
2578 3853 2783 3927 Anno
2861 3853 3211 3947 Hungarie
3291 3864 3423 3925 etc.

65 3915 68 4002 ἱ
153 3954 645 4052 quadragesimo
697 3967 974 4047 octauo,
1051 3957 1518 4032 Romanorum
1568 3962 1907 4054 nigesimo
1964 3961 2224 4053 quinto,
2293 3958 2623 4031 Bohemie
2678 3957 3208 4053 quintodecimo,
3276 3955 3429 4029 lm-

151 4060 292 4150 μιῇ
366 4084 535 4136 uero
618 4063 946 4136 secundo.
1050 4061 1253 4136 Vnde
1331 4084 1462 4137 nos
1541 4063 1876 4136 mandatis
1954 4065 2168 4157 ipsius
2249 4062 2502 4136 domini
2573 4066 2790 4136 nostri
2868 4062 3304 4158 Imperatoris
3358 4071 3428 4133 et

155 4155 334 4256 Regis
380 4186 661 4262 semper
711 4166 993 4240 obedire
1045 4169 1426 4262 cupientes,
1486 4177 1564 4240 vt
1613 4176 1949 4257 tenemur,
2004 4189 2140 4239 vna
2188 4189 2345 4240 cum
2378 4165 2642 4263 prefato
2698 4165 3046 4261 Stephano
3097 4164 3429 4261 Rwhyng

153 4260 224 4335 de
267 4266 572 4361 Bathina,
621 4270 896 4345 homine
950 4294 1074 4345 sue
1127 4274 1527 4361 maiestatis,
1584 4270 1672 4344 ad
1723 4271 1791 4343 id
1845 4270 2233 4366 specialiter
2280 4270 2627 4367 deputato,
2685 4280 3004 4344 -nostrum
3055 4268 3428 4360 hominem,

155 4369 433 4447 uidelicet
506 4373 978 4449 honorabilem
1024 4378 1241 4448 utrum
1308 4373 1706 4469 Magistrum
1761 4373 2133 4447 Fabianum
2203 4374 2292 4448 de
2341 4373 2731 4471 Rowycha,
2804 4376 3065 4447 socium
3120 4384 3191 4446 et
3243 4396 3430 4447 con-

153 4481 519 4552 canonicum
571 4489 879 4552 nostrum
932 4477 1021 4551 ad
1073 4481 1406 4576 premissa
1460 4477 1755 4552 fideliter
1828 4478 2220 4574 peragenda
2274 4488 2512 4556 nostro
2565 4500 2692 4576 pro
2743 4479 3133 4552 testimonio
3186 4487 3428 4550 trans-

159 4580 422 4656 misimus
501 4582 941 4678 fldedignum,
1020 4585 1134 4679 qui
1191 4582 1467 4657 tandem
1544 4582 1797 4656 exinde
1850 4582 1938 4655 ad
1982 4603 2112 4658 nos
2164 4586 2458 4674 reuersi,
2535 4582 2735 4656 nobis
2814 4582 3245 4655 vniformiter
3295 4604 3424 4654 re-

67 4771 68 4780 ,
157 4680 437 4777 ulerunt,
490 4687 669 4784 quod
722 4686 1029 4783 prefatus
1080 4687 1286 4761 homo
1336 4690 1552 4783 ipsius
1606 4686 2038 4776 Serenitatis,
2091 4696 2415 4782 presente
2469 4685 2650 4760 dicto
2703 4696 2942 4760 nostro
3004 4689 3427 4779 testimonio,

67 4783 68 4866 l
162 4794 428 4874 protacta
479 4801 727 4864 octauo
782 4791 893 4865 die
944 4790 1229 4889 predicti
1283 4790 1444 4866 festi
1492 4790 1676 4864 beati
1711 4789 1995 4884 Georgii
2045 4794 2363 4888 martyris
2417 4794 2730 4887 proxime
2783 4793 3110 4887 preteriti,
3165 4800 3237 4863 et
3269 4788 3427 4882 alijs

165 4884 366 4966 diebtis
416 4893 502 4968 ad
556 4895 624 4968 id
675 4897 846 4992 aptis
902 4904 972 4968 et
1021 4893 1538 4986 sufficientibus,
1593 4895 1678 4967 ad
1732 4892 1950 4968 facies
2002 4897 2377 4991 prescripte
2429 4894 2811 4969 medietatis
2874 4894 3095 4967 insule
3143 4894 3429 4989 Wegle,

168 5009 274 5063 ωε
314 5018 446 5071 non
498 5003 1117 5095 prenominatorum
1168 4997 1588 5089 Castrorum,
1641 4999 1828 5089 uille,
1880 5001 2111 5087 uinee,
2192 5021 2279 5071 ac
2327 5002 2802 5072 vuiuersarum
2853 5001 3428 5094 pertinenciarum

171 5101 226 5164 el
265 5100 602 5175 vutitntam
678 5103 1051 5178 earundem
1108 5102 1533 5194 accedendo,
1614 5103 2106 5177 introduxisset
2162 5101 2495 5199 prefatum
2552 5101 2884 5176 Comitem
2935 5102 3240 5175 Vlricum
3296 5125 3433 5175 ea-

171 5200 413 5276 mdem
463 5208 532 5279 in
567 5206 955 5299 dominium,
1010 5211 1493 5303 statuissetque
1547 5217 1616 5281 et
1656 5209 2090 5282 restatuisset
2140 5206 2422 5280 easdem
2475 5205 2699 5283 eidem
2751 5216 2824 5280 et
2870 5210 3012 5281 suis
3066 5205 3435 5281 heredibus

175 5309 465 5392 Pte-isso
517 5313 704 5387 titulo
754 5316 1061 5410 pigneris
1111 5311 1594 5409 possidendas,
1663 5311 2122 5409 predictorum
2186 5309 2519 5386 Jobannis
2573 5321 2644 5385 et
2694 5309 3022 5409 Stephani
3088 5311 3435 5386 Banorum

169 5422 244 5473 ιο
283 5409 552 5490 aliorum
598 5415 880 5492 statrum
929 5420 1234 5516 ipsorum
1286 5415 1621 5492 Comitum
1677 5415 1939 5514 Seguie
1991 5418 2615 5514 prenominatorum
2685 5415 3242 5492 contradiccione
3289 5439 3435 5491 non
