3950 5917
3268 444 3421 518 369

1485 962 2073 1050 ccxxv!-

704 1231 912 1300 Anno
976 1225 1013 1299 1
1030 1225 1210 1299 704.
1267 1227 1382 1299 die
1440 1225 1563 1300 18.
1597 1228 1954 1304 lanum-ii.
2011 1225 2093 1297 In
2144 1228 2399 1320 oppido
2455 1223 2837 1296 Me‘sleolez..

103 1486 433 1598 Copia·
492 1486 1054 1617 litterarum
1100 1483 1620 1610 'Principis
1681 1485 2197 1567 Francisci
2257 1455 2762 1591 Rakoczy,
2845 1486 3197 1592 quibus
3260 1487 3422 1568 SS.

237 1625 314 1724 dc
375 1622 530 1706 00.
591 1623 916 1731 Regni
994 1624 1460 1705 Croatiae
1535 1629 1625 1704 in
1686 1651 1918 1705 suas
1981 1637 2327 1731 partes
2388 1627 2864 1706 inducere
2926 1629 3303 1704 nititur.

280 2119 285 2124 ·
431 2083 577 2158 Nos
631 2085 761 2156 Dei
814 2086 1029 2178 gratia
1086 2083 1494 2157 Franciscus
1547 2081 1905 2180 Rakoczy,
1961 2083 2287 2179 Princeps
2318 2083 2402 2156 de
2429 2080 2637 2161 Felso
2691 2083 2950 2177 Vadas,
3006 2086 3164 2158 Dux
3209 2084 3422 2159 Mun-⁶·

104 2187 557 2262 kacsinensis
610 2211 695 2260 ao
746 2187 1327 2270 Makovicsensis„
1380 2186 1755 2283 Perpetuus
1810 2212 1892 2258 ao
1947 2211 2303 2283 supremus
2358 2187 2609 2260 Comes
2665 2189 2752 2261 de
2805 2191 3049 2278 Saros
3100 2212 3232 2263 nec
3284 2213 3420 2264 non

115 2295 381 2366 arcium
454 2292 671 2365 Saros
740 2291 980 2381 Patak
1071 2292 1381 2385 Regecz
1469 2291 1837 2381 Lednicze
1909 2291 2282 2382 Szerencs
2353 2291 2659 2384 Ecsbett‚
2728 2293 3082 2390 Szomlye
3153 2293 3423 2390 Totmy,

108 2395 318 2469 Onod
392 2399 518 2467 dcc.
588 2395 1083 2469 haereditarius
1137 2395 1467 2468 Dominus
1539 2399 1668 2467 dcc.
1723 2398 1878 2486 dre,
1949 2395 2230 2491 Inclytis
2303 2395 2621 2469 Croatiae
2691 2395 2913 2491 Regni
2983 2396 3281 2470 Statibus
3354 2406 3424 2470 et

109 2499 487 2574 Ordinibus
541 2521 810 2572 omnem
864 2501 1404 2595 prosperitatem.
1958 2546 1963 2549 ·

442 2603 762 2697 Quisquis
818 2612 929 2676 vet
987 2604 1205 2677 solum
1279 2601 1788 2696 disponentibus
1861 2602 2143 2698 Superis
2212 2614 2610 2688 sumtorum
2690 2605 2807 2675 vel
2851 2607 2993 2697 Jam
3049 2608 3426 2679 clementer

112 2705 507 2779 faventibus
563 2707 648 2778 ad
703 2710 1007 2780 intimas
1051 2706 1487 2794 dulcissimae
1537 2705 1808 2778 Patriae
1862 2729 2023 2778 oras
2081 2710 2455 2779 ‘victoriose
2525 2706 2891 2779 effusorum
2960 2710 3231 2806 lateque
3286 2732 3421 2805 pa-

78 2813 394 2884 ·teutium
432 2830 771 2883 armorum
811 2832 938 2883 nos
943 2820 1195 2882 trorum
1241 2810 1490 2881 famam
1548 2809 1873 2881 hactenus
1927 2809 2140 2906 probe
2170 2811 2469 2898 maudut
2525 2834 2663 2884 non
2717 2812 2995 2885 alterius
3050 2836 3202 2885 eum
3259 2835 3420 2885 om-

112 2918 279 2986 nino
355 2937 555 3008 quam
610 2913 695 2985 ad
751 2914 1235 2987 restaurandos
1290 2913 1520 2985 afflicti
1586 2913 1710 2985 sub
1768 2914 2134 2987 Austriaco
2184 2916 2370 3037 ‘jugo
2425 2915 2657 3011 inclyti
2730 2914 2955 3010 Regni
3025 2917 3417 3012 Hungariae

112 3018 767 3113 Provinciarumque
821 3017 1042 3091 eidem
1099 3040 1519 3090 annexarum
1572 3017 2036 3111 libertatisque
2093 3022 2355 3089 animos
2409 3041 2538 3090 nos
2594 3019 2826 3090 locare
2872 3043 3178 3116 operam,
3260 3044 3422 3094 esse

96 3124 456 3218 opinionis
546 3120 818 3194 indubie
886 3121 1516 3219 praecognoscitur'.
1620 3121 1948 3194 Dedimus
2038 3125 2331 3215 patentia
2398 3124 2540 3214 jam
2606 3124 2836 3213 justae
2908 3127 3423 3198 exercitationis

116 3235 399 3298 nostrae
453 3224 886 3311 documenta,
936 3224 1222 3321 public-is
1293 3223 1457 3298 Orbi
1527 3224 1893 3297 christiano
1965 3223 2393 3297 manifestata
2468 3227 2780 3321 scriptis3
2856 3226 2942 3299 ad
3013 3252 3189 3323 quae
3260 3228 3421 3300 dum

126 3328 417 3400 candide
468 3328 863 3401 ruminanda
917 3332 1300 3423 integritate
1354 3350 1609 3401 causae
1660 3331 1779 3399 tuti
1835 3337 2119 3400 exteros
2175 3329 2590 3420 relegamus,
2644 3328 2841 3403 nobis
2877 3329 3244 3424 indigenis,
3296 3329 3415 3402 vel

114 3436 203 3504 iis
257 3433 527 3505 silentio
580 3434 995 3529 praeteritis4
1039 3453 1436 3505 communes
1490 3434 1611 3505 toti
1663 3430 1910 3523 Regno
1963 3432 2203 3503 relicto
2241 3454 2366 3527 per
2389 3431 2597 3504 fatale
2649 3437 2957 3527 regimen
2985 3433 3421 3507 Austriacnm

113 3534 555 3608 calamitates
606 3537 836 3608 illatae
886 3539 1233 3631 praesenti
1284 3558 1510 3609 rerum
1567 3545 1931 3608 occurrunt
1984 3538 2394 3607 testimonio.
2475 3535 2957 3627 Languescunt
3007 3537 3420 3635 pedetentim

108 3649 371 3736 partes,
428 3638 538 3711 ubi
570 3640 1024 3736 principalius
1077 3644 1388 3736 corporis
1441 3649 1751 3712 extrema
1808 3638 2165 3733 aegritudo
2220 3648 2552 3732 occupatt,
2605 3661 2739 3711 neo
2792 3661 3024 3728 secus,
3077 3640 3234 3714 dum
3277 3640 3419 3712 flo-

108 3746 569 3816 rentissimum
623 3746 1072 3839 potentissimi
1124 3746 1283 3817 olim
1337 3742 1563 3835 Regni
1629 3743 2021 3837 Hungariae
2076 3753 2320 3816 statum
2392 3764 2516 3838 per
2564 3742 2930 3815 inauditam
3010 3744 3417 3818 intolerabi-

109 3847 272 3919 lium
326 3851 726 3943 pensionum
781 3850 1240 3935 exaotionem,
1296 3846 1607 3943 adempta
1645 3847 1985 3941 indigenis
2013 3848 2266 3936 officia,
2320 3849 2742 3944 tyrannicam
2795 3846 3163 3922 Procerum
3195 3849 3420 3943 Regni

112 3953 704 4047 exstirpationem,
774 3961 1103 4047 occupata
1175 3973 1301 4048 per
1369 3961 1651 4024 exteros
1720 3953 1834 4022 via
1912 3950 2075 4023 facti
2147 3951 2374 4042 bona,
2455 3961 2755 4048 apertam
2836 3951 3129 4047 deniqne
3194 3953 3420 4047 Regni

113 4054 350 4147 legum
428 4054 984 4141 convulsionem,
1056 4054 1140 4127 ad
1213 4076 1380 4145 eas„
1452 4077 1627 4150 quae
1692 4054 2023 4127 luctuosis
2093 4057 2390 4128 omnium
2464 4066 2766 4129 nostrum
2840 4056 3179 4131 obtutibus
3255 4078 3417 4132 sese

111 4157 433 4247 offerunt,
487 4157 860 4232 devenisse
898 4161 1333 4254 experiemur
1368 4160 1720 4246 miserias3
1773 4159 1928 4252 quid
1968 4158 2147 4230 aliud
2202 4171 2643 4260 quam-certa
2699 4160 3187 4235 nobilissimam
3234 4173 3421 4258 quo*-

113 4284 249 4358 que
304 4261 484 4335 b'ano
535 4284 780 4335 sacrae
831 4261 1057 4357 Regni
1111 4261 1430 4335 Coronae
1482 4264 1901 4358 provinciam
1958 4273 2233 4335 maneat
2283 4265 2500 4348 ruina,
2556 4267 2918 4360 unicuique
2971 4266 3170 4339 altius
3215 4267 3421 4338 truti-

114 4366 410 4438 nandum
484 4365 726 4439 dolore
793 4366 1175 4461 linquimus.
1282 4367 1835 4461 Quotusquisque
1905 4376 2051 4453 est,
2123 4368 2236 4461 qul
2313 4389 2451 4439 non
2527 4366 2928 4442 Austriacos
2998 4393 3039 4442 a
3096 4371 3419 4444 continuo

92 4474 422 4566 suscepti
472 4468 853 4565 Regiminis
905 4478 1213 4565 tempore
1266 4491 1356 4542 eo
1410 4470 1828 4559 collimasse,
1879 4479 1951 4542 ut
2003 4470 2189 4542 lento
2244 4470 2534 4543 edoctae
2570 4472 3147 4569 pseudopolitices
3200 4472 3422 4566 gradu

108 4576 383 4646 atu-acti
435 4576 503 4647 in
557 4583 843 4647 exteros
899 4594 1164 4646 summo
1217 4594 1557 4646 armorum
1602 4575 1787 4666 jure,
1842 4577 2327 4671 enervatisque
2379 4578 2585 4648 tacite
2637 4586 2905 4650 retento
2933 4580 3227 4651 nationis
3256 4576 3422 4675 odio

110 4676 481 4771 indigenis,
555 4676 790 4752 servili
858 4676 1143 4750 liberam
1213 4687 1489 4771 gentem
1553 4677 1942 4752 submittant
2002 4680 2204 4773 jugo,
2274 4681 2480 4774 inque
2566 4677 2944 4753 absolutum
3015 4681 3421 4757 ambitiosae

108 4780 554 4854 baereditatis
607 4802 771 4856 sese
825 4782 1092 4875 erigant
1142 4780 1534 4870 dominium,
1606 4783 1795 4854 clare
1846 4777 2197 4877 intelligat.
2303 4781 2671 4876 Loquatur.,
2741 4783 3121 4859 tacentibus
3190 4783 3418 4877 nobis,

112 4882 452 4960 confusus
524 4905 677 4957 cum
754 4886 1005 4957 vicinis
1082 4884 1552 4977 adjacentibus
1630 4885 2015 4958 Provinciis
2094 4885 2320 4980 Regni
2391 4885 2690 4960 Croatici
2761 4897 3004 4978 status,
3079 4885 3420 4963 Gamerae

108 4988 475 5085 Styriaoae
528 4998 600 5062 ut
646 4988 1000 5084 plurimum
1056 4985 1389 5076 subditus,
1460 4989 1656 5080 cujus
1726 4988 1883 5060 dum
1935 4991 2376 5084 imperiosum
2445 5013 2659 5085 aegre
2727 4990 2916 5064 serre
2987 4990 3420 5086 gaber-nium,

104 5091 532 5186 illegitimam
586 5115 627 5165 a
681 5115 880 5165 sacra
932 5095 1131 5186 regni
1179 5091 1576 5185 Hungariae
1629 5090 1903 5165 Corona
1957 5092 2413 5184 avulsionem,
2465 5092 2842 5191 Regiisque
2895 5095 3421 5174 Austriaeorum

94 5206 309 5270 eanta
364 5195 863 5292 diplomatibus,
915 5195 1119 5292 digna
1175 5195 1547 5292 exprobrat
1598 5198 2048 5300 querimonia
2117 5200 2400 5294 sumpsit
2451 5200 2521 5270 in
2567 5200 2715 5272 dies
2763 5199 3106 5275 liberrime
3159 5202 3416 5298 omnin,

104 5310 351 5373 bonu-u
406 5299 793 5396 diplomata
846 5321 970 5373 sua
1023 5299 1317 5373 audendi
1371 5303 1811 5373 incrementa.
1916 5291 2052 5372 Per
2103 5304 2523 5374 exercitatos
2603 5301 2732 5377 bos
2785 5313 2981 5378 actus
3047 5301 3423 5384 Austris-ea

104 5401 353 5492 libido
402 5402 559 5477 dam
612 5405 756 5479 suis
806 5401 1120 5498 Regnum
1181 5425 1309 5502 per
1356 5412 1588 5501 partes
1640 5403 1899 5477 mutilat
1964 5403 2313 5497 limitibus,
2382 5408 2658 5503 orisque
2727 5410 2966 5504 partim
3037 5407 3420 5519 martti-nu,

319 5552 1082 5624 (rmtrmueemen.)
2896 5528 2999 5603 47
