3950 5917
3382 438 3495 518 75

126 638 2746 736 *etinheim-‚inmutaverunnostrmimemoeoawt
2813 649 3126 716 nostrum
3194 641 3499 738 Regiam

134 757 494 834 meam,
556 751 676 816 ant
724 762 860 818 nos
910 744 983 813 ιιι
1038 739 1430 816 miserabile
1473 743 1719 834 jugum
1770 742 2309 836 paganissimum
2360 740 2726 814 traducere
2781 754 3180 834 conassent,
3250 746 3366 820 ubi
3417 751 3495 822 ιιι

137 846 440 941 qaedam
502 843 863 920 turbiueso
930 846 1315 922 invasionis
1386 842 1673 934 afflictu,
1723 842 1926 920 uobis
1980 843 2139 918 binc
2189 843 2352 918 iude
2404 842 2670 940 trepide
2740 844 3496 939 metanomiam-
3255 852 3272 868 ⁰
3418 853 3433 868 ⁰

134 958 347 1024 naute
406 958 697 1038 eventu,
750 956 1084 1069 perpetuo
1128 946 1386 1022 Divino
1439 947 1856 1022 anathemati
1907 947 2098 1037 dato,
2150 949 2702 1070 circumquaque
2735 949 3159 1024 multitudine
3210 973 3499 1047 pugua-

138 1063 367 1126 torum
415 1054 725 1146 gentium
758 1053 1067 1146 ipsorum
1099 1049 1540 1123 Tartarorum
1592 1048 1895 1140 obsessi,
1948 1052 2296 1124 universis
2345 1060 2486 1124 tam
2536 1054 2742 1125 novis
2793 1052 3180 1144 insultibus,
3232 1076 3494 1151 asper-

138 1159 337 1229 rimis
404 1155 690 1247 iaculis,
759 1152 1136 1228 crudelium
1205 1151 1576 1228 verberum
1645 1151 1918 1242 ictibus,
1991 1152 2376 1226 afficiendis
2428 1153 2676 1247 gladiis
2728 1154 2984 1229 feriunt
3036 1167 3291 1231 turmas
3343 1180 3496 1232 uo·—

138 1268 351 1348 stros,
436 1260 729 1353 sagittas
776 1256 1202 1379 lanceasque
1273 1277 1439 1331 suas
1509 1253 1850 1330 inebriant
1918 1259 2259 1350 sangvine
2329 1260 2746 1349 occisorum,
2817 1258 3114 1354 undique
3165 1270 3241 1334 ut
3289 1283 3494 1337 muro

138 1361 507 1450 obstructi,
560 1371 679 1433 aut
727 1361 963 1455 pisces
1008 1363 1083 1434 iu
1112 1368 1354 1453 gustro
1408 1359 1959 1455 compraehensi,
2011 1359 2661 1434 incommodissimis
2722 1359 3128 1437 verberibus
3183 1367 3496 1439 strictis-

135 1468 309 1538 a'me
387 1413 657 1555 afflicti,
725 1474 801 1536 ιιι
856 1481 996 1538 nec
1064 1472 1268 1536 autea
1336 1463 1751 1558 procedere,
1820 1485 1956 1538 nec
2026 1462 2239 1557 fugae
2303 1464 2535 1536 locum
2586 1463 2846 1538 babere
2896 1475 3318 1561 poteramus,
3369 1467 3491 1542 ubi

137 1573 319 1644 inter
384 1577 672 1642 nosti-os
724 1570 792 1640 Φ
842 1569 1037 1661 ipsos
1087 1565 1444 1658 Tartaros,
1513 1576 1799 1641 servato
1867 1567 2263 1658 intervallo,
2331 1576 2721 1640 nostrorum
2789 1567 3064 1660 funera,
3128 1570 3488 1666 plusquam
3603 1615 3608 1618 -

138 1671 451 1746 ulfinum
509 1672 753 1766 capitis
805 1672 1028 1744 nostri
1081 1671 1588 1760 exterminium,
1637 1690 1830 1742 more
1881 1668 2237 1760 Racbelis,
2279 1670 2552 1763 jugulo,
2622 1670 2759 1744 alta
2811 1671 2901 1746 ad
2949 1671 3318 1746 Dominum
3366 1677 3494 1748 in-

136 1776 409 1848 tumus
464 1775 762 1869 suspiria
813 1769 1297 1863 fundebamus,
1347 1771 1923 1869 Kyrie-eleisonl
1974 1776 2042 1845 Φ
2092 1781 2446 1868 protector
2494 1783 2736 1848 noster
2785 1777 3022 1871 aspice
3073 1775 3292 1867 Deus,
3343 1799 3493 1870 ge-

136 1885 413 1952 mentes
465 1872 1061 1967 exclamabamus,
1110 1878 1327 1949 vitam
1378 1885 1684 1950 nostram
1735 1874 2030 1970 Regiam
2086 1879 2153 1948 Φ
2203 1886 2623 1968 nostrorum,
2678 1898 2944 1953 summo
2996 1878 3372 1971 desiderio,
3439 1905 3488 1955 a

136 1983 380 2054 nortis
432 1983 693 2075 impetu
745 1981 1021 2053 arceias
1072 1980 1342 2052 evitare
1389 1976 1850 2072 cogebamurr,
1897 1981 2042 2068 jam
2097 1978 2274 2052 elesi
2325 1982 2389 2051 Φ
2439 2001 2780 2075 praeceps
2831 1985 3212 2077 praecipiti,
3265 1985 3490 2056 terri-

128 2079 339 2158 Hlem
394 2104 648 2158 necem
678 2085 751 2155 ia
784 2092 1133 2156 momento
1187 2080 1744 2177 expectabamus.
1827 2081 2035 2154 Pater
2068 2080 2346 2156 taudem
2377 2080 2817 2156 ineffabilium
2853 2086 3482 2164 misericordia-un

136 2190 197 2258 t
242 2186 597 2260 Dominius
646 2188 761 2281 pie
813 2185 1337 2274 consolationis,
1387 2187 1458 2258 in
1510 2207 1649 2279 quo
1704 2205 1867 2281 spes
1921 2194 2032 2260 est
2082 2188 2383 2258 omnium
2433 2182 2759 2277 fidelium,
2815 2187 3249 2283 oppitulando
3303 2209 3486 2264 suae

136 2287 477 2366 dexterae
532 2291 852 2362 virtutem
903 2291 1265 2382 porrigere
1319 2288 1634 2381 dignatus
1688 2297 1839 2379 est;
1891 2297 1964 2360 et
2016 2288 2281 2362 excelsi
2335 2289 2588 2382 angulo
2642 2311 2772 2364 suo
2825 2289 2996 2382 jube
3049 2289 3352 2383 dicente,
3407 2296 3478 2366 Φ

134 2396 331 2487 quui
388 2390 480 2464 de
534 2390 716 2465 nube
772 2390 1004 2486 olimpi
1054 2413 1098 2464 a
1146 2390 1513 2487 Paraclyto
1566 2394 1793 2483 missi,
1857 2401 2004 2466 tres
2055 2390 2270 2464 indoli
2321 2392 2560 2466 viriIes
2617 2394 2950 2485 juvenes,
3020 2393 3204 2468 Kres
3254 2395 3476 2470 vide-—

134 2495 319 2587 lieet,
376 2494 705 2591 Knpissa,
754 2517 892 2570 nec
943 2516 1085 2569 non
1135 2492 1290 2566 Rak
1341 2498 1600 2585 vocati,
1674 2495 1760 2569 de
1815 2492 2092 2591 Syrmio
2157 2494 2450 2586 oriundi,
2517 2505 2593 2569 ut
2645 2495 2864 2571 fortes
2920 2496 3244 2588 atlethae,
3317 2519 3480 2574 cum

134 2600 411 2692 uigint-
459 2607 625 2671 octo
678 2597 1073 2672 fortissimis
1123 2606 1575 2693 pugnatorum
1630 2595 1951 2672 fratribus
2002 2602 2069 2671 Φ
2121 2602 2661 2693 consaugvineis
2699 2603 2872 2691 suis,
2922 2597 3176 2674 fulcitis
3214 2603 3476 2696 optimo

136 2702 405 2774 militari
459 2710 819 2797 apparatu,
870 2723 913 2773 a
966 2700 1166 2776 nobis
1235 2722 1375 2774 non
1438 2702 1785 2796 postulati,
1856 2723 1990 2774 uec
2061 2701 2480 2797 stipendiarii
2552 2703 2805 2776 salario
2877 2706 3274 2799 appreciati,
3348 2703 3478 2779 sed

134 2814 457 2900 tanquam
504 2803 886 2879 fidelissimi
940 2801 1418 2894 Christicolae,
1470 2806 1542 2877 in
1578 2814 1883 2879 nostram
1953 2803 2245 2898 Regiam
2300 2804 2642 2896 fiduciam,
2713 2807 2897 2880 illico
2950 2805 3176 2900 Regio
3230 2818 3480 2882 nostro

130 2908 329 2981 lateri
363 2907 855 2996 adhaerentes,
910 2907 998 2979 ad
1033 2909 1493 3001 gratissimum
1530 2917 1766 2980 votum
1805 2917 2112 2982 nostrum
2148 2907 2468 3000 Regium,
2525 2918 2766 2981 contra
2821 2912 3158 3004 asperima
3199 2911 3476 3003 agmina

135 3016 196 3084 Φ
249 3033 484 3106 pugna
547 3010 883 3083 dictorum
926 3010 1366 3083 Tartarorum
1419 3010 1689 3085 militari
1738 3009 2022 3084 brachio
2073 3011 2365 3085 viriliter
2416 3033 2495 3084 se
2541 3013 2973 3086 contulerunt
3023 3025 3472 3108 pugnaturos„

134 3124 332 3209 eaput
381 3123 699 3188 nostrum
750 3113 1071 3207 Regium,
1122 3117 1515 3210 priusquam
1561 3137 1684 3189 sua
1719 3116 2022 3210 propria,
2076 3112 2369 3187 fideliter
2419 3113 2874 3188 eliberantes:
2939 3116 3098 3188 hinc
3150 3116 3309 3189 inde
3347 3140 3472 3212 per

136 3220 347 3306 ades,
410 3227 488 3290 et
538 3218 983 3313 propag-ulus,
1061 3240 1218 3290 cum
1289 3240 1531 3290 eorum
1602 3227 1884 3298 caterva
1952 3221 2145 3312 ipsos
2218 3216 2545 3290 Tartaros
2597 3221 2667 3289 in
2722 3240 2846 3290 ore
2910 3221 3214 3313 ipsorum
3288 3220 3474 3292 feri-

130 3330 381 3410 tantes,
435 3318 555 3394 ubi
590 3324 782 3395 acies
816 3320 1175 3400 fortiorum
1221 3330 1675 3416 pugnatorum
1726 3329 2247 3415 persenserunt,
2300 3321 2461 3393 illac
2485 3343 2564 3395 se
2603 3321 2985 3395 ferventius
3039 3324 3475 3395 contulerunt

128 3433 581 3519 pugnaturos.
658 3423 1073 3498 Banderium
1143 3434 1449 3499 nostrum
1519 3423 1842 3517 Regium,
1911 3426 1984 3497 ιιι
2031 3446 2209 3519 gyro
2263 3422 2566 3498 fidelium
2634 3435 3024 3498 nostrorum
3095 3426 3467 3499 aulicorum

126 3526 393 3622 trepffle
428 3529 807 3602 tenentium
846 3526 934 3600 ad
970 3526 1305 3600 honorem
1344 3533 1409 3600 Φ
1442 3537 1844 3624 perpetuum
1877 3530 2374 3599 incrementum
2423 3537 2730 3603 nostrum
2786 3529 3106 3622 Regium,
3162 3533 3226 3600 Φ
3260 3533 3470 3604 totius

124 3627 353 3724 Regni
403 3634 635 3704 nostri
683 3630 980 3704 feliciter
1030 3640 1498 3706 reservantes.
1554 3630 1827 3704 Interea
1858 3652 2065 3703 unum
2118 3630 2496 3704 mirabilem
2549 3631 2880 3705 artificem
2933 3653 3101 3726 prae
3155 3632 3471 3707 omnibus

126 3731 491 3807 feffiorem
545 3737 613 3805 Φ
663 3737 1002 3807 acriorem
1059 3755 1415 3828 sagacem,
1487 3733 1796 3826 diligenti
1860 3732 2092 3808 habito
2166 3734 2511 3825 clanculo,
2585 3735 2977 3831 praedictus
3029 3736 3207 3811 Kres
3264 3747 3465 3811 tenso

127 3857 247 3909 no
286 3859 493 3924 arcu,
547 3859 676 3909 sua
712 3840 1104 3911 acutissima
1142 3839 1418 3931 sagitta,
1470 3838 1670 3912 simul
1722 3835 1967 3912 ambos
2015 3859 2181 3911 suos
2238 3837 2458 3910 effixit
2509 3840 2780 3929 oculos,
2836 3842 2900 3911 Φ
2955 3861 3187 3912 coram
3243 3840 3465 3914 oculis

122 3944 379 4014 lesu-is
431 3938 680 4033 Regiis
732 3943 972 4014 vivum
1022 3943 1094 4014 in
1146 3943 1452 4014 carinam
1502 3943 1792 4036 proiecit
1843 3942 2076 4014 maris.
2170 3941 2441 4015 Rursus
2494 3944 2564 4013 iu
2618 3942 2793 4013 alios
2849 3964 3147 4034 sagaces
3202 3953 3270 4013 et
3324 3965 3464 4035 pu-

122 4054 458 4136 gnatores
516 4041 845 4118 audacius
895 4044 1260 4132 insultans,
1314 4047 1381 4116 Φ
1428 4045 1717 4119 eosdem
1767 4044 1927 4118 illac
1982 4047 2048 4116 Φ
2099 4042 2348 4134 isthac,
2401 4053 2474 4116 ut
2515 4046 2826 4134 jumenta
2879 4048 2949 4115 in
3004 4065 3128 4118 ore
3181 4044 3466 4137 gladio-

122 4167 297 4238 ιιι,
356 4144 603 4220 subtus
642 4146 860 4241 pedes
913 4168 1153 4220 eomm
1187 4150 1259 4220 ιιι
1293 4156 1549 4220 terram
1602 4146 1963 4235 calcando,
2018 4150 2085 4219 Φ
2136 4154 2209 4217 ιιι
2261 4167 2472 4220 aucas
2527 4150 2598 4220 ιιι
2648 4150 3007 4241 piscinam,
3060 4168 3188 4242 per
3238 4148 3466 4220 littora

124 4260 401 4346 pontus,
466 4253 916 4345 transpassim
968 4249 1377 4340 trucitando,
1444 4250 1629 4323 illico
1681 4251 1965 4325 volente
2017 4250 2375 4338 altissimo,
2448 4252 2562 4344 qui
2615 4251 2806 4323 solus
2862 4259 3108 4322 cuncta
3161 4272 3464 4344 praeor—

124 4353 339 4476 dia-t,
391 4356 763 4447 resumptis
815 4350 1105 4443 virIbus,
1159 4352 1249 4425 ad
1284 4353 1781 4428 refulciendum
1832 4357 1899 4426 Φ
1953 4350 2541 4426 corroborandum
2594 4357 2890 4426 animum
2945 4363 3251 4427 nostrum
3305 4352 3466 4424 Re-

116 4479 333 4550 gum,
388 4478 553 4529 cum
602 4458 1086 4530 universorum
1135 4456 1570 4547 Primatibus,
1625 4462 1689 4531 Φ
1745 4457 1897 4530 aliis
1950 4455 2268 4549 gentibus
2323 4459 2610 4546 nostris,
2664 4456 2960 4530 alacrius
3017 4459 3086 4527 in
3142 4477 3345 4549 opem
3398 4459 3468 4529 Φ

118 4571 407 4633 nostrae
480 4580 827 4654 personae
877 4563 948 4633 ιιι
999 4557 1453 4635 salubriorem
1522 4561 1927 4649 remedium,
2001 4563 2246 4633 iterum
2297 4563 2367 4633 ιιι
2421 4563 2611 4656 ipsos
2683 4558 3009 4631 Tartaros
3081 4562 3466 4683 asperrime

116 4675 187 4736 ιι
216 4661 487 4736 imbres
536 4663 920 4758 pluviarum
966 4662 1317 4754 irruendo,
1372 4668 1438 4740 Φ
1482 4663 1771 4737 eosdem
1824 4664 2244 4754 translatius,
2300 4673 2374 4737 ut
2424 4662 2675 4736 flumen
2729 4662 3022 4735 exordio
3077 4667 3463 4757 voraginis,

118 4773 307 4842 uuus
342 4766 507 4838 litus
559 4770 624 4837 Φ
676 4766 879 4856 ultra,
948 4789 1166 4861 usque
1231 4765 1511 4841 fluvium
1578 4766 1838 4857 Kerke,
1893 4770 1957 4839 Φ
2010 4766 2097 4840 ad
2150 4767 2461 4839 Brezcza
2511 4768 2959 4861 transpartius
3013 4776 3172 4842 sunt
3222 4778 3463 4842 trans-

120 4868 363 4963 fugati,
416 4873 489 4942 Φ
534 4890 669 4942 nos
715 4868 970 4942 exinde
1007 4869 1094 4942 ad
1127 4868 1578 4943 salubriorem
1631 4873 2105 4966 processimus
2159 4870 2564 4958 remedium,
2615 4879 2780 4943 vota
2835 4879 3073 4945 nostra
3127 4871 3462 4945 altissimo

120 4977 185 5045 'm
226 4983 589 5046 aeternum
663 4971 1058 5067 aspirando,
1130 4971 1247 5046 ubi
1300 4976 1605 5048 annotati
1674 4972 1918 5047 fideles
1991 4978 2207 5048 nostri
2259 4972 2464 5063 Kres,
2535 4972 2832 5068 Kupissa
2888 4979 2954 5048 Φ
3002 4973 3183 5064 Rak,
3235 4994 3463 5044 reve-

118 5073 3262 5275 afflffl’&325⁵&35³2pz2⁵212³21315m253²2m⁰33323ffl5⁰⁶53535332?
3291 5096 3466 5271 pii}

120 5283 299 5356 tedio
348 5283 734 5377 legentium
786 5284 1091 5358 misimus
1163 5283 1463 5374 silentio,
1536 5282 1662 5358 sed
1716 5292 2034 5379 quantum
2105 5287 2310 5358 totius
2385 5281 2816 5362 Christianae
2884 5281 3272 5372 Religionis
3325 5301 3464 5356 uua

118 5387 323 5462 valuit
374 5408 589 5477 zoua,
658 5405 789 5481 pro
853 5384 1093 5508 quibps
1162 5385 1457 5461 necdum
1525 5388 1731 5462 latam
1804 5388 1921 5461 vel
1991 5388 2254 5480 largam
2325 5397 2605 5480 terram,
2678 5387 2806 5462 sed
2861 5384 3136 5558 dlifflum
3199 5383 3466 5477 dicere,
