3950 5917
3309 483 3457 556 261

52 765 53 770 η
165 684 314 754 alias
364 702 595 753 omnes
649 678 1001 779 libertates
1074 702 1201 775 per
1256 701 1384 752 nos
1441 681 1705 756 eisdem
1774 681 2066 756 dominis
2121 683 2410 758 Prolatis
2467 694 2536 757 et
2571 675 2998 776 ‘Baronibus.,
3071 692 3464 784 ceterisque

165 782 483 878 Nobilibus
553 782 750 855 huius
805 782 1034 876 Regni
1085 784 1304 855 nostri
1375 805 1756 858 concessas
1828 781 2134 877 firmiter,
2207 791 2625 864 inconcusse
2680 800 2750 863 et
2799 789 3281 865 inuiolabiliter
3334 814 3462 864 nos

162 885 645 975 obseruaturos,
701 895 770 957 et
824 895 983 957 tam·
1013 907 1141 980 per
1195 885 1503 960 eundem.
1542 883 2079 964 Illustrissimum
2150 887 2359 962 filium
2423 902 2730 966 nostrum
2801 893 3168 967 Dominum
3220 893 3465 967 Lodo-

166 992 361 1060 uicum
406 987 697 1078 Ducem,
775 1010 976 1083 quam
1031 991 1234 1060 etiam
1305 987 1620 1084 dominos
1692 991 2006 1066 Prolatos
2062 1003 2131 1064 et
2183 993 2519 1084 Barones,
2594 1018 2970 1091 omuesque
3042 997 3464 1091 Regnicolas

164 1091 439 1164 similiter
487 1089 793 1179 firmiter,
850 1094 1267 1166 inconcusse
1321 1101 1392 1164 et
1442 1091 1923 1166 inuiolabiliter
1992 1094 2231 1168 facare
2304 1094 2688 1188 obseruari,
2797 1097 3011 1171 Provt
3061 1098 3270 1172 iidem
3313 1095 3466 1172 'do-

166 1197 303 1266 mini
350 1193 598 1267 Prelati
653 1204 722 1266 et
773 1193 1113 1284 Ramnes,
1165 1196 1515 1290 ceterique
1581 1195 1965 1289 Regnicole
2042 1201 2264 1271 nostri
2316 1221 2506 1289 sese,
2580 1223 2665 1272 ac
2719 1200 3095 1275 eorundem
3167 1202 3465 1277 heredes

164 1319 235 1396 ac
279 1318 721 1371 successores
784 1299 1156 1372 vniuersos
1231 1296 1721 1373 obseruaturos
1795 1309 2033 1374 nostre
2105 1299 2483 1376 Maiestatis
2537 1305 2607 1374 in
2664 1314 3039 1398 conspectu
3110 1309 3461 1401 promise-

161 1409 307 1470 runt.
406 1398 865 1472 Promittimus
919 1410 1264 1496 preterea,
1337 1401 1519 1496 quod
1571 1421 1702 1474 nos
1751 1403 2045 1475 eundem
2116 1403 2650 1478 Illustrissimum
2722 1405 2929 1478 filium
2981 1403 3316 1498 nostrum,
3388 1419 3464 1480 vt

164 1504 534 1594 premissum
587 1513 718 1592 est,
772 1525 908 1575 nec
960 1506 1031 1575 in
1083 1505 1248 1592 vita,
1321 1526 1455 1575 nec
1507 1508 1574 1576 in
1631 1516 1851 1577 morte
1904 1515 2142 1579 nostra
2197 1511 2670 1601 prenominato
2722 1509 3019 1582 Domino
3073 1509 3253 1603 Regi
3305 1511 3462 1582 Ro-

52 1611 55 1674 !
164 1626 505 1694 manorum.
583 1606 709 1679 sed
763 1627 997 1702 neque·
1044 1609 1424 1700 cuicunque
1498 1607 1693 1680 alteri
1745 1609 2041 1703 Principi
2090 1607 2356 1684 forensi
2409 1610 2496 1682 ad
2551 1610 2978 1684 educandum
3031 1615 3151 1685 vel
3204 1623 3463 1685 tenen-

52 1707 55 1748 ἓ
162 1705 295 1777 dum
343 1729 463 1780 seu
516 1706 1036 1801 gubernandum
1091 1705 1425 1798 dabimus,
1482 1709 1606 1781 sed
1661 1711 1954 1783 eundem
2011 1711 2190 1807 apud
2243 1735 2482 1784 manus
2540 1713 2966 1786 dominorum
3030 1714 3461 1789 Prolatorum

160 1831 232 1877 ac
276 1808 609 1882 Baronum
665 1821 733 1884 et
784 1810 1156 1883 Procerum
1214 1821 1416 1907 atque
1466 1811 1830 1904 Nobilium,
1892 1823 1963 1886 et
2012 1817 2083 1886 in
2136 1814 2273 1886 hoc
2323 1814 2572 1909 Regno
2624 1816 2977 1908 Hungarie
3053 1817 3463 1890 dimittemus

52 1949 55 2000 5
160 1921 219 1980 et
262 1912 693 2007 reliquemus.‚
774 1924 845 1985 et
898 1913 985 1985 de
1038 1912 1286 1986 eodem
1354 1915 1538 1987 nullo
1585 1926 1785 2011 pacto
1860 1915 2164 1989 educere
2235 1926 2349 1989 aut
2401 1919 2601 1991 educi
2671 1916 2909 1992 facere
2962 1919 3281 1995 volumus
3337 1921 3464 1996 s‘eu

52 2071 55 2096 ,
161 2013 664 2105 procurabimus.
770 2016 1282 2090 Assecuramus
1362 2020 1643 2113 insuper
1720 2017 2008 2092 eosdem
2090 2018 2404 2093 dominos
2482 2020 2795 2094 Prolatos
2869 2033 2938 2094 et
2990 2023 3303 2097 Barones
3376 2046 3461 2095 ac

52 2105 53 2120 ¹
158 2125 403 2191 ceteros
474 2117 899 2212 Regnicolas
970 2129 1285 2209 nostros,
1356 2130 1433 2192 vt
1487 2119 1645 2192 dum
1714 2121 2023 2215 prefatus
2094 2122 2597 2197 Illustrissimus
2666 2124 3000 2198 Dominus
3071 2126 3232 2197 Dux
3283 2124 3461 2198 filius

160 2228 369 2292 noster
418 2221 504 2293 ad
561 2221 858 2293 adultam
914 2231 984 2294 et
1035 2232 1366 2294 maturam
1416 2233 1664 2295 etatem
1711 2226 2129 2319 peruenerit,
2181 2225 2359 2297 idem
2412 2230 2748 2321 premissa
2792 2227 3090 2300 Decreta
3140 2238 3209 2301 et
3241 2227 3464 2300 liber-

158 2328 315 2394 tates
362 2334 924 2396 conseruaturum
980 2327 1286 2398 similiter
1337 2329 1406 2397 in
1453 2326 1670 2399 verbo
1718 2348 1845 2399 suo
1901 2327 2127 2421 Regio
2183 2331 2579 2422 promittere
2634 2340 2965 2402 teneatur.
3074 2329 3225 2402 Nec
3269 2335 3461 2403 inte-

159 2425 264 2493 rim
311 2423 525 2517 Regia
587 2430 953 2500 auctoritas
1011 2426 1139 2500 sibi
1193 2449 1571 2500 concessa.
1617 2432 1892 2520 existat,
1976 2429 2203 2502 donec
2273 2435 2607 2524 premissa
2664 2435 2891 2503 omnia
2947 2455 3025 2506 se
3081 2432 3462 2507 obseruare

158 2526 317 2598 velle
382 2531 747 2622 promittat.
870 2528 984 2601 Ad
1057 2552 1189 2624 que
1262 2528 1693 2603 obseruanda
1773 2531 2069 2603 eundem
2139 2533 2504 2605 Dominum
2575 2535 2958 2628 Principem
3038 2535 3462 2609 Lodouicum

158 2625 337 2701 filium
380 2642 718 2723 nostrum,
772 2654 1360 2727 successoresque
1415 2644 1486 2705 et
1537 2633 1835 2708 heredes
1889 2645 2168 2708 nostros
2224 2658 2465 2708 omnes
2523 2636 2861 2729 obligatos
2903 2661 3067 2711 esse
3119 2639 3460 2711 volumus.

160 2728 223 2801 ln
272 2753 547 2826 quorum
607 2738 902 2806 omnium
960 2734 1161 2807 fidem
1219 2745 1289 2807 et
1340 2740 1800 2832 testimonium
1869 2749 2232 2831 presentes
2304 2738 2565 2813 litteras
2635 2750 2909 2812 nostras
2979 2741 3299 2836 pendenti
3354 2745 3462 2815 si-

161 2833 302 2925 gillo
375 2847 619 2910 nostro
702 2841 1154 2910 communitas
1233 2837 1494 2910 eisdem
1575 2843 1920 2913 vniuersis
1999 2840 2310 2913 Dominis
2378 2851 2447 2912 et
2516 2841 2916 2935 Regnicolis
2991 2847 3246 2918 nostris
3320 2844 3459 2915 du-

158 2937 355 3011 ximus
432 2938 945 3015 concedendas.
1051 2940 1299 3013 Datum
1379 2940 1572 3013 Bude
1652 2942 2155 3036 quintodecimo
2229 2944 2339 3015 die
2410 2943 2612 3016 Diete
2676 2968 2802 3018 seu
2857 2947 3205 3038 generalis
3263 2944 3459 3019 Con-

159 3045 575 3134 gregacionis
655 3035 1035 3138 prenotate.
1134 3043 1339 3117 Anno
1411 3044 1686 3117 Domini
1755 3043 2120 3120 Millesimo
2194 3048 2742 3140 quingentesimo
2814 3041 3093 3136 octauo,
3164 3042 3463 3144 Regno-

161 3161 283 3213 rum
348 3156 742 3219 nostrorum
824 3146 1174 3241 Hungarie
1250 3151 1375 3218 dcc.
1475 3148 1682 3220 Anno
1759 3146 2028 3220 decimo
2110 3159 2387 3238 octauo,
2459 3148 2790 3222 Bohemie
2861 3173 3035 3224 vero
3113 3155 3463 3225 tricesimo

157 3255 400 3319 octauo.
505 3248 1137 3322 Reuerendissimis
1210 3272 1293 3320 ac
1356 3249 1879 3322 Venerabilibus
1950 3254 2020 3322 in
2093 3249 2363 3324 Christo
2431 3251 2742 3325 Patribus
2812 3252 3124 3325 Dominis
3199 3255 3463 3326 Thoma

158 3348 300 3420 tituli
350 3349 590 3424 Sancti
649 3352 921 3424 Martini
972 3356 1040 3423 in
1093 3351 1433 3425 Montibus
1505 3352 1969 3426 Sacrosancte
2022 3352 2336 3426 Romane
2397 3354 2718 3429 Ecclesie
2788 3354 3202 3451 Presbytero
3276 3352 3461 3427 Car-

156 3447 353 3525 diaale
439 3454 906 3548 strigoniensi
987 3477 1070 3526 ac
1149 3455 1542 3528 Patriarcha
1620 3455 2416 3552 Constantinopolitano,
2508 3479 2910 3552 summoque
2990 3458 3146 3530 aule
3225 3469 3461 3532 nostre

52 3585 55 3648 f
160 3550 562 3648 cancellario
635 3561 791 3647 dcc..
863 3557 1231 3653 Hypolitho
1270 3560 1578 3634 ,Estensi
1653 3557 1738 3630 de
1794 3559 2185 3652 Arragonia
2259 3559 2425 3630 tituli
2498 3560 2572 3632 S.
2624 3559 2835 3632 Lucio
2905 3565 2972 3632 in
3045 3560 3211 3633 Silia
3283 3560 3463 3631 Dia-

156 3657 312 3728 ‘cono
363 3662 720 3755 Agriensi‚
790 3661 995 3740 Petro
1068 3663 1257 3733 titulo
1330 3661 1403 3734 S.
1459 3660 1707 3734 Ciriaci
1760 3664 1829 3734 in
1883 3662 2164 3738 thermis
2217 3660 2635 3756 Presbytero
2690 3662 3187 3756 Vesprimiensi
3243 3662 3460 3733 Sacre

157 3754 436 3837 Romane
488 3764 813 3839 Ecclesie
867 3763 1364 3854 CardinalihuS„
1424 3763 1764 3860 Gregorio
1821 3765 1907 3838 de
1960 3764 2525 3861 Frangepanibus
2581 3762 2989 3837 Colocensis
3057 3776 3128 3837 et
3199 3764 3462 3837 Bachi-·

153 3865 320 3962 ‘ensis
384 3867 857 3940 Ecclesiarum
930 3866 1278 3939 Canonice
1350 3871 1689 3940 vnitarum
1761 3861 2353 3965 Archiepiscopo.‚
2426 3867 2613 3940 Luca
2682 3866 3158 3962 Zagrabiensi,
3231 3868 3463 3940 Fran-

154 3967 322 4040 cisco
393 3970 481 4044 de
533 3970 760 4044 Peren
833 3971 1057 4044 electo
1112 3970 1720 4054 Transiluaniensi,
1777 3971 2217 4063 Sigismundo
2272 3972 2543 4044 Thurzo
2595 3971 3072 4061 Waradiensi.,
3154 3970 3460 4065 Georgio

156 4066 884 4166 Quinqueecclesiensi.
967 4074 1361 4147 Secretario
1419 4071 1848 4146 cancellario
1904 4083 2170 4162 nostro.
2225 4073 2603 4148 Francisco
2658 4074 3075 4160 Jaurinensi„
3147 4073 3463 4146 Johanne

158 4171 361 4247 electo
413 4177 771 4267 Vaciensi‚
850 4176 1141 4249 Nicolao
1215 4177 1301 4249 de
1353 4172 1584 4248 Chaak
1655 4171 2140 4265 Chanadiensi‚
2224 4174 2575 4273 Stephano
2645 4176 2997 4266 Nitriensi,
3066 4176 3464 4250 Personalis

155 4268 505 4353 Presencie
561 4290 796 4353 nostre
851 4279 1411 4366 Locumtenente.
1468 4278 1737 4351 Joanne
1791 4277 2108 4372 Orszagh
2163 4278 2247 4352 de
2306 4279 2510 4352 thh
2572 4279 2798 4353 electo
2854 4280 3263 4376 syrmiensi,
3316 4279 3462 4353 Mi-

158 4375 376 4451 cbaele
457 4384 683 4457 electo
757 4392 827 4453 et
880 4382 1281 4456 confirmato
1360 4382 1728 4473 Bosnensi‚
1810 4382 2066 4454 Brictio
2148 4383 2375 4455 electo
2430 4392 2499 4454 et
2553 4382 2956 4455 confirmato
3013 4384 3464 4472 Tinniniensi.,

52 4531 55 4570 ,
157 4474 566 4570 ferdinando
617 4486 705 4558 de
739 4484 1299 4582 Frangepanibus
1354 4487 1578 4557 electo
1635 4496 1705 4556 et
1758 4485 2162 4559 confirmato
2202 4484 2688 4574 Modrusiensi‚
2742 4484 3006 4559 Jacobo
3047 4485 3461 4579 Segniensis

154 4576 599 4659 Ecclesiamm
669 4589 1030 4683 Episcopis
1096 4589 1453 4661 Ecclesias
1506 4588 1637 4661 Dei
1710 4586 2005 4661 feliciter
2074 4587 2629 4683 gubernantibus.
2735 4589 2904 4662 Item
2961 4587 3463 4683 Spectabilibus

156 4692 217 4753 et
261 4684 637 4782 Magnificis
707 4690 1027 4764 Emerico
1087 4691 1171 4763 de
1226 4692 1448 4764 Peren
1520 4702 1849 4786 perpetuo
1903 4689 2171 4765 Comite
2225 4691 2755 4783 Abaujuariensi
2829 4715 2914 4763 ac
2963 4691 3188 4785 Regni
3243 4695 3463 4764 nostri

155 4781 480 4881 Hungarie
534 4793 840 4866 Palatino
914 4818 998 4865 ac
1066 4793 1309 4867 Judice
1360 4793 1818 4867 Cumanorum
1886 4806 2301 4883 nostrorum,
2373 4795 2688 4868 Johanne
2762 4794 2847 4867 de
2904 4794 3211 4891 Zapolya
3289 4817 3462 4890 per-

52 4951 53 4964 ,
157 4899 341 4980 petuo
392 4893 655 4969 Comite
711 4908 893 4969 terre
950 4898 1458 4993 Scepusiensis.
1540 4897 1747 4969 Petro
1803 4892 2070 4969 Comite
2125 4898 2211 4970 de
2265 4897 2510 4993 Bozyn
2564 4908 2634 4969 et
2687 4896 2773 4969 de
2830 4895 2904 4970 S.
2965 4896 3271 4990 Georgio
3324 4895 3462 4968 Ju-

52 5011 53 5018 ’
163 4987 296 5065 dice
346 4993 549 5070 Curio
603 5011 673 5072 et
723 4999 1069 5091 Wajuoda
1142 5010 1380 5072 nostro
1449 4999 2059 5095 Transyluaniensi
2132 5010 2200 5072 et
2253 4999 2519 5073 Comite
2578 4999 2968 5073 Siculorum
3041 5008 3463 5090 nostrorum,

158 5086 514 5172 Laurencio
592 5102 788 5178 Duce
870 5102 957 5174 de
1025 5101 1311 5199 Wylak.,
1389 5100 1703 5174 Johanne
1782 5101 2096 5175 Beriszlo
2175 5101 2404 5195 Regni
2482 5105 2700 5176 nostri
2776 5101 3033 5175 Rascie
3113 5102 3459 5198 Despoto,

164 5191 443 5293 Georgio
522 5200 610 5278 de
679 5201 935 5280 Kanisa
1009 5216 1077 5278 et
1144 5205 1457 5278 Johanne
1536 5203 1834 5278 Ernusth
1905 5204 1994 5277 de
2067 5201 2507 5300 Chaktornya
2587 5204 2987 5299 Regnorum
3068 5215 3462 5279 nostrorum

52 5355 53 5360 ,
164 5293 458 5394 Groacie‚
524 5308 879 5382 Dalmacie
934 5320 1003 5382 et
1056 5307 1424 5381 Sclauonie
1480 5305 1710 5390 Banis.
1781 5306 1950 5380 Josa
2009 5307 2096 5379 de
2151 5306 2317 5379 Som
2374 5305 2640 5380 Comite
2695 5307 3129 5381 Temesiensi
3183 5316 3253 5380 et
3309 5305 3466 5380 Ge-

160 5403 359 5479 hcrali
392 5407 760 5506 Capitaneo
815 5417 1113 5509 parcium
1168 5411 1393 5506 Regni
1431 5414 1647 5483 nostri
1701 5407 2126 5501 inferiorum,
2180 5410 2412 5484 Blasio
2451 5410 2538 5483 de
2575 5407 2809 5485 Raska
2845 5411 3464 5504 Thauernicorum5
