3950 5917
566 623 708 696 qu
759 597 1183 673 visitationis
1236 593 1793 674 Commissarinm
1862 605 2171 672 nostrum
2204 596 2313 670 'ad
2363 603 2502 671 nec
2560 595 3045 693 incorporatos
3095 585 3350 695 Syrnij
3406 609 3482 673 et,
3522 599 3834 676 infnrisrb

570 703 991 776 Sclavoniae
1043 699 1418 775 comitatus
1468 700 1606 774 line
1658 723 1791 775 eo:
1870 710 1943 775 ut
1991 699 2316 774 videlicet
2367 723 2462 774 ex
2512 703 2795 795 praevie
2855 699 2998 794 iam
3052 707 3350 797 peractis
3419 705 3832 781 'antelatam

566 809 772 880 trium
812 802 1259 880 Comitatuum
1300 802 1925 901 Conscriptionibus
1978 825 2231 879 novam
2282 814 2356 877 et
2402 814 2663 878 rectam
2712 802 3226 902 Proportionem
3281 817 3353 879 et
3397 830 3684 881 onerum
3719 832 3836 905 pa-

568 908 902 984 blicorum
952 909 1486 1006 nepai-titionem
1540 907 1870 997 elaboret,
1949 908 2038 982 de
2088 906 2446 981 formanda
2500 911 2705 984 etiam
2772 911 2841 982 iu
2894 911 3181 1002 siugulis
3233 908 3680 985 Comitatibns·
3719 912 3833 985 do-

568 1018 858 1089 -nstlca
928 1015 1033 1104 (si
1102 1012 1399 1087 nondum
1465 1010 1719 1086 factum
1790 1016 2017 1097 esset)
2088 1034 2318 1086 curam
2371 1010 2643 1102 habeat,
2721 1033 2810 1085 an
2886 1015 3049 1086 item
3099 1013 3354 1088 Lineae
3407 1014 3832 1091 Confiniarias

566 1121 643 1191 in
694 1118 897 1192 damu
950 1137 1075 1191 suo
1126 1138 1253 1213 per
1304 1112 1871 1191 Commissionem
1920 1116 2496 1211 Incorporatiouis
2548 1114 2738 1189 facto
2789 1119 2919 1189 rite
2971 1116 3366 1209 subsistant,
3431 1119 3838 1194 informatio·

565 1243 703 1296 nes
772 1225 1021 1320 capiat,
1100 1242 1258 1294 num
1332 1220 1599 1294 demum
1670 1229 1738 1293 et
1800 1220 2089 1316 qualiter
2140 1216 2586 1293 comitatuum
2636 1218 3075 1314 Magistratus
3142 1219 3635 1296 Instructioues
3701 1245 3840 1300 suas

564 1325 1126 1415 observaverint,
1171 1327 1514 1420 perquirat
1565 1333 1636 1397 et
1686 1326 2080 1416 investiget,
2162 1346 2247 1395 ac
2297 1345 2506 1419 super
2556 1321 2868 1397 omnihus
2919 1333 2991 1396 et
3042 1326 3326 1419 singulis
3378 1326 3594 1401 Nobis
3648 1326 3842 1400 Rela-

571 1434 827 1502 tionem
882 1428 1114 1517 saciat,
1169 1426 1465 1521 benigue
1522 1430 2064 1514 exmisissemus,
2119 1426 2435 1521 idemque
2485 1424 2735 1499 Comes
2790 1426 3035 1501 abinde
3084 1429 3330 1517 redux,
3383 1429 3599 1503 Nobis
3652 1453 3845 1527 prae-

572 1537 773 1606 terito
824 1531 1066 1606 Mense
1108 1529 1423 1606 Octobris
1476 1531 1907 1604 humillimam
1940 1531 2366 1604 Relationem
2414 1553 2604 1603 suam
2660 1529 3108 1621 exhibuisset,
3162 1532 3454 1628 desuper
3503 1537 3574 1607 in
3629 1534 3844 1607 ordina

573 1636 660 1709 ad
710 1637 993 1710 Politica
1046 1645 1117 1709 et
1166 1635 1492 1725 Juridica,
1562 1631 1982 1729 cassamque
2035 1631 2494 1708 Domesticam
2551 1638 3032 1709 concernentia
3087 1641 3441 1731 sequeutia
3495 1639 3848 1712 clementer

572 1742 1014 1815 resolvimus.

886 1894 980 1966 Ut
1031 1916 1153 1990 pro
1209 1892 1677 1968 sublevamine
1731 1890 2163 1965 Subditorum
2237 1916 2359 1966 seu
2439 1890 3012 1965 Contribueutium
3083 1894 3347 1965 illorum
3420 1892 3847 1967 comitatuum

569 2002 837 2073 ratione
912 1996 1173 2071 Cassae
1242 1998 1708 2087 Domesticae,
1779 1998 1975 2088 juxta
2046 1996 2241 2069 hicce
2313 2019 2652 2070 annexum
2734 1996 3029 2070 Schema
3082 1996 3375 2069 Annuae
3444 1999 3712 2072 insimul
3769 1997 3848 2072 ad

570 2105 811 2197 viginti
883 2112 1146 2198 septem
1200 2100 1386 2174 Mille
1441 2101 1890 2174 eventualiter
1943 2110 2392 2195 computatae,
2449 2099 2736 2174 Camera
2790 2110 3022 2174 nostra
3076 2099 3296 2193 Regia
3349 2124 3444 2175 ex
3496 2099 3848 2176 Contribu-

568 2210 756 2280 tione
826 2229 864 2277 a
920 2204 1122 2279 Locis
1197 2208 1268 2277 in
1340 2202 1673 2276 Comitatu
1727 2203 2089 2275 Bachiensi
2160 2208 2432 2277 noviter
2498 2207 2948 2301 incorporatis
3018 2204 3312 2277 levanda
3386 2210 3692 2299 assignet
3740 2227 3851 2301 per

568 2310 746 2388 duos
797 2310 1041 2384 Annos
1095 2333 1135 2381 a
1192 2308 1260 2380 1.
1311 2309 1613 2379 Januarii
1667 2310 1823 2379 anni
1877 2310 2208 2380 currentis
2258 2306 2772 2404 computandos,
2844 2311 3182 2380 annuatim
3240 2308 3336 2381 12
3393 2307 3599 2381 Millia
3645 2308 3852 2381 flore-

569 2437 811 2489 norum
865 2417 1040 2486 inter
1092 2412 1308 2486 dictos
1363 2421 1504 2484 tres
1558 2408 1957 2502 Comitatus,
2027 2432 2151 2506 per
2200 2415 2389 2507 ipsos
2440 2416 2618 2484 iuter
2670 2434 2751 2486 se
2804 2412 2938 2503 (uti
2990 2415 3157 2508 ipsis
3200 2414 3345 2504 jam
3397 2411 3689 2507 benigne
3739 2415 3852 2484 in-

573 2521 998 2609 timavimus)
1072 2539 1158 2590 eo
1214 2515 1347 2588 fine
1400 2514 1725 2588 Eszekini
1799 2536 2284 2601 concursurOS,
2354 2538 2492 2588 non
2546 2516 2944 2611 aequaliter,
3024 2515 3149 2588 sed
3196 2519 3391 2608 juxta
3445 2518 3853 2609 exigentiam

570 2625 1008 2697 necessitatis
1062 2618 1421 2712 cujuslibet
1474 2617 1843 2690 Comitatus
1897 2618 2392 2714 repartiendos,
2446 2618 2579 2691 hoc
2632 2622 2835 2692 etiam
2887 2617 3311 2713 superadito:
3365 2631 3437 2692 ut
3471 2620 3853 2693 arbitrariae

570 2737 643 2799 et
693 2724 1173 2822 dispendiosae
1225 2721 1709 2815 ErogationeS,
1772 2724 2019 2793 virtute
2075 2725 2276 2794 etiam
2331 2721 2618 2795 Articuli
2674 2721 2795 2795 63.
2871 2720 3070 2795 1723
3123 2727 3403 2812 vetitae,
3468 2746 3855 2817 praecave-

570 2839 771 2902 antur
821 2837 888 2901 et
939 2825 1492 2921 conscriptiones
1545 2823 2041 2897 Beneficiorum
2096 2847 2220 2921 pro
2278 2824 2493 2898 Cassa
2547 2826 2923 2899 domestica
2978 2830 3045 2898 iu
3101 2827 3383 2920 singulis
3422 2824 3852 2899 Comitatibus

570 2932 1021 3006 taxandorum
1076 2933 1176 3022 (si
1227 2929 1520 3000 nondum
1576 2940 1896 3024 peractae
1957 2931 2231 3021 esseut)
2277 2941 2715 3025 peragantur,
2767 2940 2838 3002 et
2889 2940 3471 3026 quantumcunque
3523 2929 3678 3006 fieri
3729 2952 3860 3027 po·

569 3044 733 3124 test,
784 3038 1185 3129 aggravatio
1219 3032 1791 3106 contribuentium
1845 3036 2161 3123 evitetur,
2216 3044 2287 3105 et
2339 3056 2547 3129 super
2600 3033 2909 3106 omuibus
2964 3045 3034 3106 et
3086 3035 3368 3127 singulis
3412 3036 3758 3131 perceptis
3796 3042 3861 3106 et

574 3143 878 3231 erogatis
935 3141 1067 3230 (uti
1121 3138 1315 3210 dictis
1371 3135 1809 3210 comitatibus
1863 3135 2133 3210 aliunde
2197 3139 2340 3230 jam
2390 3139 2465 3211 vi
2524 3136 2989 3211 instructionis
3056 3141 3357 3234 ipsorum
3428 3141 3862 3211 commissum

572 3245 721 3335 est)
774 3243 1103 3315 Rationes
1157 3241 1321 3314 dare
1375 3249 1749 3313 teneantur.
2519 3246 2525 3252 '

880 3398 1247 3470 Praeterea
1327 3398 1551 3468 retulit
1618 3394 1832 3468 Nobis
1914 3395 2096 3468 idem
2169 3394 2446 3483 Comes,
2524 3395 2705 3491 quod
2782 3400 2851 3469 in
2919 3396 3235 3469 Dominio
3287 3396 3457 3469 Illok
3491 3396 3864 3469 .Fiscalem

569 3499 1088 3574 Procuratorem
1124 3500 1596 3574 Acatholicum
1653 3498 2091 3572 fundamento
2125 3499 2414 3572 Articuli
2450 3498 2571 3571 46.
2625 3504 3046 3574 novissimae
3087 3500 3374 3573 Diaetae
3422 3523 3514 3572 ex
3565 3502 3864 3573 Servitio

572 3605 810 3677 dimitti
853 3608 1162 3697 jusserit,
1209 3606 1522 3677 Dominia
1575 3606 1644 3674 in
1698 3601 2032 3675 Comitatu
2084 3601 2447 3696 Posegano
2503 3613 2738 3676 contra
2793 3603 3097 3677 subditos
3151 3604 3561 3677 excedentia
3600 3604 3692 3677 ad
3736 3603 3864 3677 oh-

573 3713 1037 3783 servationem
1090 3708 1562 3802 Regulamenti
1633 3704 1718 3778 de
1770 3706 1976 3778 Anno
2052 3702 2253 3778 1737
2325 3728 2411 3779 eo
2482 3710 2552 3779 iu
2604 3730 2808 3804 passu
2865 3712 3158 3781 emanati
3211 3718 3278 3780 et
3338 3708 3588 3782 ibidem
3646 3708 3867 3805 puhli-

571 3817 706 3884 cati
756 3811 1108 3885 reflexerit
1158 3822 1230 3884 et
1277 3821 1348 3883 ut
1397 3812 1562 3882 Jura
1617 3833 1739 3883 sua
1795 3809 2173 3882 Dominalia
2231 3810 2384 3901 (ubi
2436 3815 2818 3885 necessitas
2871 3810 3113 3904 fuerit)
3176 3834 3302 3907 per
3353 3812 3562 3884 sedes
3621 3813 3867 3886 Domi·

570 3916 768 3988 nales
818 3916 1137 4010 regulare
1189 3914 1524 4002 studeant,
1577 3935 1693 3985 res
1745 3935 1918 3986 vero
1973 3913 2099 3987 sub
2154 3911 2652 3988 commissione
2703 3920 3261 4011 neo-acquistica
3305 3915 3645 4008 judicata,
3701 3937 3867 4011 quae

496 4049 503 4056 ·
567 4040 694 4114 per
746 4017 1147 4092 comitatum
1203 4029 1439 4090 contra
1492 4020 1857 4112 positivum
1906 4017 2374 4091 Instructionis
2430 4041 2597 4092 suae
2650 4029 2969 4114 punctum
3019 4021 3300 4092 alterata
3354 4017 3610 4110 fuerat,
3666 4020 3868 4116 priori

567 4125 797 4216 vigori
874 4125 1208 4211 restituat,
1284 4121 1724 4208 ordinaverit,
1806 4124 1876 4192 in
1939 4120 2250 4194 omnibus
2322 4130 2541 4195 autem
2621 4121 2832 4194 tribus
2888 4122 3328 4196 Comitatihus
3404 4123 3755 4195 Justitiam
3805 4127 3866 4194 in

568 4223 1045 4299 criminalibus
1126 4225 1350 4298 debite
1420 4224 1945 4297 administratam
2019 4223 2261 4315 fuisse,
2329 4228 2398 4299 in
2452 4225 2785 4299 comitatu
2838 4248 3010 4301 vero
3066 4226 3513 4316 Veroczeusi,
3593 4238 3871 4324 propia·

567 4341 799 4402 cotum
852 4329 1340 4402 accumulatum
1396 4327 1910 4401 Malefactorum
1963 4291 2330 4402 Numerum
2402 4352 2554 4403 eam
2625 4352 2704 4403 se
2758 4329 3268 4427 dispositionem
3339 4331 3606 4403 fecisse
3661 4331 3868 4404 refert

566 4433 746 4506 idem
786 4431 1066 4524 ComeS,
1119 4444 1189 4505 ut
1238 4433 1504 4506 illorum
1558 4430 2128 4526 Deliuqueutium,
2183 4455 2464 4528 quorum
2516 4441 2748 4507 reatus
2803 4456 2898 4507 ex
2930 4434 3475 4530 inquisitionibus
3528 4436 3868 4508 leviorem

566 4535 857 4611 civilem
920 4545 991 4610 et
1039 4535 1458 4610 arbitrariam
1527 4557 1819 4633 poenam
1887 4546 2045 4631 post
2113 4558 2193 4610 se
2271 4537 2543 4610 trahere
2594 4537 2968 4629 videretur,
3041 4537 3300 4611 Causas
3352 4539 3867 4627 Vico-Comes,

568 4664 693 4738 per
745 4639 1147 4714 comitatum
1221 4639 1701 4731 authorisatus,
1783 4661 1937 4712 cum
1990 4638 2119 4714 sihi
2171 4639 2503 4733 adjunctis
2574 4641 2822 4715 eodem
2871 4641 3060 4715 Loco
3111 4642 3574 4716 residentibus
3630 4644 3867 4720 Judico

568 4755 641 4818 et
690 4744 1156 4818 Vice-Judice
1209 4742 1544 4817 Nobilium
1610 4746 1976 4817 summarie
2029 4744 2250 4817 solum
2302 4743 2611 4840 revideat
2664 4755 2736 4819 et
2802 4748 2871 4818 in
2926 4750 3237 4841 proxima
3290 4745 3534 4820 Sedria
3611 4751 3864 4844 scripto

566 4847 849 4939 reserat,
905 4858 1223 4922 cessante
1275 4857 1502 4920 autem
1551 4850 1926 4944 praemissa
1982 4850 2271 4937 ratione,
2337 4848 2513 4921 haec
2565 4870 2835 4946 quoque
2889 4849 3241 4945 dispositio
3305 4854 3546 4923 iterum
3607 4860 3861 4939 cesset,

565 4955 635 5025 in
690 4950 932 5026 Causis
986 4962 1212 5025 autem
1266 4950 1590 5025 civilibus
1645 4960 1867 5024 semet
1916 4953 1984 5023 in
2040 4949 2373 5025 Comitatu
2423 4952 2818 5045 Posegano,
2888 4957 3092 5048 inque
3143 4953 3459 5027 Dominio
3508 4953 3863 5029 Illokieusi

562 5055 794 5130 itidem
833 5056 1280 5151 disposuisse,
1335 5064 1407 5127 ut
1441 5053 1790 5129 officiales
1827 5054 2227 5129 Dominales
2265 5075 2386 5151 pro
2423 5055 2814 5129 revidendis
2859 5057 3369 5131 notabilioribus
3422 5056 3860 5134 Subditormn

565 5157 837 5248 Causis,
915 5159 1028 5233 ubi
1080 5160 1308 5255 plures
1361 5168 1790 5245 concurrunt,
1862 5158 1949 5232 de
2002 5169 2308 5254 tempore
2359 5164 2430 5233 iu
2481 5170 2744 5257 tempus
2799 5158 3471 5236 Sedes.Dominales
3539 5164 3862 5257 legaliter

566 5266 927 5337 instructas
981 5262 1353 5353 celebrent,
1401 5259 1957 5335 vice-Comitem
2012 5272 2236 5336 autem
2275 5273 2345 5335 et
2377 5261 2655 5337 ,ludices
2692 5262 3026 5337 Nobilium
3080 5269 3467 5362 promiscue
3517 5265 3857 5344 hactenus

568 5362 835 5436 Causas
905 5363 1325 5455 Judicantes,
1397 5365 1484 5439 ad
1533 5370 2024 5463 praescriptum
2087 5365 2375 5440 Articuli
2424 5364 2548 5441 35.
2606 5366 2806 5442 1729
2860 5370 3317 5464 regulavisse,
3386 5369 3511 5446 sed
3588 5381 3662 5446 et
3699 5370 3863 5444 Do—
