3950 5917
518 655 709 732 denti
761 657 1256 731 comanitarum
1307 658 1559 752 vigore
1612 667 1685 732 et
1732 658 2127 733 testimonio
2179 654 2609 733 Litterarum.
2674 657 2924 732 Datum
2961 658 3046 733 in
3095 655 3288 732 Arce
3336 665 3576 733 nostra
3623 653 3820 753 Regia

515 758 930 836 Posoniensi
983 759 1097 835 die
1167 759 1436 835 decima
1491 764 1780 858 septima
1850 760 2115 836 Mensis
2164 761 2352 834 Junii
2403 759 2610 835 Anno
2657 760 2958 836 ‘Domini
3022 759 3390 837 Millesimo
3463 770 3821 836 sexcente-

519 864 698 938 simo
751 861 1282 961 quadragesimo
1336 868 1652 962 septimo.
1740 863 2145 960 Regnorum
2196 873 2590 939 nostrorum
2641 863 2939 939 Romani
2989 863 3386 959 undecimo,
3453 862 3821 960 Huugariae

517 975 590 1042 et
637 966 1053 1065 reliquorum
1104 968 1452 1064 vigesimo
1507 965 1845 1060 secundo,
1898 966 2279 1048 Romi-o
2332 989 2509 1068 uero
2560 966 2771 1042 Anno
2824 969 3198 1063 vigesimo.

827 1170 1397 1249 Ferdinandus
1451 1195 1540 1248 m.
1592 1194 1659 1270 p.

2293 1349 2639 1448 Georgius
2696 1350 3174 1449 Szelepcseny
3225 1374 3314 1427 m.
3368 1375 3436 1450 p.

2466 1477 2679 1532 Electus
2712 1476 3005 1548 Episcopus
3029 1476 3300 1545 Nitriensis

2404 1676 2750 1774 Georgius
2803 1678 3039 1776 Oresy
3088 1701 3181 1753 m.
3231 1701 3300 1777 p.

633 1907 873 1988 (Locus
913 1909 1125 1991 Staius·
1168 1909 1373 1991 Regii,
1420 1911 1491 1973 in
1534 1926 1705 1973 zona
1748 1908 1997 1972 sericea
2040 1908 2280 1973 coloris
2323 1907 2477 1986 albi,
2523 1909 2779 1987 cerulei,
2820 1904 3000 1988 flavi,
3043 1916 3105 1972 et
3139 1907 3325 1972 rubri
3363 1906 3752 1991 pendentis.)

525 2121 670 2193 orig.
702 2122 757 2178 in
790 2122 1020 2179 Archivo
1054 2122 1227 2195 Regni
1261 2120 1520 2179 Oroatiae.
1575 2123 1711 2177 Priv.
1746 2120 1809 2176 N.
1849 2122 1968 2177 139.

1874 2371 2503 2390 m

1945 2673 2440 2766 cevm-

1392 2966 1604 3038 Armo
1666 2961 1905 3038 1670.
1987 2964 2103 3037 die
2157 2962 2231 3036 6.
2284 2963 2607 3064 Auqmle'.
2676 2962 3004 3038 Viennae.

536 3227 1109 3334 Leopoldus
1172 3226 1378 3308 Rex
1459 3252 1563 3308 se
1626 3227 1987 3308 Banum
2048 3225 2333 3307 brevi
2413 3230 3133 3307 nominatarum
3198 3226 3647 3330 aliisque
3703 3243 3852 3328 po-

839 3366 1247 3446 stulatis
1313 3365 1466 3450 SS.
1550 3378 1645 3447 et
1706 3364 1874 3448 00.
1954 3364 2493 3450 remedium
2555 3366 2965 3446 laturum
3043 3364 3571 3472 promittit.

693 3638 1087 3738 Leopoldus
1137 3639 1272 3715 Dei
1322 3640 1543 3735 gratia
1596 3639 1861 3713 electus
1924 3637 2392 3710 Romanorum
2443 3635 2823 3733 Imperator
2889 3657 3171 3733 semper
3220 3636 3588 3732 Augustus
3639 3658 3725 3708 ao

1353 3741 1768 3817 Germaniae
1817 3740 2214 3835 Hungariae
2267 3740 2646 3815 Bobemiae
2698 3749 2832 3812 ete.
2884 3739 3064 3816 Rex.

860 3947 1307 4040 Reverende,
1360 3945 1847 4036 Honorabiles,
1919 3943 2353 4044 spectabiles
2402 3944 2779 4041 magnifici,
2846 3946 3132 4039 Egregii
3186 3955 3257 4018 et
3306 3944 3634 4038 Nobiles,
3700 3944 3858 4019 Pru-

546 4054 796 4128 dentes
848 4054 1015 4128 item
1067 4075 1154 4126 ao
1207 4049 1726 4148 circumspecti,
1781 4050 2024 4129 fideles
2080 4049 2299 4125 Nobis
2351 4049 2602 4125 dilecti.
2699 4049 2872 4124 Tam
2918 4053 3033 4138 iis,
3086 4072 3264 4144 quae
3314 4072 3442 4146 per
3493 4050 3864 4146 Ablegatos

550 4157 877 4251 Vestros,
929 4155 1174 4231 fideles
1226 4165 1463 4252 utpote
1515 4166 1824 4243 nostros,
1874 4154 2226 4249 Egregios
2260 4153 2683 4228 Ludovicum
2717 4153 3016 4248 Vagich,
3063 4152 3561 4247 Zagrabiensis
3620 4163 3696 4228 et
3724 4148 3864 4227 Gri-

552 4264 836 4356 siensis,
886 4283 1024 4335 nec
1073 4282 1217 4335 non
1268 4260 1712 4334 Franciscum
1763 4257 2097 4355 Ladanyi,
2151 4257 2641 4334 Varasdiensis
2698 4254 3150 4332 Comitatuum
3202 4257 3488 4333 Juratos
3529 4257 3862 4342 Notarius,

551 4387 775 4462 penes
851 4363 1117 4438 Literas
1189 4361 1756 4439 Credentionales
1825 4372 2182 4452 oretenus,
2262 4385 2466 4457 quam
2532 4364 2742 4436 etiam
2810 4384 2937 4459 per
3006 4370 3236 4436 certas
3305 4361 3480 4436 alias
3555 4359 3866 4458 quasdam

548 4468 821 4545 Literas
881 4467 1201 4559 Vestras,
1268 4467 1498 4542 medio
1551 4466 1931 4541 eorundem
1999 4467 2443 4542 transmissas
2512 4464 2713 4541 nobis
2782 4465 3284 4564 praesentanda
3335 4464 3681 4542 habuistis
3732 4464 3866 4537 ele-

552 4583 825 4647 menter
871 4572 1265 4665 intellectis,
1336 4575 1702 4646 etiamnum
1772 4573 1986 4667 priori
2053 4569 2395 4666 benignae
2462 4582 2748 4645 nostrae
2815 4573 2890 4643 in
2938 4572 3225 4666 negotio
3297 4569 3614 4645 Banatus
3681 4565 3866 4644 officii

550 4676 784 4750 factae
832 4675 1240 4752 resolutioni
1305 4674 1824 4757 inhaerendum,
1895 4685 1968 4747 et
2019 4684 2530 4771 consequenter
2596 4676 3037 4762 cdlationem
3106 4670 3418 4749 eiusdem
3469 4674 3864 4771 aliquantis-

553 4803 686 4876 per
724 4777 960 4853 'adbuc
1011 4780 1565 4876 suspendendam
1619 4800 1785 4855 esse
1839 4777 2196 4854 duximus:
2301 4777 2701 4854 Fidelitates
2768 4787 3048 4852 vestras
3098 4780 3173 4853 in
3223 4798 3313 4852 eo
3367 4786 3862 4858 succuram

554 4882 873 4980 beneque
926 4883 1013 4957 de
1064 4883 1267 4959 nobis
1322 4906 1605 4981 sperare
1659 4885 2043 4979 cupientes,
2098 4882 2284 4979 quod
2334 4883 2710 4957 rationibus
2765 4884 3022 4957 vestris
3067 4891 3421 4978 maetacto
3471 4883 3553 4956 in
3607 4879 3858 4978 negotio

558 4988 878 5083 allegatis
930 4987 1080 5063 Vos
1132 4988 1361 5085 quoad
1410 4989 1595 5061 idem
1647 4987 1965 5061 Officium
2030 4986 2230 5061 brevi
2280 4996 2568 5083 paterne
2627 4986 3065 5074 declaraturi,
3143 4994 3218 5059 et
3267 4988 3454 5060 circa
3511 4987 3658 5059 alia
3709 5003 3860 5079 quo-

558 5114 697 5186 que
746 5091 1087 5188 postulata
1137 5102 1377 5168 vestra
1430 5092 1774 5186 condigna
1846 5101 1918 5166 et
1968 5100 2351 5188 opportuna
2406 5094 2897 5187 quamprimum
2967 5088 3326 5163 adhibituri
3373 5092 3600 5165 simus
3652 5107 3862 5163 rene-

557 5195 700 5285 dia,
746 5198 843 5269 ita
895 5204 973 5269 ut
1019 5194 1333 5293 publicae
1385 5199 1597 5294 quieti
1647 5205 1719 5270 et
1770 5196 2232 5292 nanquillitati
2277 5194 2680 5291 juribusque
2728 5216 2816 5268 ac
2856 5191 3282 5270 libantibus
3305 5192 3589 5270 Vestris
3641 5190 3868 5267 illibato

554 5298 1086 5390 conservandis,
1153 5310 1442 5397 paterno
1512 5300 1765 5375 affectu
1815 5323 1859 5374 a
1908 5298 2113 5376 nobis
2166 5303 2520 5396 provisum
2570 5320 2735 5375 esse
2786 5306 2984 5372 certo
3036 5300 3508 5394 cognoscatis.
3615 5293 3868 5372 Interim

560 5407 792 5472 autem
843 5400 1011 5473 nulli
1060 5401 1444 5479 dubitamus
1491 5409 1655 5502 quin
1706 5405 2035 5499 exiguam
2085 5404 2266 5478 hanc
2316 5425 2584 5486 moram
2635 5424 2859 5501 aequo
2887 5403 3090 5478 laturi
3139 5405 3291 5480 sitis
3345 5405 3612 5478 auhn.
3661 5397 3872 5474 Graia
