3950 5917
45 819 50 1020 ,
567 1089 578 1111 ‚
1303 1111 1306 1114 Ἴ
1509 947 1941 1102 ¹(31:11.

994 1256 1487 1334 amum.
1544 1259 1658 1330 ase
1721 1256 1836 1329 16.
1894 1197 2184 1350 Aen-ta.
2269 1253 2538 1334 Me.

145 1493 685 1576 vladislaus
743 1494 940 1590 Rex
1001 1508 1326 1577 omnes
1389 1493 1717 1602 Regni
1778 1496 2309 1578 Slavoniae
2370 1493 3185 1597 possessionatos
3245 1489 3414 1570 ho-

45 1725 46 1738 }
143 1641 410 1717 mines
473 1636 594 1717 de
655 1662 895 1741 pace
958 1661 1164 1716 cum
1227 1641 1432 1730 suis
1494 1611 2115 1736 adversariis
2207 1634 2447 1710 inita
2534 1630 2935 1733 edocet,
3022 1652 3412 1733 unaque

45 1741 46 1772 Ν
145 1775 500 1854 eosdem
565 1786 880 1880 rogat,
973 1797 1113 1856 ne·
1162 1774 1271 1855 ab
1335 1773 1896 1856 obedi-entia
1982 1781 2074 1850 et
2134 1747 2173 1847 a
2236 1769 2768 1849 devotion-e
2840 1791 3073 1873 erga
3147 1768 3413 1847 illum

390 1901 397 1908 ’
796 1914 989 1993 alio
1054 1913 1335 1994 flecti
1400 1923 1490 1994 et
1549 1914 1914 2014 moveri
1979 1935 2081 1988 se
2142 1911 2731 2014 permittant.

473 2209 482 2222 ·
605 2259 612 2270 ·
1971 2176 2342 2241 Commi-uio
2380 2178 2650 2258 propria
2696 2173 2957 2237 Domino·
2998 2173 3205 2254 chc‘s.

414 2373 866 2462 wladislaus,
921 2374 1053 2446 Dei
1102 2375 1336 2467 gracia
1387 2372 1546 2445 Rex
1596 2371 1943 2465 Hungarie
1995 2380 2069 2443 et
2117 2369 2444 2444 Bohemie
2499 2380 2631 2443 etc.
2735 2368 3079 2442 Fidelibus
3154 2371 3411 2444 nostris

137 2474 524 2572 lagnificis
573 2477 919 2573 Egregiis
979 2476 1332 2551 Nobilibus
1386 2487 1457 2548 et
1507 2475 1785 2549 alterius
1855 2476 2159 2548 cuiusuis
2225 2483 2442 2548 status
2495 2483 2566 2547 et
2618 2473 3039 2547 condicionis
3109 2494 3411 2568 posses·-

139 2585 389 2655 sionatis
467 2580 858 2658 hominibus
936 2582 1159 2676 Regni
1237 2586 1454 2655 nostri
1531 2578 1899 2653 Sclauonie
1978 2578 2264 2651 salutem
2344 2588 2416 2651 et
2481 2580 2805 2672 graciam.
2914 2574 3269 2650 Credimus
3322 2577 3413 2649 ad

139 2706 310 2759 tures
359 2696 642 2759 vestras
694 2686 811 2759 vel
864 2688 1204 2759 cummuni
1257 2690 1403 2781 ipsa
1457 2683 1636 2756 fama
1693 2687 1827 2755 iam
1881 2681 1993 2756 diu
2043 2685 2470 2782 peruenisse.
2543 2679 2846 2767 Qualiter
2896 2685 3218 2754 miserum
3275 2681 3413 2753 hoc

141 2785 414 2883 Regnum
472 2793 719 2885 partim
773 2789 859 2862 ab
911 2793 1246 2878 externis,
1327 2792 1562 2883 partim
1618 2809 1659 2857 a
1713 2786 2112 2860 domesticis
2163 2785 2472 2860 hostibus
2526 2790 2659 2858 iam
2711 2785 3011 2878 Vndique
3061 2805 3284 2879 vsque
3337 2787 3410 2857 in

138 2889 286 2964 diem
316 2892 724 2968 hodiernum
767 2903 1130 2967 vexatum-
1125 2891 1612 2988 direptumque
1654 2894 1765 2982 sit,
1819 2901 1890 2964 et
1920 2887 2228 2985 qualibus
2275 2888 2752 2964 hostilitatibus
2802 2888 3156 2974 refertum„
3208 2889 3413 2962 siml

137 2997 192 3066 in
234 3019 357 3092 quo
403 2998 721 3093 periculo
791 3019 1011 3093 vsque
1063 3001 1131 3069 in
1181 2997 1361 3070 diem
1421 3003 1815 3093 presentem
1892 2995 2205 3089 positum.
2313 2993 2499 3066 Sane
2574 2996 2855 3088 insuper
2932 2994 3411 3085 cognouimus,

140 3112 273 3192 quot
319 3105 616 3174 miseras
671 3110 741 3173 et
790 3100 1107 3175 crudeles
1161 3104 1617 3188 vexaciones‚
1672 3107 1918 3194 quauta
1972 3096 2266 3193 denique
2317 3095 2658 3182 incendia,
2722 3096 2939 3190 spolia
2993 3105 3064 3169 et
3117 3095 3411 3191 dampna

138 3199 206 3271 ab
265 3204 572 3279 hostibus
642 3226 774 3279 vos
845 3227 1114 3301 quoque
1185 3209 1438 3276 misere
1509 3204 1933 3297 suscepistis‚
2016 3211 2087 3271 et
2146 3199 2385 3296 quibus
2454 3199 2676 3273 adhuc
2744 3199 3144 3294 diripiamini
3223 3222 3410 3295 quo-

136 3304 267 3378 &lie
333 3308 674 3383 incendiis
746 3332 831 3381 ac
881 3311 1153 3403 rapinis.
1262 3308 1384 3380 Cui
1437 3311 1539 3380 rei
1590 3308 1920 3380 hactenus
1991 3314 2179 3377 certe
2251 3308 2433 3376 omni
2483 3307 2597 3375 via
2654 3313 2720 3376 et
2774 3303 2979 3375 modo
3051 3305 3410 3374 occurris-

138 3429 359 3500 semus,
440 3434 581 3486 nec
635 3436 675 3483 a
726 3410 914 3485 rabie
965 3413 1232 3485 illorum
1302 3412 1597 3484 hostium
1667 3419 1802 3482 tam
1869 3407 2234 3482 crudeliter
2300 3430 2434 3479 vos
2489 3407 2685 3502 diripi
2750 3409 2939 3503 passi
3009 3404 3409 3492 fuissemus..

136 3517 244 3586 nisi
289 3517 369 3588 ab
403 3517 875 3592 Illustrissimo
921 3515 1198 3590 domino
1230 3514 1517 3590 Alherto
1553 3514 1773 3601 Duce,
1825 3511 2040 3586 fratre
2090 3521 2329 3586 nostro
2384 3510 2813 3600 charissimo,
2867 3519 3099 3605 preter
3134 3529 3405 3580 omnem

138 3622 489 3711 opinionem
551 3630 622 3692 et
672 3623 1276 3715 exspectacionem
1330 3630 1633 3691 nostram
1706 3617 2252 3712 impedimentum
2322 3613 2822 3702 habuissemus,
2895 3623 3135 3686 contra
3205 3633 3406 3707 quem

133 3725 287 3810 prius
338 3724 541 3798 uobis
596 3724 817 3797 multis
868 3746 963 3796 ex
1017 3726 1245 3800 causis
1298 3722 1806 3818 procedendum
1854 3720 2445 3813 resistendumque
2479 3716 2623 3790 fuit.
2715 3717 2856 3789 Sed
2894 3719 3152 3803 sciatis,
3205 3725 3411 3811 provt

134 3824 397 3951 alioquin
449 3849 592 3900 vos
645 3832 777 3901 iam
832 3829 948 3900 vel
999 3849 1277 3902 rumore
1327 3830 1575 3899 nuncio
1630 3826 1877 3899 dudum
1930 3821 2272 3899 credimus
2325 3823 2776 3905 intellexisse
2849 3821 3029 3915 quod
3082 3841 3213 3892 nos
3265 3829 3407 3892 tam

135 3949 259 4000 eum
319 3937 468 4028 ipso
528 3933 803 4006 domino
883 3932 1171 4004 Alberto
1249 3929 1471 4017 Duce
1545 3951 1744 4024 quam
1816 3933 2018 4001 etiam
2090 3951 2243 4004 cum
2316 3926 2673 4000 Maiestate
2753 3925 3005 3998 domini
3063 3924 3406 3999 Genitoris

133 4040 320 4107 nostri
387 4033 607 4129 Regis
681 4036 966 4108 Polonie
1033 4057 1269 4130 pacem
1335 4043 1730 4130 perpetuam
1801 4036 2185 4128 pepigimus
2235 4042 2304 4102 et
2356 4040 2584 4125 partes
2655 4032 2806 4102 illas
2876 4032 3287 4125 superiores
3321 4026 3407 4100 ab

133 4135 222 4206 ina
272 4138 672 4229 hostilitate
728 4162 880 4214 cum
925 4140 1066 4212 Dei
1118 4140 1400 4230 auxilio,
1473 4136 1974 4220 eliberauimus.
2051 4146 2253 4231 atque
2324 4137 2601 4231 insuper
2668 4139 2847 4207 inter
2896 4133 3028 4206 hec
3070 4136 3199 4204 tria
3250 4117 3408 4204 Re-

45 4241 48 4364 ,
132 4261 268 4329 gua,-
333 4245 662 4320 videlicet
729 4244 1172 4340 Hungariam
1226 4241 1622 4315 Bohemiam
1677 4251 1746 4313 et
1798 4240 2177 4326 Poloniam
2245 4237 2495 4313 foedus
2566 4247 2873 4310 eternum
2943 4239 3405 4333 percussimus

133 4352 189 4412 et
246 4337 756 4444 sempiternam·
803 4345 1452 4420 confederacionem
1532 4345 1841 4418 fecimus.
1950 4343 2209 4431 Quibus
2279 4341 2486 4415 rebus
2556 4343 2869 4430 efficitur
2948 4350 3026 4414 vt
3090 4343 3227 4414 iam
3278 4362 3404 4435 pro

131 4450 356 4522 auxilio
409 4451 683 4526 facilius
736 4453 938 4525 vobis
993 4474 1078 4546 qu
1223 4474 1264 4523 e
1319 4460 1387 4522 et
1441 4453 1690 4522 ceteris
1743 4448 2043 4545 partibus
2114 4446 2338 4541 Regni
2410 4467 2814 4518 succurrere
2882 4443 3209 4539 deinceps
3263 4466 3405 4540 po-

129 4555 399 4628 terimus.
511 4556 683 4631 Nam
753 4554 1016 4652 prefata
1083 4473 1419 4628 ffiestas
1487 4554 1742 4627 domini
1811 4556 2141 4645 genitoris
2219 4555 2433 4624 nostri
2496 4560 2632 4622 tum
2708 4572 2799 4621 ex
2868 4551 2941 4621 vi
3019 4547 3405 4621 huiusmodi

129 4653 402 4731 foederis
458 4670 529 4731 et
562 4659 1039 4754 obligacionis
1095 4670 1232 4731 tum
1271 4680 1442 4730 vero
1499 4659 1648 4731 aliis
1705 4658 1927 4729 multis
1979 4656 2179 4730 bonis
2234 4678 2327 4727 ex
2379 4658 2607 4727 causis
2660 4652 2860 4726 nobis
2915 4663 2985 4725 et
3037 4653 3192 4725 huic
3244 4652 3401 4724 Re-

129 4779 243 4848 gno
293 4773 529 4836 contra
612 4767 896 4857 quosuis
929 4763 1188 4836 hostes
1241 4785 1515 4858 semper
1565 4766 1632 4838 in
1697 4771 2043 4858 posterum
2124 4762 2519 4834 necessaria
2603 4758 2852 4830 auxilia
2926 4760 3192 4828 mittere
3264 4755 3401 4828 de-

129 4861 326 4940 bebit:
405 4871 694 4963 sicque
679 4868 878 4941 unde
931 4872 1120 4963 prius
1168 4853 1676 4962 oppugnatores
1730 4863 2172 4951 habebamus
2244 4867 2378 4935 iam
2431 4862 2591 4935 inde
2646 4862 3086 4934 auxiliatores
3142 4870 3211 4933 et
3266 4857 3402 4932 de—

131 4965 419 5050 fensores
477 4972 891 5048 habebimus.
983 4973 1144 5046 Sitis
1197 4976 1424 5067 itaque
1478 4969 1640 5044 honi
1693 4980 1763 5040 et
1815 4971 2189 5040 constantis
2242 4968 2472 5057 animi„
2526 4989 2658 5037 nec
2712 4963 2799 5036 ob
2855 4974 3212 5060 presentes
3268 4986 3400 5034 ca-

130 5069 466 5157 imitatas-2
515 5099 688 5172 quas
740 5076 1018 5152 assiduo
1068 5081 1208 5172 pati
1256 5098 1391 5149 vos
1443 5075 1903 5168 intelligimus,
1958 5094 1999 5142 a
2053 5080 2287 5144 nostra
2343 5069 2745 5142 obediencia
2800 5078 2870 5141 et
2921 5092 2961 5140 a
3016 5068 3402 5141 deuocione

131 5173 300 5253 hius
349 5181 567 5253 Sacro
621 5179 923 5268 Corone,
977 5181 1631 5274 ad·sug'gestionem
1687 5187 1756 5248 et
1808 5178 2149 5248 sinistram
2214 5173 2773 5247 exhortacionem
2828 5172 3231 5266 aliquorum„
3287 5175 3401 5265 qui

137 5297 248 5360 *⁰2
293 5286 670 5374 stimulant,-
723 5285 859 5360 alio
931 5284 1114 5357 flecti
1165 5294 1236 5357 et
1285 5284 1548 5357 moueri
1617 5279 1952 5370 debeatis„
2024 5288 2227 5374 atque
2286 5300 2419 5351 vos
2473 5277 2713 5352 seduci
2761 5278 3203 5373 permittatis3
3273 5274 3401 5349 sed

135 5387 665 5475 quenadmodum
739 5389 912 5464 diuis
966 5388 1258 5462 condam
1337 5384 1665 5482 Regibus,
1744 5388 1998 5458 nostris
2077 5382 2342 5458 scilicet
2415 5380 3063 5559 Ριοᾶθοοεεοᾶἒξιὲιε,
3140 5399 3277 5453 vos
3327 5388 3400 5452 et
